2028 3268
129 285 183 327 19

587 286 731 324 LIBRI
763 285 796 323 1.
854 280 1114 322 EPISTOLA
1156 281 1208 319 ΙΙ.

1596 275 1679 318 125

192 400 343 461 Fingit
371 413 523 460 equum
555 405 707 446 tenera
740 399 921 447 docilem
957 398 1124 444 cervice
1161 395 1373 457 magister

196 481 268 525 Ire
303 482 441 541 viam,
481 495 562 540 qua
602 485 812 528 monstret
850 493 997 540 eques.

128 683 242 715 torum
273 680 442 715 librorum
473 682 777 728 interpunctione:
814 683 878 717 Ira

122 739 157 782 f.
186 738 221 772 b.
255 743 327 784 est,
355 750 417 774 an.
452 751 562 785 rege.-
608 740 672 785 qui
695 751 734 774 n.
755 745 876 787 pa'ret,

128 796 308 842 Imperat.-
343 797 442 831 hune
478 804 546 833 etc.
595 799 710 840 Quam
734 800 779 833 ob
803 810 875 833 rem

126 854 206 900 ipse
232 854 285 889 sic
302 855 427 902 reponi
448 857 572 900 Jubet:
610 855 672 888 Ira
689 857 726 899 f.
751 855 786 888 b.
813 860 878 899 est,

129 924 166 947 α.
199 924 300 959 rege.
362 913 434 957 Qui
462 924 502 947 n.
533 918 660 959 paret,
693 913 878 958 Imperat3

129 971 227 1005 hunc
258 977 328 1006 etc.
375 971 423 1006 At
452 971 520 1005 hoc
543 971 620 1005 loco
643 982 713 1005 non
735 971 878 1005 multum

127 1028 303 1064 interesse
322 1029 482 1074 equidem
499 1029 720 1063 crediderim.
747 1029 880 1063 Contra

128 1086 377 1132 interpretatio
394 1086 472 1132 ipsa
488 1091 660 1130 mutatur,
689 1086 733 1129 si,
758 1091 798 1121 ut
815 1087 837 1121 J
839 1098 878 1120 a-

129 1143 221 1190 nius,
244 1150 326 1190 post
353 1154 452 1178 mens
475 1156 513 1178 v.
538 1144 596 1178 60.
627 1144 820 1178 semicolon
844 1148 880 1178 et

126 1207 211 1248 post
236 1202 350 1236 brevis
366 1207 419 1236 est
440 1208 608 1248 punctum
629 1202 803 1247 posueris,
826 1202 879 1236 ita

128 1265 170 1294 ut
198 1259 266 1294 Vir
297 1260 358 1294 ille·
386 1259 594 1306 particulam
626 1265 661 1293 et
691 1260 749 1294 vel
780 1270 879 1303 nam,

128 1329 221 1362 quae
236 1320 366 1353 verba:
394 1317 495 1351 Dum
506 1337 554 1342 —
569 1317 700 1362 inulto,
717 1316 880 1363 planiora

131 1373 310 1420 efficeret,
344 1374 560 1410 intellexisse
584 1375 684 1409 visus
707 1375 769 1410 sit.
818 1374 879 1408 Si-

129 1432 260 1467 militer
282 1433 396 1468 locum
419 1433 628 1468 distinxisse
650 1431 792 1466 videtur
806 1431 878 1465 Ca-

128 1490 314 1535 merarius,
338 1495 462 1537 utpote
485 1490 558 1535 qui,
583 1495 674 1523 teste
690 1490 878 1524 Bersman-

128 1558 196 1592 no,
221 1548 310 1582 haec
331 1550 442 1583 verba
472 1549 524 1582 ita
547 1551 789 1582 construeret:
814 1547 878 1590 Et,

129 1606 216 1640 dum
240 1617 339 1640 mens
361 1607 519 1651 festinat
545 1617 683 1651 peenas
713 1615 779 1650 per
808 1605 879 1638 vim

129 1664 189 1698 od.
214 1663 352 1708 inulto,
383 1665 442 1699 ira
470 1671 522 1699 est
540 1667 654 1710 furor
684 1663 811 1696 brevis.
831 1682 879 1688 —

129 1722 278 1757 catenis.
322 1722 412 1756 Mss.
438 1726 535 1767 quat.
561 1734 619 1768 ap.
645 1721 781 1755 Bersm.
803 1726 878 1755 tres

129 1791 189 1826 ap.
214 1780 337 1814 Comb.
363 1779 405 1813 B.
431 1779 478 1814 F.
497 1779 546 1813 G.
572 1779 657 1824 aliq.
684 1791 742 1825 ap.
766 1779 878 1823 Cruq.

127 1837 251 1874 Jaec‘k.
269 1838 303 1872 4.
321 1837 356 1872 5.
381 1837 495 1872 Dorv.
523 1839 556 1872 1.
582 1838 755 1872 cathenis.
789 1837 878 1871 Mss.

130 1895 252 1931 Guelf.
282 1896 316 1931 1.
339 1896 373 1929 2.
409 1895 477 1929 Bn.
507 1895 555 1928 E.
580 1896 608 1930 f.
637 1896 684 1929 G.
710 1895 812 1929 Gott.
844 1895 878 1928 2.

130 1954 298 1988 cathena.
332 1953 395 1987 Sic
416 1963 498 1987 mss.
515 1954 583 1988 Bn.
599 1953 646 1986 D.
666 1953 711 1985 1⁴¹.
740 1958 777 1986 et
798 1951 877 1985 edd.

129 2016 219 2046 vett.
258 2011 318 2045 cf.
353 2010 522 2044 Schneid.
556 2010 697 2045 Elmtrl.
732 2022 770 2056 Ρ.
795 2011 878 2044 210.

132 2069 205 2110 Qui
225 2068 400 2103 Pluralem
431 2069 665 2114 scripserunt,
702 2069 747 2102 ob
771 2079 876 2101 mem—

130 2129 273 2162 brorum
296 2125 567 2160 concinnitatem
600 2126 637 2160 id
667 2125 794 2159 fecisse
822 2125 878 2158 vi-

131 2186 282 2226 dentur3
305 2184 369 2218 sed
388 2183 498 2217 Poeta
523 2183 627 2217 etiam
651 2183 737 2216 alibi
759 2183 879 2217 varie-

131 2242 216 2278 tatis
243 2241 380 2276 numeri
405 2241 662 2275 amantissimus
691 2246 758 2274 est.
797 2240 880 2274 Vid.

130 2300 248 2336 Bentl.
274 2299 318 2334 ad
345 2299 415 2332 Od.
440 2298 474 2342 4,
491 2298 526 2342 4,
547 2299 605 2332 60.

177 2381 225 2415 V.
261 2381 319 2415 64.
380 2378 555 2424 Frangit.
613 2378 680 2412 Bn.
718 2378 746 2412 f.
771 2377 879 2423 figit.

130 2440 199 2475 Bn.
217 2439 260 2473 A.
278 2437 340 2471 Sic
347 2437 548 2483 frangitur
564 2440 600 2470 et
607 2436 774 2480 fingitur
786 2441 880 2469 c'om·

131 2502 311 2532 mutantur
335 2495 405 2529 Od.
430 2496 464 2539 3,
483 2496 516 2539 6,
533 2495 591 2530 22.
627 2499 662 2527 et
677 2493 821 2526 Petron.
848 2497 880 2526 c'.

133 2555 215 2590 128.
246 2553 334 2598 ibiq.
357 2553 477 2587 Burm.
502 2571 551 2577 —
574 2552 721 2585 docilem
743 2556 880 2585 tenera.

132 2611 204 2646 Ms.
220 2611 318 2644 Fene
333 2611 368 2655 2,
386 2610 411 2644 i.
435 2610 503 2644 Bn.
520 2611 547 2644 f.
579 2610 662 2644 Non
685 2609 776 2643 male
802 2609 881 2654 qui-

133 2669 232 2712 dem,
255 2673 421 2713 receptus
443 2672 559 2702 tamen
582 2669 769 2702 verborum
794 2666 881 2701 ordo

133 2725 342 2771 elegantior,
377 2730 569 2771 propterea
591 2726 686 2770 quod
710 2725 881 2759 Horatius

134 2782 320 2829 Adjectiva
361 2782 430 2816 duo
469 2783 606 2817 duobus
639 2782 882 2817 substantivis

134 2841 186 2877 ita
205 2843 355 2886 jungere
378 2839 490 2882 solet,
516 2843 555 2873 ut
573 2851 593 2873 a
608 2841 682 2874 suis
707 2841 880 2874 Substan—

134 2899 221 2935 tivis
237 2903 400 2944 separata
415 2896 500 2930 sint.
533 2896 592 2930 Cf.
603 2897 723 2943 Epist.
740 2899 774 2942 3,
792 2898 826 2933 4.
846 2898 879 2941 5,

135 2958 194 2992 29.
217 2957 252 3000 7,
278 2955 335 2991 65.
364 2955 418 2996 16,
442 2955 478 2989 8.
506 2955 539 2998 2,
557 2956 590 2998 2,
607 2955 665 2990 74.
698 2956 775 2990 Sat.
798 2958 827 3000 1,
844 2957 878 2999 5,

135 3012 194 3047 61.
218 3015 253 3056 ρ,
270 3014 310 3069 ,9,
341 3012 419 3046 135.
451 3011 521 3045 od.
550 3015 588 3056 1,
613 3013 678 3057 31,
703 3013 736 3048 5.
760 3014 796 3056 2,
824 3015 878 3054 12,

1066 477 1327 537 Venaticus,
1368 488 1425 520 ex
1459 488 1541 536 quo
1624 476 1679 520 65

935 683 968 717 1.
997 680 1055 716 13.
1082 679 1137 724 14,
1164 679 1220 714 14.
1245 679 1282 723 3,
1306 678 1340 723 6,
1367 677 1404 712 4.
1451 675 1573 711 Simile
1595 676 1684 722 quid

933 739 1171 774 observarunt
1181 735 1325 771 Cottius
1343 731 1387 769 ad
1403 733 1538 769 Lucan.
1552 735 1586 780 7,
1599 735 1681 770 770.

934 796 1083 830 Weber.
1102 794 1146 829 ad
1170 793 1275 829 eund.
1292 793 1342 827 Π.
1360 805 1398 839 Ρ.
1413 790 1494 827 404.
1519 796 1556 827 et
1570 790 1681 826 Bach.

935 852 981 888 ad
1005 853 1090 888 Tib.
1115 865 1152 899 p.
1178 850 1283 886 XIX.

978 933 1025 968 V.
1050 932 1107 967 65.
1158 943 1246 976 qua.
1305 930 1393 965 Mss.
1430 929 1542 976 Cruq.
1575 929 1612 965 3.
1645 931 1682 966 6.

935 1002 997 1024 sex
1015 1002 1074 1036 ap.
1093 990 1201 1024 Torr.
1222 999 1280 1023 un.
1300 1000 1358 1034 ap.
1376 987 1492 1022 Bentl.
1506 989 1541 1022 8.
1559 987 1683 1022 Comb.

935 1049 979 1083 A.
996 1048 1041 1082 B.
1060 1048 1103 1082 C.
1122 1047 1201 1091 alii,
1227 1051 1266 1080 ut
1285 1046 1463 1090 videntur,
1481 1057 1539 1091 ap.
1557 1045 1682 1080 Jaeck.

937 1116 1022 1150 quo.
1070 1104 1141 1139 Ms.
1173 1103 1297 1139 Jaeck.
1333 1103 1367 1137 5.
1409 1114 1456 1129 -‘-‘-
1497 1108 1683 1138 monstret.

935 1161 1148 1197 Mss.Pulm.
1176 1163 1208 1196 1.
1235 1163 1269 1196 2.
1295 1161 1330 1196 3.
1356 1159 1390 1195 4.
1417 1161 1473 1196 10.
1513 1160 1630 1195 Bentl.
1649 1162 1683 1198 1.

935 1219 970 1255 4.
998 1220 1032 1254 6.
1058 1224 1095 1254 et
1118 1219 1163 1253 al.
1189 1231 1246 1265 ap.
1271 1218 1376 1253 eund.
1400 1217 1493 1263 pqu.
1512 1229 1569 1264 ap.
1587 1217 1684 1252 Pott.

935 1289 1041 1321 omn„
1066 1282 1104 1311 ut
1119 1277 1295 1321 videntur,
1320 1287 1376 1322 ap.
1395 1276 1520 1310 Comb.
1536 1275 1634 1309 Fene
1651 1276 1684 1320 1,

935 1347 969 1370 a.
995 1337 1031 1380 2,
1056 1335 1092 1369 h.
1111 1334 1156 1369 al.
1179 1346 1238 1380 ap.
1260 1334 1382 1369 Jaeck.
1406 1333 1474 1367 Bn.
1492 1333 1534 1367 A.
1560 1333 1684 1368 Guelf.

933 1391 970 1429 2.
995 1393 1030 1428 3.
1054 1393 1089 1428 4.
1121 1393 1234 1427 Dorv.
1254 1393 1286 1426 1.
1318 1391 1467 1426 Mentel.
1493 1402 1567 1435 qua
1583 1401 1685 1425 mon-

935 1455 1037 1485 stret.
1077 1450 1149 1484 Ms.
1175 1461 1235 1484 un.
1261 1449 1479 1492 Bersmanni,
1499 1449 1542 1484 C.
1560 1449 1606 1483 D.
1624 1461 1684 1495 ap.

936 1508 1059 1542 Oberl.
1085 1508 1277 1553 (quatenus
1301 1507 1360 1541 ille
1379 1507 1423 1541 de
1438 1518 1516 1546 var.
1534 1518 1604 1541 scr.
1628 1511 1686 1542 taz

936 1566 1010 1611 cet)
1033 1565 1131 1600 Feae
1158 1566 1192 1609 2,
1218 1577 1251 1599 e.
1289 1566 1330 1610 (a
1348 1566 1380 1599 1.
1399 1567 1462 1609 m.)
1492 1566 1525 1609 7,
1544 1576 1577 1599 a.
1605 1564 1683 1598 Ho-

936 1623 1038 1657 ched.
1061 1624 1099 1657 b.
1147 1622 1270 1657 Guelf.
1303 1623 1336 1657 1.
1378 1622 1481 1656 Gott.
1513 1623 1548 1657 2.
1590 1619 1684 1655 Edd.

935 1681 1040 1716 Baxt.
1080 1681 1197 1715 Bentl.
1237 1679 1300 1725 qui
1338 1679 1480 1714 defend.
1513 1687 1686 1725 quemque

935 1748 1010 1784 seq.
1040 1738 1180 1784 plurim.
1206 1742 1356 1772 recentt.
1397 1748 1471 1782 qua
1495 1742 1686 1772 monstrat·

935 1798 1023 1832 Mss.
1037 1797 1198 1831 Hoc'hed.
1213 1809 1244 1830 c.
1263 1796 1288 1830 i.
1313 1795 1408 1830 Edd.
1424 1795 1535 1841 Cruq.
1552 1795 1685 1830 Sandb.

934 1854 1050 1888 Paris.
1086 1853 1166 1889 752.
1215 1854 1324 1889 Bask.
1362 1854 1475 1888 Daru.
1520 1852 1685 1886 Achaint.

937 1924 1046 1958 quam
1086 1918 1269 1947 monstret.
1332 1912 1430 1946 Inter
1477 1910 1564 1945 alios
1605 1921 1686 1945 mss.

934 1971 1025 2005 Bad.
1047 1973 1079 2006 1.
1099 1971 1201 2005 Gott.
1221 1973 1254 2006 1.
1282 1970 1383 2016 Lips.
1405 1970 1437 2004 1.
1456 1970 1493 2015 (e
1507 1968 1686 2015 superse.)

935 2030 1072 2063 Graev.
1113 2028 1209 2062 Edd.
1227 2027 1341 2061 Bond.
1366 2026 1481 2061 Lond.
1504 2025 1584 2061 652.
1610 2026 1678 2058 Va-

932 2086 1016 2120 lart.
1051 2098 1161 2130 quam
1191 2090 1382 2119 monstrat.
1430 2084 1519 2118 Mss.
1546 2087 1582 2116 et
1605 2081 1685 2116 edd.

935 2143 1048 2188 vulg„
1076 2144 1179 2177 etiam
1195 2143 1283 2176 Dae.
1307 2143 1388 2176 Jon.
1406 2142 1623 2186 Campenon.
1638 2150 1687 2164 —·-

937 2213 1082 2244 aeques.
1131 2201 1194 2237 Sic
1225 2211 1306 2233 mss.
1338 2199 1439 2244 Lips.
1473 2199 1507 2233 2.
1540 2198 1576 2232 3.
1630 2197 1686 2231 De

938 2258 1005 2294 hac
1042 2257 1218 2302 similique
1259 2256 1438 2292 scribendi
1477 2255 1615 2289 ratione
1647 2255 1684 2289 in

938 2326 1021 2349 mss.
1062 2314 1308 2348 vetustissimis
1347 2318 1488 2357 reperta
1526 2311 1599 2345 vid.
1635 2312 1684 2346 G.

938 2372 1089 2407 Haenel.
1136 2372 1180 2409 ad
1218 2372 1338 2417 Antiq.
1385 2366 1557 2403 Summar.
1606 2368 1684 2403 cod.

937 2430 1072 2464 Theos.
1091 2429 1190 2475 Lips.
1215 2427 1315 2463 1834.
1332 2441 1369 2474 p.
1386 2426 1471 2459 XII.
1519 2426 1684 2461 ceterum

937 2498 1039 2535 quam
1065 2499 1173 2532 saepe
1196 2485 1333 2520 librarii
1355 2483 1527 2519 vocabula
1550 2494 1625 2528 qua
1647 2490 1686 2518 et

940 2558 1049 2591 quam
1078 2542 1322 2585 confuderint,
1362 2541 1522 2587 pluribus
1557 2541 1685 2576 docent

937 2603 1048 2638 Drak.
1074 2603 1117 2637 ad
1140 2601 1222 2639 Liv.
1250 2601 1283 2644 6,
1300 2598 1356 2643 35,
1381 2599 1416 2634 9.
1447 2598 1613 2633 Hauthal.
1640 2599 1684 2633 ad

939 2663 1042 2696 Pers.
1066 2661 1100 2705 3,
1118 2660 1175 2694 68.
1210 2661 1246 2691 et
1267 2657 1383 2692 Kritz.
1408 2656 1451 2690 ad
1476 2651 1621 2691 Sallust.
1647 2657 1683 2692 J.

941 2721 1003 2763 18,
1028 2720 1062 2754 2.
1111 2715 1295 2761 Exemplis
1329 2715 1374 2749 de
1399 2714 1595 2749 adverbiali
1617 2727 1677 2749 vo-

939 2776 1040 2811 culae
1081 2786 1155 2819 qua
1200 2784 1266 2808 usu
1298 2784 1321 2808 a
1360 2772 1521 2818 Bentlejo
1567 2772 1684 2807 allatis

938 2834 1027 2869 adde
1050 2832 1166 2866 Kritz.
1200 2831 1244 2865 ad
1277 2826 1423 2865 Sallust.
1449 2831 1531 2865 Cat.
1559 2831 1620 2876 57,
1646 2831 1680 2865 3.

938 2896 974 2926 et
996 2890 1166 2924 Diintzer.
1191 2888 1228 2923 in
1253 2888 1407 2924 Seebod.
1436 2893 1472 2924 et
1493 2890 1596 2924 Jahn.
1613 2890 1677 2924 Ar-

936 2949 1030 2983 chiv.
1059 2948 1159 2982 1836.
1183 2946 1236 2980 IV
1238 2970 1248 2980 .
1272 2946 1307 2981 4.
1330 2959 1367 2993 p.
1387 2948 1469 2982 600.
1516 2949 1596 2982 Hoc
1619 2954 1684 2982 aua'

934 3015 1003 3042 tem
1021 3011 1098 3039 erat
1115 3004 1379 3047 observandum,
1402 3015 1476 3048 qua
1493 3012 1569 3040 c'um
1587 3007 1685 3040 con,

1190 3050 1245 3090 9.
1304 3053 1400 3106 (2.)
