2054 3268
265 279 638 319 COMMENTARH
666 280 722 317 IN
748 278 970 317 HORATII
999 278 1174 318 EPIST.
1206 281 1351 319 PRIM.
1381 281 1482 319 LIB.
1515 283 1548 320 1.
1634 278 1688 321 35

137 401 195 432 est
217 395 318 432 satis
338 394 450 432 utili-s
471 394 622 441 armis,
652 394 778 431 Ponit
804 393 862 431 ad
876 394 1090 445 antiquos,
1121 408 1226 445 quae
1255 394 1350 432 tulit
1376 407 1519 441 arma,
1542 394 1685 433 Lares.

135 463 205 501 Sic
221 464 349 515 igitur
367 461 487 499 tarda
507 464 611 500 vires
637 463 837 499 minzaente
853 469 1009 499 senecta
1019 490 1036 509 ,
1067 463 1142 499 Me
1162 476 1316 515 quoque
1341 463 1486 500 donari
1498 465 1597 511 jam
1618 477 1690 501 ru·-

135 529 211 575 de,
241 537 396 580 tempus
423 538 520 568 erat.
583 531 686 583 (Quo
704 531 747 568 iu
763 530 854 568 loco
879 531 966 568 noli
990 537 1147 569 mutare
1173 538 1211 568 et
1228 531 1379 568 multas
1399 532 1443 568 in
1475 539 1512 568 et
1538 538 1688 570 nutans

135 611 227 636 cum
250 599 481 637 But-manno
512 597 564 636 ad
583 597 740 638 Lotich.
775 611 818 650 Ρ.
837 597 936 639 345.
959 599 1078 652 695.)
1113 622 1170 628 -—
1228 600 1404 652 Cruquio
1438 599 1562 637 etiam
1587 597 1689 637 haec

134 665 377 716 similitudo,
405 674 452 705 ut
466 681 532 721 vy.
550 666 593 708 4.
616 667 671 717 5.,
702 665 753 706 ad
771 679 950 714 amores,
981 667 1026 704 in
1049 669 1195 720 quibus
1218 670 1306 707 seui
1337 666 1501 722 quidem
1520 681 1686 720 peccare

135 741 176 773 et
197 735 316 773 facile
335 736 388 774 sit
410 743 450 774 et
465 743 603 790 turpe,
632 737 830 790 pertinere
848 733 1029 784 videtur,
1061 742 1101 773 et
1118 737 1250 776 Minos
1268 736 1327 790 (p.
1348 738 1445 779 166.
1466 735 1531 775 ed.
1557 733 1686 789 1584)

133 804 201 842 vel
221 802 322 842 adeo
355 802 422 842 hic
450 806 725 854 remotiorem,
753 804 864 855 cujus
891 803 1108 856 explicatio
1140 817 1163 842 a
1187 806 1310 844 verbo
1342 805 1588 857 ἰππομανεῖν
1612 818 1688 857 pe-

133 871 256 910 tenda
275 874 345 922 sit,
374 875 496 911 sentit
529 887 706 912 sensum.
764 874 819 910 At
851 878 944 911 sunt
974 873 1096 910 etiam
1124 874 1169 910 in
1198 874 1563 924 comparationibus
1586 886 1687 911 eno-

138 940 283 980 dandis
319 943 416 979 certi
455 941 554 980 fines
573 971 583 990 ,
632 942 738 980 ultra
779 953 880 993 quos
917 953 1057 992 sapere
1085 953 1205 979 omne
1241 939 1385 979 delirat
1426 943 1689 994 interpretum

135 1022 319 1048 acumen.
384 1010 590 1057 Quomodo
616 1011 660 1048 in
691 1007 812 1060 hujus
840 1022 944 1048 vers.
977 1010 1099 1047 verba
1131 1017 1426 1048 commentatus
1454 1013 1507 1050 sit
1531 1009 1688 1049 Nader-

134 1091 306 1117 mannus
322 1080 365 1116 in
396 1079 658 1119 Commentar.
687 1080 732 1116 in
749 1079 900 1115 Horat.
921 1079 1116 1116 Miinster.
1139 1077 1271 1128 1835,
1296 1076 1418 1116 hodie
1440 1080 1598 1131 ignoro.

246 1149 295 1186 V.
317 1147 384 1188 10.
442 1146 570 1186 Valde
598 1145 666 1184 hic
695 1146 935 1185 dissentiunt
967 1147 1206 1199 interpretes
1242 1146 1293 1185 de
1319 1148 1545 1199 significatu
1563 1161 1685 1187 voca-

133 1216 219 1254 buli
241 1229 391 1254 versuS.
453 1216 557 1254 Sunt
578 1217 647 1269 qui
675 1228 748 1267 per
773 1229 908 1253 versus
942 1222 981 1253 et
1011 1216 1169 1254 ludicra
1201 1217 1336 1255 omnia
1362 1216 1487 1270 lyrica
1515 1215 1683 1254 indicari

131 1291 296 1338 putent,
311 1290 405 1323 sunt
427 1284 568 1332 etiam,
597 1277 668 1336 qui
691 1297 828 1321 versus
846 1284 1075 1335 intelligant
1096 1285 1203 1323 solos
1222 1286 1438 1323 amatorios
1459 1291 1499 1322 et
1527 1285 1684 1323 ludicra

128 1355 238 1404 jocos
252 1384 262 1403 ,
290 1353 473 1391 convivia
495 1359 535 1390 et
554 1350 598 1390 id
618 1365 746 1403 genus
765 1352 865 1400 alia,
897 1359 990 1390 sunt
1013 1350 1208 1406 denique,
1234 1353 1305 1405 qui
1326 1366 1465 1391 versus
1484 1354 1683 1406 interpre-

132 1428 269 1460 tentur
290 1422 438 1475 lyricos
458 1426 498 1458 et
524 1420 683 1458 ludicra
701 1421 867 1458 satiras.
927 1421 996 1459 Sic
1016 1421 1238 1470 Gesnerus,
1269 1422 1353 1460 Sat.
1389 1422 1425 1470 1,
1456 1419 1496 1470 4,
1523 1422 1618 1463 139.
1646 1430 1686 1461 et

134 1490 200 1538 10,
222 1490 292 1530 37.
324 1488 507 1527 afferens.
575 1487 691 1526 Idem
717 1488 802 1526 fere
835 1490 956 1527 sentit
991 1490 1172 1527 Klotzius
1197 1491 1240 1527 in
1262 1491 1390 1528 Lectt.
1424 1491 1523 1530 Ven.
1547 1503 1590 1541 p.
1612 1489 1682 1530 28.

132 1558 307 1597 Suorum
332 1559 419 1610 ipse
438 1557 651 1596 verborum
682 1559 857 1609 optimus
888 1559 1086 1610 interpres
1117 1564 1177 1596 est
1201 1560 1390 1596 Horatius
1414 1559 1544 1610 Epist.
1571 1560 1613 1607 2,
1642 1560 1683 1608 2,

133 1623 371 1667 141-144.
395 1633 435 1664 et
453 1626 636 1668 55—57.
696 1626 758 1664 Cf.
778 1625 852 1670 Qd.
873 1626 913 1676 3,
938 1627 1008 1667 26.
1029 1624 1069 1674 4,
1098 1628 1135 1667 1.
1163 1627 1294 1678 Epist.
1312 1628 1349 1675 1,
1371 1625 1436 1676 14,
1455 1627 1527 1668 36.
1585 1627 1683 1666 Vult

131 1695 261 1743 enim,
295 1701 342 1732 ut
359 1701 448 1732 utar
474 1694 607 1732 verbis
625 1694 813 1732 Lambini
831 1693 897 1732 hic
914 1708 1000 1732 rem
1026 1708 1100 1732 acu
1119 1696 1344 1747 tangentis,
1374 1696 1569 1744 „omnino
1588 1708 1682 1733 ver-

130 1775 248 1801 suum
279 1761 557 1801 faciendorum
593 1762 716 1800 finem
752 1763 907 1812 facere,
933 1763 1045 1814 jocos
1075 1777 1215 1802 omues
1232 1794 1242 1813 ,
1274 1777 1451 1813 amores,
1484 1765 1680 1814 convivia,

128 1842 278 1881 nugas,
307 1843 370 1868 res
389 1845 529 1870 omnes
546 1830 720 1870 ludicras
742 1831 914 1885 denique
935 1833 1118 1870 omittere
1130 1861 1141 1882 ,
1173 1846 1260 1871 sese
1278 1839 1410 1871 totum
1426 1831 1479 1870 ad
1497 1831 1681 1886 philoso-

129 1897 288 1951 phiam,
317 1906 512 1952 tanquam
531 1901 638 1938 vitae
658 1901 872 1951 superioris
895 1899 1208 1939 emendatricem
1229 1907 1268 1938 et
1286 1902 1470 1939 omnium
1486 1903 1681 1941 virtutum

129 1969 316 2020 vitaeque
339 1967 440 2006 adeo
459 1969 599 2006 beatae
625 1967 886 2018 effectricem,
917 1970 1140 2008 conferre.“
1207 1971 1260 2008 At
1278 1983 1330 2008 ne
1349 1971 1530 2019 mireris,
1572 1972 1680 2010 Poe-

130 2042 215 2073 tam
237 2042 277 2074 et
295 2049 428 2074 versus
447 2038 561 2089 quasi
585 2038 629 2074 in
647 2036 813 2075 ludicn's
836 2038 864 2074 i.
885 2051 921 2075 e.
949 2038 1106 2076 levibus
1131 2044 1171 2076 et
1195 2039 1348 2076 nullius
1368 2038 1452 2076 fere
1474 2039 1594 2091 pretii
1612 2053 1680 2077 re-

130 2102 206 2140 bus
227 2115 399 2154 ponere,
427 2102 626 2142 tenendus
645 2111 704 2142 est
722 2105 792 2143 ille
817 2113 1026 2156 poetarum
1051 2119 1158 2155 mos,
1189 2119 1269 2159 quo
1300 2107 1454 2155 omnia,
1487 2119 1590 2160 quae
1612 2120 1680 2145 se-

130 2172 200 2209 riis
220 2172 405 2223 operibus
422 2173 606 2224 opposita
624 2179 736 2221 sunt,
766 2173 925 2211 ludicra
938 2202 950 2219 ,
972 2187 1106 2225 nugas
1116 2202 1134 2220 ,
1159 2177 1274 2221 jocos
1291 2181 1331 2211 et
1350 2175 1498 2212 similia
1517 2181 1677 2213 vocant.

128 2236 221 2277 Vid.
241 2238 388 2277 Heind.
409 2239 461 2277 ad
483 2240 569 2278 Sat.
592 2242 629 2290 1,
650 2242 691 2290 9,
715 2242 756 2280 2.
795 2240 956 2279 Mitsch.
980 2241 1032 2279 ad
1050 2241 1125 2280 Od.
1145 2243 1185 2290 1,
1215 2243 1284 2290 32,
1312 2244 1354 2283 2.
1421 2241 1616 2280 Werusd.
1639 2249 1679 2281 et

128 2305 266 2345 Barth.
293 2307 346 2346 ad
364 2310 526 2347 Vestrit.
548 2309 668 2361 Spur.
694 2309 769 2348 od.
792 2312 829 2357 1,
862 2312 900 2350 1.
921 2312 992 2348 ΙΙΙ.
1023 2325 1064 2362 p.
1083 2309 1180 2351 352.
1194 2309 1292 2350 366.
1350 2308 1485 2347 Hand.
1504 2308 1556 2347 ad
1573 2310 1678 2349 Stat.

127 2376 230 2414 SiIV.
255 2378 287 2426 Ι,
310 2389 352 2428 p.
373 2375 552 2418 12—14.
611 2378 672 2415 Cf.
695 2376 885 2416 Doederl.
917 2378 1068 2429 Synon.
1093 2380 1144 2416 Π.
1166 2392 1207 2430 p.
1220 2378 1289 2418 32.
1310 2379 1382 2415 ΠΙ.
1408 2391 1450 2430 Ρ.
1466 2379 1537 2419 87.
1590 2381 1678 2418 Ho-

127 2446 251 2484 ratius
275 2452 435 2495 autem,
465 2459 592 2498 quum
606 2447 736 2499 Epist.
754 2449 796 2496 2,
821 2447 858 2495 1,
882 2447 977 2487 111.
1008 2447 1101 2497 Ipse
1123 2459 1196 2497 ego
1208 2473 1226 2492 ,
1259 2446 1332 2498 qui
1353 2445 1486 2484 nullos
1518 2459 1580 2484 me
1604 2447 1677 2498 af-

115 2512 241 2561 firmo
256 2512 423 2552 scribere
441 2527 578 2552 versu-5·
586 2543 603 2561 ‚
622 2515 813 2553 lnvenior
833 2514 1005 2552 Parthis
1026 2515 1255 2552 mendacior
1271 2512 1366 2551 dicit
1379 2543 1390 2563 ,
1418 2512 1487 2552 hic
1516 2520 1556 2552 et
1585 2516 1675 2555 aliis

126 2581 226 2619 locis
254 2583 404 2620 cavisse
433 2581 616 2632 videtur,
647 2596 698 2620 ne
727 2584 817 2636 quis
847 2585 1067 2622 amicorum
1088 2584 1166 2635 ipsi
1192 2582 1418 2634 injungeret
1439 2586 1675 2635 poematum

125 2647 401 2686 faciendormn
418 2664 588 2701 munus,
617 2665 719 2690 neve
740 2653 897 2703 vulgari
915 2653 1051 2704 ipsum
1083 2655 1293 2703 poetarum
1311 2652 1424 2703 gregi
1446 2652 1671 2702 ascriberet,

125 2716 235 2770 quod
251 2718 353 2756 bene
382 2718 497 2758 docet
512 2719 738 2759 Wielandii
772 2721 1032 2759 subtilissima
1056 2720 1108 2758 ad
1141 2718 1249 2757 hunc
1273 2721 1408 2758 locum
1432 2720 1672 2760 observatio.

124 2785 189 2823 Cf.
213 2787 333 2823 etiam
348 2787 478 2837 Torr.,
495 2789 561 2826 Fr.
579 2790 742 2828 Jacobs.
768 2791 814 2829 V
808 2804 905 2827 erm.
933 2788 1099 2841 Schrffl.
1125 2790 1173 2828 V.
1192 2802 1234 2841 p.
1254 2788 1349 2830 198.
1379 2794 1420 2826 et
1438 2787 1596 2827 Riedel.
1620 2789 1672 2828 ad

124 2855 254 2906 Epist.
281 2856 322 2903 2,
345 2856 382 2904 1,
404 2857 473 2898 93.
530 2858 631 2895 Cum
647 2871 690 2895 re
708 2871 893 2909 compara
913 2857 1055 2895 Claud.
1081 2859 1173 2906 (seu
1200 2857 1381 2910 quisquis
1409 2855 1504 2910 fuit)
1533 2864 1671 2898 contra

123 2923 269 2962 Poetas
286 2936 410 2962 vanos
425 2937 464 2962 v.
485 2922 664 2966 14—19.
683 2926 890 2978 quondam
906 2925 1120 2963 decuerunt
1135 2925 1294 2964 ludicra
1306 2938 1496 2977 parvum.
1544 2926 1670 2965 Nunc·

124 2992 274 3029 animis
286 2994 478 3043 gravior,
513 3001 712 3045 quantum
727 2997 953 3046 provectior
973 2995 1094 3032 annis
1115 2994 1348 3046 Aspernare
1373 2993 1477 3032 leves
1510 3002 1668 3033 maturo

1257 3058 1334 3100 3.
