2028 3268
151 260 220 306 ²65
337 257 718 301 COMMENTARII
735 259 795 300 IN
809 257 1032 301 HORATII
1048 258 1149 300 LIB.
1163 258 1193 299 Ι.
1220 257 1388 300 EPIST.
1404 257 1559 300 SEXT.
1638 255 1723 300 337

69 387 88 429 .'
164 398 346 439 ronymus
373 387 414 424 in
433 384 625 439 Apologia
653 387 743 427 adv.
768 386 893 424 Jovin.
924 386 987 424 ed.
1014 384 1125 424 Frkf.
1153 389 1192 424 et
1218 383 1328 437 Lips.
1359 382 1484 428 1684.
1511 383 1563 422 II.
1591 397 1631 435 p.
1650 385 1721 424 76.

163 454 230 507 E„
257 455 322 494 ubi
347 455 530 494 Erasmus
558 469 600 507 p.
630 456 700 497 78.
729 454 784 493 N.
813 451 854 494 4.
889 453 988 492 hunc
1017 453 1170 504 quidem
1198 453 1370 491 confert:
1404 453 1454 490 Si
1479 459 1616 490 autem
1644 466 1724 489 non

86 527 87 531 ’
163 523 409 570 edisserunt,
457 523 569 576 quod
589 537 619 561 a
646 536 709 560 me
735 524 990 574 propositum
1018 527 1098 570 est,
1141 520 1267 559 velint
1291 520 1447 567 nolint,
1495 520 1723 571 suscipient,

58 591 95 647 {¹37
150 579 261 632 'Aut
278 593 420 645 profer
452 592 632 630 meliores
657 591 817 642 epulas,
845 596 885 627 et
909 602 971 626 me
999 590 1170 627 conviva
1199 596 1307 626 utere
1337 595 1412 626 aut
1438 588 1725 640 qualicumque

165 668 304 701 nostra
322 661 492 699 coenula
511 666 717 699 contentus
745 665 840 697 esto.
900 658 1082 698 Horatius
1109 660 1236 696 autem
1262 658 1303 695 in
1330 657 1402 695 hac
1429 658 1516 708 ipsa
1543 657 1725 707 clausula,

162 730 205 770 in
237 742 314 782 qua
339 730 389 768 ad
414 730 634 769 Numicium
658 729 781 778 redit,
815 740 924 765 suum
951 727 1120 777 sequitur
1146 726 1359 776 ingenium,
1391 727 1495 778 quod
1521 738 1594 778 pro
1622 726 1726 764 varia

162 797 370 848 hominum,
398 797 448 836 ad
476 810 572 849 quos
602 794 744 844 scribit,
772 796 988 834 conditione
1020 794 1082 832 hic
1109 794 1250 844 aliquid
1278 794 1394 834 habet
1420 795 1616 845 gravitatis
1633 795 1725 845 joco

163 867 369 906 immixtae.
429 865 492 904 Cf.
520 870 652 905 annot.
685 866 735 905 ad
761 865 888 918 Epist.
935 866 986 915 1,
1031 863 1078 912 1,
1129 863 1226 903 106.
1258 865 1309 915 2,
1350 863 1420 904 70.
1480 863 1726 914 Quapropter

163 935 339 973 Dacerii
366 938 406 974 et
439 934 654 973 Sanadoni
677 933 927 986 philosophas
957 934 1007 971 de
1043 933 1118 972 hoc
1150 933 1236 971 loeo
1269 932 1481 971 sententias
1513 943 1639 981 neque
1666 930 1725 967 af-

164 1003 318 1042 fimare
351 1015 478 1055 neque
513 1002 690 1041 refellere
727 1003 768 1040 in
799 1002 924 1039 animo
959 1004 1033 1040 est.
1091 1001 1322 1039 Bouherius
1349 1001 1459 1051 quasi
1487 997 1532 1040 ἒν
1557 995 1727 1054 παρόδῳ

164 1073 312 1112 addidit
341 1071 456 1110 haec:
509 1071 650 1122 „Tous
683 1070 742 1109 les
768 1067 998 1121 interpretes
1028 1083 1071 1108 se
1103 1071 1357 1122 persuadent,
1395 1081 1469 1119 que
1499 1067 1581 1106 cela
1609 1081 1633 1106 a
1665 1069 1727 1106 e'te

165 1141 223 1180 dit
260 1153 391 1191 „„en
424 1152 468 1178 se
506 1139 769 1191 moquant““
806 1137 915 1188 [haec
947 1137 1066 1175 verba
1101 1143 1190 1177 sunt
1219 1138 1371 1176 Dacerii
1407 1137 1458 1175 ad
1491 1148 1526 1173 v.
1561 1136 1631 1176 66.
1663 1135 1728 1172 νὶ-

163 1222 240 1248 vas
272 1231 332 1240 --
353 1209 569 1261 jocisque}
640 1208 739 1246 Mais
775 1205 856 1244 cela
885 1210 945 1244 est
973 1206 1086 1258 place'
1121 1220 1171 1245 en
1202 1220 1253 1245 un
1277 1206 1426 1244 endroit
1456 1209 1496 1243 et
1528 1205 1583 1242 dit
1614 1205 1729 1242 d'ime

164 1279 332 1317 muniere
363 1278 427 1329 qui
457 1275 639 1328 empeche
674 1277 723 1314 de
758 1274 796 1313 le
831 1275 976 1321 croire3
1025 1279 1064 1314 et
1098 1275 1181 1313 cela
1198 1317 1201 1320 ,
1218 1274 1391 1313 ‹l'autant
1421 1272 1508 1324 plus
1541 1272 1632 1323 qu'il
1662 1273 1729 1310 fait

167 1346 365 1386 connaitre
391 1358 464 1397 par
495 1344 534 1383 la
562 1343 805 1393 conclusion,
837 1356 911 1394 que
940 1342 1037 1382 c'est
1065 1356 1109 1382 sa
1138 1343 1306 1381 maniere
1336 1344 1385 1380 de
1413 1342 1493 1379 vie:
1522 1341 1592 1379 His
1620 1345 1729 1379 utere

165 1428 328 1456 meeum.
386 1413 440 1452 Et
465 1414 594 1464 quand
619 1404 727 1450 il'ne
756 1412 868 1450 dirait
896 1423 983 1463 pas9
1012 1412 1076 1463 qui
1101 1425 1150 1450 ne
1180 1412 1255 1449 sait
1284 1423 1358 1461 que
1387 1409 1484 1448 e'est
1513 1411 1609 1447 ainsi
1639 1409 1731 1460 qu'il

166 1497 192 1524 a
219 1484 340 1536 passe
367 1486 474 1521 toute
510 1493 555 1519 sa
580 1479 708 1519 vie‘3“
756 1477 809 1518 At
838 1480 922 1530 quis
952 1483 1036 1530 est,
1083 1480 1147 1530 qui
1178 1492 1257 1517 non
1286 1479 1437 1528 videat,
1484 1477 1618 1516 verba:
1666 1477 1731 1515 his

167 1559 277 1590 utere
296 1563 453 1589 mecum
471 1551 520 1588 ad
539 1553 661 1588 totam
679 1549 728 1587 de
748 1561 895 1586 summo
925 1547 1027 1586 bono
1057 1548 1355 1599 disputationem
1382 1545 1584 1584 referenda
1610 1545 1732 1584 esse?

165 1619 292 1660 Recte
332 1619 578 1670 Campenon:
628 1617 710 1667 „Si
743 1629 839 1654 vous
875 1617 1101 1654 connaissez
1148 1629 1201 1654 un
1239 1614 1409 1652 meilleur
1451 1613 1618 1665 systeme
1656 1627 1732 1665 que

167 1688 336 1738 celui-ci,
369 1687 480 1725 saites
508 1684 611 1723 m'en
639 1689 728 1736 part
760 1697 854 1722 avec
886 1683 1108 1722 franchise“
1129 1687 1203 1722 etc.
1262 1683 1350 1721 Nec
1379 1682 1553 1720 conferre
1583 1681 1732 1732 pigebit

165 1755 306 1796 Boeth.
339 1753 497 1794 Consol.
526 1753 664 1805 philos.
697 1753 738 1794 3.
769 1751 880 1790 Pros.
913 1755 954 1795 2.
987 1765 1028 1804 p.
1065 1751 1134 1792 51.
1168 1750 1248 1803 (ed.
1279 1749 1408 1801 Lugd.
1443 1750 1532 1789 Bat.
1579 1748 1731 1801 1656):

166 1822 310 1862 Habes
331 1824 459 1876 igitur
485 1829 581 1860 ante
599 1821 736 1860 oculos
757 1822 1010 1872 propositam
1027 1819 1122 1872 sere
1137 1819 1324 1871 sormam
1343 1818 1557 1870 felicitatis
1584 1817 1732 1856 lzuma-

167 1902 272 1939 nae,
299 1903 393 1943 opes
402 1918 421 1938 ,
450 1890 645 1939 honores,
663 1891 890 1943 potentiam
899 1917 918 1936 ,
944 1888 1152 1942 gloriam,
1179 1887 1416 1940 voluptates,

225 3050 374 3089 Hom-r.
398 3049 428 3088 I.
1308 3041 1365 3085 22
1386 3046 1449 3099 (5)
