<?xml version="1.0" encoding="UTF-8"?>
<!DOCTYPE html PUBLIC "-//W3C//DTD XHTML 1.0 Transitional//EN"
    "http://www.w3.org/TR/xhtml1/DTD/xhtml1-transitional.dtd">
<html xmlns="http://www.w3.org/1999/xhtml" xml:lang="en" lang="en">
 <head>
  <title>
</title>
<meta http-equiv="Content-Type" content="text/html;charset=utf-8" />
  <meta name='ocr-system' content='tesseract 3.04.00' />
  <meta name='ocr-capabilities' content='ocr_page ocr_carea ocr_par ocr_line ocrx_word'/>
</head>
<body>
  <div class='ocr_page' id='page_1' title='image "./epistolascomment01horauoft_0355.png"; bbox 0 0 2028 3268; ppageno 0'>
   <div class='ocr_carea' id='block_1_1' title="bbox 7 0 112 157">
    <p class='ocr_par' dir='ltr' id='par_1_1' title="bbox 7 0 122 162">
     <span class='ocr_line' id='line_1_1' title="bbox 7 0 112 157; baseline 0 -150"><span class='ocrx_word' id='word_1_1' title='bbox 7 0 112 157; x_wconf 39' lang='grc' dir='ltr'><strong>ἶ,</strong></span> 
     </span>
    </p>
   </div>
   <div class='ocr_carea' id='block_1_2' title="bbox 23 150 45 443">
    <p class='ocr_par' dir='ltr' id='par_1_2' title="bbox 23 150 45 443">
     <span class='ocr_line' id='line_1_2' title="bbox 23 150 45 443; textangle 90"><span class='ocrx_word' id='word_1_2' title='bbox 23 409 41 443; x_wconf 50' lang='grc' dir='ltr'><strong>,ἓν</strong></span> <span class='ocrx_word' id='word_1_3' title='bbox 29 378 37 392; x_wconf 62' lang='lat'><strong>³·</strong></span> <span class='ocrx_word' id='word_1_4' title='bbox 29 324 45 367; x_wconf 40' lang='lat' dir='ltr'><strong>„qr</strong></span> <span class='ocrx_word' id='word_1_5' title='bbox 27 267 41 287; x_wconf 81' lang='lat'><strong>·.&#39;</strong></span> <span class='ocrx_word' id='word_1_6' title='bbox 24 203 42 242; x_wconf 69' lang='lat' dir='ltr'>t</span> <span class='ocrx_word' id='word_1_7' title='bbox 29 150 44 190; x_wconf 82' lang='grc'>·’·’,</span> 
     </span>
    </p>
   </div>
   <div class='ocr_carea' id='block_1_3' title="bbox 153 244 1713 295">
    <p class='ocr_par' dir='ltr' id='par_1_3' title="bbox 153 244 1713 295">
     <span class='ocr_line' id='line_1_3' title="bbox 153 244 1713 295; baseline -0.005 0"><span class='ocrx_word' id='word_1_8' title='bbox 153 253 210 295; x_wconf 85' lang='grc'><strong>61</strong></span> <span class='ocrx_word' id='word_1_9' title='bbox 322 246 709 290; x_wconf 86' lang='lat' dir='ltr'><strong>COMMENTARII</strong></span> <span class='ocrx_word' id='word_1_10' title='bbox 727 247 788 288; x_wconf 91' lang='lat' dir='ltr'><strong>IN</strong></span> <span class='ocrx_word' id='word_1_11' title='bbox 807 245 1030 290; x_wconf 87' lang='lat' dir='ltr'><strong>HORATII</strong></span> <span class='ocrx_word' id='word_1_12' title='bbox 1047 245 1146 291; x_wconf 92' lang='lat' dir='ltr'><strong>LlB.</strong></span> <span class='ocrx_word' id='word_1_13' title='bbox 1169 247 1198 288; x_wconf 94' lang='grc' dir='ltr'><strong>Ι.</strong></span> <span class='ocrx_word' id='word_1_14' title='bbox 1219 244 1384 288; x_wconf 89' lang='lat' dir='ltr'><strong>EPIST.</strong></span> <span class='ocrx_word' id='word_1_15' title='bbox 1399 245 1552 286; x_wconf 90' lang='lat' dir='ltr'><strong>SEXT.</strong></span> <span class='ocrx_word' id='word_1_16' title='bbox 1628 244 1713 287; x_wconf 88' lang='lat'><strong>333</strong></span> 
     </span>
    </p>
   </div>
   <div class='ocr_carea' id='block_1_4' title="bbox 144 372 1719 1655">
    <p class='ocr_par' dir='ltr' id='par_1_4' title="bbox 144 372 1719 1655">
     <span class='ocr_line' id='line_1_4' title="bbox 144 372 1712 430; baseline -0.001 -16"><span class='ocrx_word' id='word_1_17' title='bbox 144 376 305 430; x_wconf 77' lang='lat' dir='ltr'><strong>ser-tum</strong></span> <span class='ocrx_word' id='word_1_18' title='bbox 327 374 506 427; x_wconf 83' lang='lat' dir='ltr'><strong>populo,</strong></span> <span class='ocrx_word' id='word_1_19' title='bbox 537 377 687 414; x_wconf 84' lang='lat' dir='ltr'><strong>confert</strong></span> <span class='ocrx_word' id='word_1_20' title='bbox 717 374 795 413; x_wconf 88' lang='lat' dir='ltr'><strong>od.</strong></span> <span class='ocrx_word' id='word_1_21' title='bbox 830 376 871 424; x_wconf 89' lang='lat'><strong>1,</strong></span> <span class='ocrx_word' id='word_1_22' title='bbox 903 376 942 423; x_wconf 88' lang='lat'><strong>1,</strong></span> <span class='ocrx_word' id='word_1_23' title='bbox 975 373 1042 415; x_wconf 91' lang='lat'><strong>16.</strong></span> <span class='ocrx_word' id='word_1_24' title='bbox 1099 374 1182 412; x_wconf 85' lang='lat' dir='ltr'><strong>Sat.</strong></span> <span class='ocrx_word' id='word_1_25' title='bbox 1214 375 1254 422; x_wconf 91' lang='lat'><strong>1,</strong></span> <span class='ocrx_word' id='word_1_26' title='bbox 1283 372 1326 423; x_wconf 84' lang='lat'><strong>6,</strong></span> <span class='ocrx_word' id='word_1_27' title='bbox 1359 373 1454 416; x_wconf 83' lang='lat'><strong>126.</strong></span> <span class='ocrx_word' id='word_1_28' title='bbox 1511 372 1636 424; x_wconf 85' lang='lat' dir='ltr'><strong>Epist.</strong></span> <span class='ocrx_word' id='word_1_29' title='bbox 1673 375 1712 423; x_wconf 89' lang='lat'><strong>1,</strong></span> 
     </span>
     <span class='ocr_line' id='line_1_5' title="bbox 150 441 1715 496; baseline -0.004 -9"><span class='ocrx_word' id='word_1_30' title='bbox 150 446 197 496; x_wconf 89' lang='lat'><strong>7,</strong></span> <span class='ocrx_word' id='word_1_31' title='bbox 231 444 299 486; x_wconf 88' lang='lat'><strong>58.</strong></span> <span class='ocrx_word' id='word_1_32' title='bbox 358 443 463 494; x_wconf 90' lang='lat' dir='ltr'><strong>Virg.</strong></span> <span class='ocrx_word' id='word_1_33' title='bbox 498 444 583 483; x_wconf 89' lang='lat' dir='ltr'><strong>Ecl.</strong></span> <span class='ocrx_word' id='word_1_34' title='bbox 612 445 655 494; x_wconf 87' lang='grc'><strong>3,</strong></span> <span class='ocrx_word' id='word_1_35' title='bbox 686 444 754 484; x_wconf 91' lang='grc'><strong>10.</strong></span> <span class='ocrx_word' id='word_1_36' title='bbox 813 442 899 481; x_wconf 85' lang='lat' dir='ltr'><strong>Juv.</strong></span> <span class='ocrx_word' id='word_1_37' title='bbox 937 442 1007 491; x_wconf 92' lang='grc'><strong>10,</strong></span> <span class='ocrx_word' id='word_1_38' title='bbox 1040 441 1105 483; x_wconf 88' lang='grc'><strong>10.</strong></span> <span class='ocrx_word' id='word_1_39' title='bbox 1164 442 1268 480; x_wconf 86' lang='lat' dir='ltr'><strong>Flor.</strong></span> <span class='ocrx_word' id='word_1_40' title='bbox 1295 442 1338 492; x_wconf 86' lang='lat'><strong>3,</strong></span> <span class='ocrx_word' id='word_1_41' title='bbox 1365 442 1422 491; x_wconf 89' lang='grc'><strong>3.,</strong></span> <span class='ocrx_word' id='word_1_42' title='bbox 1451 441 1586 493; x_wconf 90' lang='lat' dir='ltr'><strong>quibus</strong></span> <span class='ocrx_word' id='word_1_43' title='bbox 1614 443 1715 481; x_wconf 86' lang='lat' dir='ltr'><strong>adde</strong></span> 
     </span>
     <span class='ocr_line' id='line_1_6' title="bbox 151 508 1715 562; baseline 0 -13"><span class='ocrx_word' id='word_1_44' title='bbox 151 511 306 553; x_wconf 83' lang='lat' dir='ltr'><strong>Weber.</strong></span> <span class='ocrx_word' id='word_1_45' title='bbox 336 513 386 549; x_wconf 91' lang='lat' dir='ltr'><strong>ad</strong></span> <span class='ocrx_word' id='word_1_46' title='bbox 413 512 498 550; x_wconf 90' lang='lat' dir='ltr'><strong>Juv.</strong></span> <span class='ocrx_word' id='word_1_47' title='bbox 533 510 613 562; x_wconf 90' lang='lat'><strong>14,</strong></span> <span class='ocrx_word' id='word_1_48' title='bbox 655 512 724 552; x_wconf 87' lang='lat'><strong>70.</strong></span> <span class='ocrx_word' id='word_1_49' title='bbox 754 525 793 562; x_wconf 91' lang='lat' dir='ltr'><strong>p.</strong></span> <span class='ocrx_word' id='word_1_50' title='bbox 809 510 922 550; x_wconf 55' lang='lat'><strong>2366.</strong></span> <span class='ocrx_word' id='word_1_51' title='bbox 981 508 1120 560; x_wconf 90' lang='lat' dir='ltr'><strong>Wagn.</strong></span> <span class='ocrx_word' id='word_1_52' title='bbox 1152 511 1202 548; x_wconf 91' lang='lat' dir='ltr'><strong>ad</strong></span> <span class='ocrx_word' id='word_1_53' title='bbox 1226 508 1331 561; x_wconf 84' lang='lat' dir='ltr'><strong>Virg.</strong></span> <span class='ocrx_word' id='word_1_54' title='bbox 1363 510 1437 548; x_wconf 89' lang='lat' dir='ltr'><strong>Ge.</strong></span> <span class='ocrx_word' id='word_1_55' title='bbox 1470 513 1520 561; x_wconf 92' lang='lat'><strong>1,</strong></span> <span class='ocrx_word' id='word_1_56' title='bbox 1552 511 1636 552; x_wconf 83' lang='lat'><strong>335</strong></span> <span class='ocrx_word' id='word_1_57' title='bbox 1675 515 1715 549; x_wconf 87' lang='lat' dir='ltr'><strong>et</strong></span> 
     </span>
     <span class='ocr_line' id='line_1_7' title="bbox 152 578 1714 631; baseline -0.002 -12"><span class='ocrx_word' id='word_1_58' title='bbox 152 581 228 626; x_wconf 83' lang='lat' dir='ltr'><strong>Qu.</strong></span> <span class='ocrx_word' id='word_1_59' title='bbox 249 579 356 630; x_wconf 89' lang='lat' dir='ltr'><strong>Virg.</strong></span> <span class='ocrx_word' id='word_1_60' title='bbox 386 579 566 631; x_wconf 78' lang='lat' dir='ltr'><strong>XXXIII,</strong></span> <span class='ocrx_word' id='word_1_61' title='bbox 597 579 636 620; x_wconf 89' lang='lat'><strong>4.</strong></span> <span class='ocrx_word' id='word_1_62' title='bbox 667 592 712 617; x_wconf 90' lang='lat' dir='ltr'><strong>ac</strong></span> <span class='ocrx_word' id='word_1_63' title='bbox 734 580 782 616; x_wconf 92' lang='lat' dir='ltr'><strong>de</strong></span> <span class='ocrx_word' id='word_1_64' title='bbox 815 578 1073 616; x_wconf 79' lang='lat' dir='ltr'><strong>substantivis</strong></span> <span class='ocrx_word' id='word_1_65' title='bbox 1103 582 1289 628; x_wconf 82' lang='lat' dir='ltr'>cognatae</span> <span class='ocrx_word' id='word_1_66' title='bbox 1316 579 1599 630; x_wconf 88' lang='lat' dir='ltr'><strong>significationis</strong></span> <span class='ocrx_word' id='word_1_67' title='bbox 1623 593 1714 631; x_wconf 87' lang='lat' dir='ltr'><strong>par-</strong></span> 
     </span>
     <span class='ocr_line' id='line_1_8' title="bbox 148 646 1715 699; baseline -0.001 -12"><span class='ocrx_word' id='word_1_68' title='bbox 148 647 266 687; x_wconf 79' lang='lat' dir='ltr'><strong>ticula</strong></span> <span class='ocrx_word' id='word_1_69' title='bbox 295 660 371 699; x_wconf 86' lang='lat' dir='ltr'><strong>que</strong></span> <span class='ocrx_word' id='word_1_70' title='bbox 400 647 448 685; x_wconf 88' lang='lat' dir='ltr'><strong>ab</strong></span> <span class='ocrx_word' id='word_1_71' title='bbox 470 649 632 688; x_wconf 89' lang='lat' dir='ltr'><strong>Horatio</strong></span> <span class='ocrx_word' id='word_1_72' title='bbox 658 647 800 699; x_wconf 85' lang='lat' dir='ltr'><strong>junctis</strong></span> <span class='ocrx_word' id='word_1_73' title='bbox 830 646 996 684; x_wconf 89' lang='lat' dir='ltr'><strong>Seebod.</strong></span> <span class='ocrx_word' id='word_1_74' title='bbox 1017 647 1056 684; x_wconf 92' lang='lat' dir='ltr'><strong>in</strong></span> <span class='ocrx_word' id='word_1_75' title='bbox 1089 647 1301 696; x_wconf 87' lang='lat' dir='ltr'><strong>„Scholien</strong></span> <span class='ocrx_word' id='word_1_76' title='bbox 1328 661 1376 686; x_wconf 90' lang='lat' dir='ltr'><strong>zu</strong></span> <span class='ocrx_word' id='word_1_77' title='bbox 1403 648 1477 693; x_wconf 86' lang='lat' dir='ltr'><strong>Qu.</strong></span> <span class='ocrx_word' id='word_1_78' title='bbox 1497 647 1590 687; x_wconf 87' lang='lat' dir='ltr'><strong>Hor.</strong></span> <span class='ocrx_word' id='word_1_79' title='bbox 1621 648 1715 686; x_wconf 74' lang='lat' dir='ltr'><strong>Fl.“</strong></span> 
     </span>
     <span class='ocr_line' id='line_1_9' title="bbox 148 713 1715 768; baseline 0.001 -13"><span class='ocrx_word' id='word_1_80' title='bbox 148 715 246 755; x_wconf 84' lang='lat' dir='ltr'><strong>Heft</strong></span> <span class='ocrx_word' id='word_1_81' title='bbox 281 717 317 756; x_wconf 89' lang='lat'><strong>1.</strong></span> <span class='ocrx_word' id='word_1_82' title='bbox 349 729 387 766; x_wconf 90' lang='lat' dir='ltr'><strong>p.</strong></span> <span class='ocrx_word' id='word_1_83' title='bbox 421 718 474 759; x_wconf 83' lang='lat'><strong>25</strong></span> <span class='ocrx_word' id='word_1_84' title='bbox 506 731 566 768; x_wconf 91' lang='lat' dir='ltr'><strong>sq.</strong></span> <span class='ocrx_word' id='word_1_85' title='bbox 623 717 784 767; x_wconf 87' lang='lat' dir='ltr'><strong>Rupert.</strong></span> <span class='ocrx_word' id='word_1_86' title='bbox 819 715 869 752; x_wconf 87' lang='lat' dir='ltr'><strong>ad</strong></span> <span class='ocrx_word' id='word_1_87' title='bbox 903 714 999 752; x_wconf 80' lang='lat' dir='ltr'><strong>Tac.</strong></span> <span class='ocrx_word' id='word_1_88' title='bbox 1036 714 1140 765; x_wconf 89' lang='lat' dir='ltr'><strong>Opp.</strong></span> <span class='ocrx_word' id='word_1_89' title='bbox 1173 713 1235 752; x_wconf 91' lang='lat' dir='ltr'><strong>IV.</strong></span> <span class='ocrx_word' id='word_1_90' title='bbox 1269 728 1308 766; x_wconf 91' lang='lat' dir='ltr'><strong>p.</strong></span> <span class='ocrx_word' id='word_1_91' title='bbox 1346 716 1442 758; x_wconf 85' lang='grc'>820.</span> <span class='ocrx_word' id='word_1_92' title='bbox 1475 729 1512 754; x_wconf 91' lang='lat' dir='ltr'><strong>v.</strong></span> <span class='ocrx_word' id='word_1_93' title='bbox 1546 717 1715 756; x_wconf 84' lang='lat' dir='ltr'><strong>Hendia-</strong></span> 
     </span>
     <span class='ocr_line' id='line_1_10' title="bbox 150 781 1713 835; baseline 0.003 -14"><span class='ocrx_word' id='word_1_94' title='bbox 150 784 280 835; x_wconf 85' lang='lat' dir='ltr'><strong>dyoin.</strong></span> <span class='ocrx_word' id='word_1_95' title='bbox 340 782 400 821; x_wconf 94' lang='lat' dir='ltr'><strong>De</strong></span> <span class='ocrx_word' id='word_1_96' title='bbox 429 785 513 835; x_wconf 87' lang='lat' dir='ltr'><strong>ipsa</strong></span> <span class='ocrx_word' id='word_1_97' title='bbox 538 784 586 824; x_wconf 66' lang='grc' dir='ltr'><strong>ἓν</strong></span> <span class='ocrx_word' id='word_1_98' title='bbox 610 781 677 824; x_wconf 75' lang='grc' dir='ltr'><strong>διοῖ</strong></span> <span class='ocrx_word' id='word_1_99' title='bbox 703 784 818 824; x_wconf 85' lang='grc' dir='ltr'><em>δυοῖν</em></span> <span class='ocrx_word' id='word_1_100' title='bbox 841 782 1002 820; x_wconf 86' lang='lat' dir='ltr'><strong>formula</strong></span> <span class='ocrx_word' id='word_1_101' title='bbox 1032 784 1220 821; x_wconf 87' lang='lat' dir='ltr'><strong>assentior</strong></span> <span class='ocrx_word' id='word_1_102' title='bbox 1239 782 1399 822; x_wconf 76' lang='lat' dir='ltr'><em>Klotzio</em></span> <span class='ocrx_word' id='word_1_103' title='bbox 1419 786 1468 822; x_wconf 88' lang='lat' dir='ltr'><strong>ad</strong></span> <span class='ocrx_word' id='word_1_104' title='bbox 1490 786 1569 824; x_wconf 91' lang='lat' dir='ltr'>Cic.</span> <span class='ocrx_word' id='word_1_105' title='bbox 1594 787 1713 825; x_wconf 87' lang='lat' dir='ltr'><strong>Tusc.</strong></span> 
     </span>
     <span class='ocr_line' id='line_1_11' title="bbox 148 850 1714 906; baseline 0.003 -17"><span class='ocrx_word' id='word_1_106' title='bbox 148 865 190 904; x_wconf 89' lang='lat' dir='ltr'><strong>p.</strong></span> <span class='ocrx_word' id='word_1_107' title='bbox 221 850 319 893; x_wconf 82' lang='lat'><strong>504.</strong></span> <span class='ocrx_word' id='word_1_108' title='bbox 349 856 389 889; x_wconf 88' lang='lat' dir='ltr'><strong>et</strong></span> <span class='ocrx_word' id='word_1_109' title='bbox 420 851 557 889; x_wconf 71' lang='lat' dir='ltr'><strong>Fossio</strong></span> <span class='ocrx_word' id='word_1_110' title='bbox 588 851 695 890; x_wconf 91' lang='lat' dir='ltr'><strong>locos</strong></span> <span class='ocrx_word' id='word_1_111' title='bbox 725 852 762 890; x_wconf 92' lang='lat' dir='ltr'>T</span> <span class='ocrx_word' id='word_1_112' title='bbox 764 852 925 890; x_wconf 87' lang='lat' dir='ltr'><strong>acitinos</strong></span> <span class='ocrx_word' id='word_1_113' title='bbox 955 853 995 889; x_wconf 91' lang='lat' dir='ltr'><strong>in</strong></span> <span class='ocrx_word' id='word_1_114' title='bbox 1022 850 1158 902; x_wconf 90' lang='lat' dir='ltr'><strong>Progr.</strong></span> <span class='ocrx_word' id='word_1_115' title='bbox 1192 851 1311 893; x_wconf 87' lang='lat' dir='ltr'><strong>schol.</strong></span> <span class='ocrx_word' id='word_1_116' title='bbox 1334 851 1564 906; x_wconf 88' lang='lat' dir='ltr'><strong>Altenburg.</strong></span> <span class='ocrx_word' id='word_1_117' title='bbox 1591 856 1714 897; x_wconf 86' lang='lat'><strong>1837.</strong></span> 
     </span>
     <span class='ocr_line' id='line_1_12' title="bbox 151 920 1715 972; baseline 0.003 -14"><span class='ocrx_word' id='word_1_118' title='bbox 151 934 191 972; x_wconf 88' lang='lat' dir='ltr'><strong>p.</strong></span> <span class='ocrx_word' id='word_1_119' title='bbox 210 920 250 959; x_wconf 90' lang='lat'><strong>9.</strong></span> <span class='ocrx_word' id='word_1_120' title='bbox 281 924 463 958; x_wconf 88' lang='lat' dir='ltr'><strong>accurate</strong></span> <span class='ocrx_word' id='word_1_121' title='bbox 491 923 710 972; x_wconf 90' lang='lat' dir='ltr'><strong>persecuto.</strong></span> <span class='ocrx_word' id='word_1_122' title='bbox 779 921 967 957; x_wconf 76' lang='lat' dir='ltr'><em>Transire</em></span> <span class='ocrx_word' id='word_1_123' title='bbox 994 923 1123 958; x_wconf 87' lang='lat' dir='ltr'><strong>autem</strong></span> <span class='ocrx_word' id='word_1_124' title='bbox 1135 920 1337 971; x_wconf 79' lang='lat' dir='ltr'><strong>populum</strong></span> <span class='ocrx_word' id='word_1_125' title='bbox 1357 922 1494 960; x_wconf 83' lang='lat' dir='ltr'><strong>dicitur</strong></span> <span class='ocrx_word' id='word_1_126' title='bbox 1514 928 1555 961; x_wconf 90' lang='lat' dir='ltr'><strong>ut</strong></span> <span class='ocrx_word' id='word_1_127' title='bbox 1577 923 1715 962; x_wconf 85' lang='lat' dir='ltr'><strong>Catull.</strong></span> 
     </span>
     <span class='ocr_line' id='line_1_13' title="bbox 149 987 1715 1038; baseline 0.003 -12"><span class='ocrx_word' id='word_1_128' title='bbox 149 989 222 1038; x_wconf 87' lang='lat'><strong>68,</strong></span> <span class='ocrx_word' id='word_1_129' title='bbox 253 990 321 1030; x_wconf 88' lang='lat'><strong>60.</strong></span> <span class='ocrx_word' id='word_1_130' title='bbox 379 987 466 1026; x_wconf 85' lang='lat' dir='ltr'><strong>Liv.</strong></span> <span class='ocrx_word' id='word_1_131' title='bbox 497 990 574 1038; x_wconf 93' lang='lat'><strong>21,</strong></span> <span class='ocrx_word' id='word_1_132' title='bbox 614 988 691 1037; x_wconf 81' lang='lat'><strong>57,</strong></span> <span class='ocrx_word' id='word_1_133' title='bbox 733 988 800 1038; x_wconf 85' lang='lat'><strong>3.,</strong></span> <span class='ocrx_word' id='word_1_134' title='bbox 849 1001 946 1038; x_wconf 88' lang='lat' dir='ltr'><strong>quos</strong></span> <span class='ocrx_word' id='word_1_135' title='bbox 979 989 1088 1027; x_wconf 91' lang='lat' dir='ltr'><strong>locos</strong></span> <span class='ocrx_word' id='word_1_136' title='bbox 1120 990 1282 1028; x_wconf 89' lang='lat' dir='ltr'><strong>contulit</strong></span> <span class='ocrx_word' id='word_1_137' title='bbox 1315 990 1592 1030; x_wconf 71' lang='lat' dir='ltr'><strong>Eiehstadius.</strong></span> <span class='ocrx_word' id='word_1_138' title='bbox 1652 992 1715 1030; x_wconf 88' lang='lat' dir='ltr'><strong>Cf.</strong></span> 
     </span>
     <span class='ocr_line' id='line_1_14' title="bbox 150 1055 1716 1111; baseline 0.001 -17"><span class='ocrx_word' id='word_1_139' title='bbox 150 1055 283 1095; x_wconf 85' lang='lat' dir='ltr'>Fabri.</span> <span class='ocrx_word' id='word_1_140' title='bbox 315 1059 365 1096; x_wconf 92' lang='lat' dir='ltr'><strong>ad</strong></span> <span class='ocrx_word' id='word_1_141' title='bbox 393 1055 479 1095; x_wconf 85' lang='lat' dir='ltr'><strong>Liv.</strong></span> <span class='ocrx_word' id='word_1_142' title='bbox 510 1058 588 1106; x_wconf 88' lang='lat'><strong>22,</strong></span> <span class='ocrx_word' id='word_1_143' title='bbox 630 1056 709 1106; x_wconf 83' lang='lat'><strong>50,</strong></span> <span class='ocrx_word' id='word_1_144' title='bbox 755 1056 795 1095; x_wconf 88' lang='grc'><strong>9.</strong></span> <span class='ocrx_word' id='word_1_145' title='bbox 853 1056 1009 1096; x_wconf 80' lang='lat' dir='ltr'>Festive</span> <span class='ocrx_word' id='word_1_146' title='bbox 1038 1060 1223 1108; x_wconf 90' lang='lat' dir='ltr'><strong>repetitur</strong></span> <span class='ocrx_word' id='word_1_147' title='bbox 1265 1071 1300 1096; x_wconf 91' lang='lat' dir='ltr'><strong>v.</strong></span> <span class='ocrx_word' id='word_1_148' title='bbox 1330 1059 1398 1099; x_wconf 87' lang='grc'><strong>60.</strong></span> <span class='ocrx_word' id='word_1_149' title='bbox 1423 1058 1577 1110; x_wconf 83' lang='lat' dir='ltr'><strong>populo</strong></span> <span class='ocrx_word' id='word_1_150' title='bbox 1606 1073 1716 1111; x_wconf 75' lang='lat' dir='ltr'><strong>spec-</strong></span> 
     </span>
     <span class='ocr_line' id='line_1_15' title="bbox 150 1124 1716 1179; baseline 0.003 -18"><span class='ocrx_word' id='word_1_151' title='bbox 150 1130 287 1171; x_wconf 80' lang='lat' dir='ltr'><strong>tante,</strong></span> <span class='ocrx_word' id='word_1_152' title='bbox 325 1129 368 1163; x_wconf 90' lang='lat' dir='ltr'><strong>ut</strong></span> <span class='ocrx_word' id='word_1_153' title='bbox 396 1124 543 1162; x_wconf 84' lang='lat' dir='ltr'><strong>vanitas</strong></span> <span class='ocrx_word' id='word_1_154' title='bbox 572 1124 657 1175; x_wconf 84' lang='lat' dir='ltr'><strong>ipsa</strong></span> <span class='ocrx_word' id='word_1_155' title='bbox 686 1129 892 1177; x_wconf 81' lang='lat' dir='ltr'><strong>appareat,</strong></span> <span class='ocrx_word' id='word_1_156' title='bbox 935 1139 1010 1176; x_wconf 88' lang='lat' dir='ltr'><strong>qua</strong></span> <span class='ocrx_word' id='word_1_157' title='bbox 1039 1126 1230 1177; x_wconf 84' lang='lat' dir='ltr'><strong>Gargilius</strong></span> <span class='ocrx_word' id='word_1_158' title='bbox 1261 1126 1323 1164; x_wconf 90' lang='lat' dir='ltr'><strong>ille</strong></span> <span class='ocrx_word' id='word_1_159' title='bbox 1351 1140 1530 1179; x_wconf 86' lang='lat' dir='ltr'><strong>pompam</strong></span> <span class='ocrx_word' id='word_1_160' title='bbox 1556 1132 1716 1166; x_wconf 84' lang='lat' dir='ltr'><strong>venato-</strong></span> 
     </span>
     <span class='ocr_line' id='line_1_16' title="bbox 149 1191 1717 1246; baseline 0.003 -15"><span class='ocrx_word' id='word_1_161' title='bbox 149 1194 243 1231; x_wconf 88' lang='lat' dir='ltr'><strong>riam</strong></span> <span class='ocrx_word' id='word_1_162' title='bbox 268 1193 412 1245; x_wconf 91' lang='lat' dir='ltr'><strong>populo</strong></span> <span class='ocrx_word' id='word_1_163' title='bbox 443 1191 665 1245; x_wconf 86' lang='lat' dir='ltr'><strong>praebuerit</strong></span> <span class='ocrx_word' id='word_1_164' title='bbox 695 1194 1013 1245; x_wconf 89' lang='lat' dir='ltr'><strong>conspiciendam.</strong></span> <span class='ocrx_word' id='word_1_165' title='bbox 1069 1194 1130 1233; x_wconf 90' lang='lat' dir='ltr'><strong>De</strong></span> <span class='ocrx_word' id='word_1_166' title='bbox 1160 1197 1389 1246; x_wconf 82' lang='lat' dir='ltr'><strong>repetitione</strong></span> <span class='ocrx_word' id='word_1_167' title='bbox 1422 1196 1550 1234; x_wconf 85' lang='lat' dir='ltr'><strong>talium</strong></span> <span class='ocrx_word' id='word_1_168' title='bbox 1570 1197 1646 1235; x_wconf 84' lang='lat' dir='ltr'><strong>dixi</strong></span> <span class='ocrx_word' id='word_1_169' title='bbox 1667 1197 1717 1235; x_wconf 92' lang='lat' dir='ltr'><strong>ad</strong></span> 
     </span>
     <span class='ocr_line' id='line_1_17' title="bbox 150 1259 1716 1315; baseline 0.004 -17"><span class='ocrx_word' id='word_1_170' title='bbox 150 1259 279 1312; x_wconf 86' lang='lat' dir='ltr'><strong>Epist.</strong></span> <span class='ocrx_word' id='word_1_171' title='bbox 309 1261 349 1309; x_wconf 89' lang='lat'><strong>1,</strong></span> <span class='ocrx_word' id='word_1_172' title='bbox 383 1262 422 1310; x_wconf 92' lang='lat'><strong>1,</strong></span> <span class='ocrx_word' id='word_1_173' title='bbox 453 1263 548 1310; x_wconf 88' lang='lat'><strong>21.,</strong></span> <span class='ocrx_word' id='word_1_174' title='bbox 576 1262 676 1300; x_wconf 87' lang='lat' dir='ltr'><strong>adde</strong></span> <span class='ocrx_word' id='word_1_175' title='bbox 714 1261 900 1299; x_wconf 79' lang='lat' dir='ltr'><strong>Ouusens.</strong></span> <span class='ocrx_word' id='word_1_176' title='bbox 934 1261 961 1300; x_wconf 89' lang='lat' dir='ltr'><strong>l.</strong></span> <span class='ocrx_word' id='word_1_177' title='bbox 993 1260 1019 1299; x_wconf 94' lang='lat' dir='ltr'><strong>l.</strong></span> <span class='ocrx_word' id='word_1_178' title='bbox 1049 1275 1088 1313; x_wconf 92' lang='lat' dir='ltr'><strong>p.</strong></span> <span class='ocrx_word' id='word_1_179' title='bbox 1120 1262 1218 1304; x_wconf 88' lang='grc'><strong>369.</strong></span> <span class='ocrx_word' id='word_1_180' title='bbox 1252 1268 1292 1302; x_wconf 91' lang='lat' dir='ltr'><strong>et</strong></span> <span class='ocrx_word' id='word_1_181' title='bbox 1322 1264 1452 1302; x_wconf 90' lang='lat' dir='ltr'><strong>Heinr.</strong></span> <span class='ocrx_word' id='word_1_182' title='bbox 1486 1265 1534 1302; x_wconf 90' lang='lat' dir='ltr'><strong>ad</strong></span> <span class='ocrx_word' id='word_1_183' title='bbox 1560 1264 1646 1303; x_wconf 84' lang='lat' dir='ltr'><strong>Juv.</strong></span> <span class='ocrx_word' id='word_1_184' title='bbox 1676 1266 1716 1315; x_wconf 91' lang='lat'><strong>1,</strong></span> 
     </span>
     <span class='ocr_line' id='line_1_18' title="bbox 151 1328 1718 1383; baseline 0.003 -17"><span class='ocrx_word' id='word_1_185' title='bbox 151 1329 221 1370; x_wconf 85' lang='lat'><strong>58.</strong></span> <span class='ocrx_word' id='word_1_186' title='bbox 278 1328 384 1367; x_wconf 86' lang='lat' dir='ltr'><strong>Haec</strong></span> <span class='ocrx_word' id='word_1_187' title='bbox 415 1330 542 1367; x_wconf 87' lang='lat' dir='ltr'><strong>omnia</strong></span> <span class='ocrx_word' id='word_1_188' title='bbox 567 1332 729 1381; x_wconf 87' lang='lat' dir='ltr'><strong>propter</strong></span> <span class='ocrx_word' id='word_1_189' title='bbox 772 1331 928 1382; x_wconf 83' lang='lat' dir='ltr'><strong>Tanaq.</strong></span> <span class='ocrx_word' id='word_1_190' title='bbox 962 1329 1089 1367; x_wconf 69' lang='lat' dir='ltr'><strong>Fabri</strong></span> <span class='ocrx_word' id='word_1_191' title='bbox 1116 1336 1155 1370; x_wconf 89' lang='lat' dir='ltr'><strong>et</strong></span> <span class='ocrx_word' id='word_1_192' title='bbox 1187 1332 1366 1381; x_wconf 82' lang='lat' dir='ltr'><strong>Bentleji</strong></span> <span class='ocrx_word' id='word_1_193' title='bbox 1396 1332 1563 1383; x_wconf 86' lang='lat' dir='ltr'><strong>argutias</strong></span> <span class='ocrx_word' id='word_1_194' title='bbox 1607 1335 1718 1371; x_wconf 90' lang='lat' dir='ltr'><strong>erant</strong></span> 
     </span>
     <span class='ocr_line' id='line_1_19' title="bbox 148 1397 1716 1453; baseline 0.003 -17"><span class='ocrx_word' id='word_1_195' title='bbox 148 1398 368 1436; x_wconf 86' lang='lat' dir='ltr'><strong>indicanda.</strong></span> <span class='ocrx_word' id='word_1_196' title='bbox 428 1397 490 1436; x_wconf 89' lang='lat' dir='ltr'><strong>Ad</strong></span> <span class='ocrx_word' id='word_1_197' title='bbox 523 1398 624 1436; x_wconf 91' lang='lat' dir='ltr'><strong>illam</strong></span> <span class='ocrx_word' id='word_1_198' title='bbox 655 1398 866 1437; x_wconf 66' lang='lat' dir='ltr'><strong>‘vanitatem</strong></span> <span class='ocrx_word' id='word_1_199' title='bbox 898 1397 1099 1436; x_wconf 90' lang='lat' dir='ltr'><strong>multitudo</strong></span> <span class='ocrx_word' id='word_1_200' title='bbox 1133 1412 1284 1452; x_wconf 91' lang='lat' dir='ltr'><strong>quoque</strong></span> <span class='ocrx_word' id='word_1_201' title='bbox 1318 1401 1501 1440; x_wconf 86' lang='lat' dir='ltr'><strong>mulorum</strong></span> <span class='ocrx_word' id='word_1_202' title='bbox 1533 1402 1716 1453; x_wconf 82' lang='lat' dir='ltr'><strong>pertinet,</strong></span> 
     </span>
     <span class='ocr_line' id='line_1_20' title="bbox 151 1465 1718 1518; baseline 0.003 -14"><span class='ocrx_word' id='word_1_203' title='bbox 151 1469 392 1518; x_wconf 85' lang='lat' dir='ltr'><strong>quapropter</strong></span> <span class='ocrx_word' id='word_1_204' title='bbox 426 1469 530 1504; x_wconf 90' lang='lat' dir='ltr'><strong>errat</strong></span> <span class='ocrx_word' id='word_1_205' title='bbox 560 1465 796 1518; x_wconf 82' lang='lat' dir='ltr'><strong>Klippgen,</strong></span> <span class='ocrx_word' id='word_1_206' title='bbox 839 1467 980 1517; x_wconf 90' lang='lat' dir='ltr'><strong>quippe</strong></span> <span class='ocrx_word' id='word_1_207' title='bbox 1021 1467 1079 1504; x_wconf 90' lang='lat' dir='ltr'><strong>cui</strong></span> <span class='ocrx_word' id='word_1_208' title='bbox 1116 1467 1231 1505; x_wconf 76' lang='lat' dir='ltr'><strong>Unus</strong></span> <span class='ocrx_word' id='word_1_209' title='bbox 1267 1468 1316 1506; x_wconf 83' lang='lat' dir='ltr'><strong>de</strong></span> <span class='ocrx_word' id='word_1_210' title='bbox 1352 1468 1491 1506; x_wconf 76' lang='lat' dir='ltr'><strong>multis</strong></span> <span class='ocrx_word' id='word_1_211' title='bbox 1528 1470 1632 1508; x_wconf 88' lang='lat' dir='ltr'><strong>visus</strong></span> <span class='ocrx_word' id='word_1_212' title='bbox 1667 1471 1718 1508; x_wconf 88' lang='lat' dir='ltr'><strong>sit</strong></span> 
     </span>
     <span class='ocr_line' id='line_1_21' title="bbox 150 1534 1719 1586; baseline 0.001 -13"><span class='ocrx_word' id='word_1_213' title='bbox 150 1548 239 1574; x_wconf 85' lang='lat' dir='ltr'><strong>esse</strong></span> <span class='ocrx_word' id='word_1_214' title='bbox 270 1535 458 1586; x_wconf 71' lang='lat' dir='ltr'><strong>insignis,</strong></span> <span class='ocrx_word' id='word_1_215' title='bbox 490 1535 669 1572; x_wconf 85' lang='lat' dir='ltr'><strong>omnium</strong></span> <span class='ocrx_word' id='word_1_216' title='bbox 699 1535 978 1573; x_wconf 75' lang='lat' dir='ltr'><strong>nitidissimus,</strong></span> <span class='ocrx_word' id='word_1_217' title='bbox 1036 1534 1090 1573; x_wconf 91' lang='lat' dir='ltr'><strong>At</strong></span> <span class='ocrx_word' id='word_1_218' title='bbox 1116 1536 1190 1574; x_wconf 87' lang='lat' dir='ltr'><strong>nisi</strong></span> <span class='ocrx_word' id='word_1_219' title='bbox 1224 1536 1295 1575; x_wconf 92' lang='lat' dir='ltr'><strong>hoc</strong></span> <span class='ocrx_word' id='word_1_220' title='bbox 1326 1551 1372 1576; x_wconf 88' lang='lat' dir='ltr'><strong>ex</strong></span> <span class='ocrx_word' id='word_1_221' title='bbox 1399 1538 1541 1576; x_wconf 89' lang='lat' dir='ltr'><strong>usitata</strong></span> <span class='ocrx_word' id='word_1_222' title='bbox 1569 1538 1719 1577; x_wconf 90' lang='lat' dir='ltr'><strong>dicendi</strong></span> 
     </span>
     <span class='ocr_line' id='line_1_22' title="bbox 148 1602 1716 1655; baseline 0.002 -14"><span class='ocrx_word' id='word_1_223' title='bbox 148 1604 322 1652; x_wconf 88' lang='lat' dir='ltr'><strong>ratione,</strong></span> <span class='ocrx_word' id='word_1_224' title='bbox 363 1615 478 1653; x_wconf 86' lang='lat' dir='ltr'><strong>quam</strong></span> <span class='ocrx_word' id='word_1_225' title='bbox 508 1602 777 1642; x_wconf 82' lang='lat' dir='ltr'><strong>Burmannus</strong></span> <span class='ocrx_word' id='word_1_226' title='bbox 806 1605 856 1642; x_wconf 89' lang='lat' dir='ltr'><strong>ad</strong></span> <span class='ocrx_word' id='word_1_227' title='bbox 885 1603 1043 1643; x_wconf 90' lang='lat' dir='ltr'><strong>Petron.</strong></span> <span class='ocrx_word' id='word_1_228' title='bbox 1074 1603 1144 1646; x_wconf 88' lang='lat'><strong>44.</strong></span> <span class='ocrx_word' id='word_1_229' title='bbox 1172 1605 1391 1655; x_wconf 90' lang='lat' dir='ltr'><strong>illustravit,</strong></span> <span class='ocrx_word' id='word_1_230' title='bbox 1432 1611 1537 1645; x_wconf 92' lang='lat' dir='ltr'><strong>esset</strong></span> <span class='ocrx_word' id='word_1_231' title='bbox 1566 1610 1608 1644; x_wconf 92' lang='lat' dir='ltr'><strong>ut</strong></span> <span class='ocrx_word' id='word_1_232' title='bbox 1639 1606 1716 1644; x_wconf 87' lang='lat' dir='ltr'><strong>od.</strong></span> 
     </span>
    </p>
   </div>
   <div class='ocr_carea' id='block_1_5' title="bbox 137 1670 1718 1725">
    <p class='ocr_par' dir='ltr' id='par_1_5' title="bbox 137 1670 1718 1725">
     <span class='ocr_line' id='line_1_23' title="bbox 137 1670 1718 1725; baseline -0.001 -12"><span class='ocrx_word' id='word_1_233' title='bbox 137 1671 191 1722; x_wconf 62' lang='grc'>’3,</span> <span class='ocrx_word' id='word_1_234' title='bbox 231 1673 300 1721; x_wconf 90' lang='grc'><strong>11,</strong></span> <span class='ocrx_word' id='word_1_235' title='bbox 331 1672 400 1712; x_wconf 85' lang='lat'><strong>33·</strong></span> <span class='ocrx_word' id='word_1_236' title='bbox 458 1670 584 1723; x_wconf 73' lang='lat' dir='ltr'><strong>Epist·</strong></span> <span class='ocrx_word' id='word_1_237' title='bbox 616 1674 657 1722; x_wconf 84' lang='grc'><strong>1,</strong></span> <span class='ocrx_word' id='word_1_238' title='bbox 691 1674 768 1722; x_wconf 90' lang='grc'><strong>16,</strong></span> <span class='ocrx_word' id='word_1_239' title='bbox 802 1672 870 1714; x_wconf 84' lang='lat'><strong>55·</strong></span> <span class='ocrx_word' id='word_1_240' title='bbox 901 1675 951 1722; x_wconf 84' lang='lat'><strong>2,</strong></span> <span class='ocrx_word' id='word_1_241' title='bbox 983 1674 1034 1723; x_wconf 85' lang='grc'><strong>2,</strong></span> <span class='ocrx_word' id='word_1_242' title='bbox 1071 1675 1192 1723; x_wconf 85' lang='grc'>212.,</span> <span class='ocrx_word' id='word_1_243' title='bbox 1222 1675 1328 1712; x_wconf 90' lang='lat' dir='ltr'><strong>notio</strong></span> <span class='ocrx_word' id='word_1_244' title='bbox 1361 1674 1548 1725; x_wconf 87' lang='lat' dir='ltr'><strong>quaedam</strong></span> <span class='ocrx_word' id='word_1_245' title='bbox 1577 1675 1609 1711; x_wconf 92' lang='lat' dir='ltr'><strong>si</strong></span> <span class='ocrx_word' id='word_1_246' title='bbox 1639 1687 1718 1712; x_wconf 87' lang='lat' dir='ltr'><strong>non</strong></span> 
     </span>
    </p>
   </div>
   <div class='ocr_carea' id='block_1_6' title="bbox 68 1739 1719 1792">
    <p class='ocr_par' dir='ltr' id='par_1_6' title="bbox 68 1739 1719 1792">
     <span class='ocr_line' id='line_1_24' title="bbox 68 1739 1719 1792; baseline 0.001 -14"><span class='ocrx_word' id='word_1_247' title='bbox 68 1756 71 1758; x_wconf 49' lang='grc'><strong>“</strong></span> <span class='ocrx_word' id='word_1_248' title='bbox 152 1743 420 1791; x_wconf 85' lang='lat' dir='ltr'><strong>contemptus,</strong></span> <span class='ocrx_word' id='word_1_249' title='bbox 470 1742 511 1777; x_wconf 87' lang='lat' dir='ltr'><strong>at</strong></span> <span class='ocrx_word' id='word_1_250' title='bbox 538 1739 675 1777; x_wconf 90' lang='lat' dir='ltr'><strong>saltem</strong></span> <span class='ocrx_word' id='word_1_251' title='bbox 698 1740 866 1791; x_wconf 90' lang='lat' dir='ltr'><strong>vulgaris</strong></span> <span class='ocrx_word' id='word_1_252' title='bbox 899 1739 1029 1778; x_wconf 88' lang='lat' dir='ltr'><strong>talium</strong></span> <span class='ocrx_word' id='word_1_253' title='bbox 1055 1741 1267 1780; x_wconf 86' lang='lat' dir='ltr'><strong>animalium</strong></span> <span class='ocrx_word' id='word_1_254' title='bbox 1300 1743 1450 1792; x_wconf 85' lang='lat' dir='ltr'><strong>generis</strong></span> <span class='ocrx_word' id='word_1_255' title='bbox 1478 1742 1531 1780; x_wconf 90' lang='lat' dir='ltr'><strong>illi</strong></span> <span class='ocrx_word' id='word_1_256' title='bbox 1562 1743 1719 1781; x_wconf 88' lang='lat' dir='ltr'><strong>dictioni</strong></span> 
     </span>
    </p>
   </div>
   <div class='ocr_carea' id='block_1_7' title="bbox 150 1807 1721 2269">
    <p class='ocr_par' dir='ltr' id='par_1_7' title="bbox 150 1807 1717 1929">
     <span class='ocr_line' id='line_1_25' title="bbox 150 1807 1717 1862; baseline 0.004 -15"><span class='ocrx_word' id='word_1_257' title='bbox 150 1807 378 1848; x_wconf 84' lang='lat' dir='ltr'><strong>adhaereret</strong></span> <span class='ocrx_word' id='word_1_258' title='bbox 406 1811 447 1846; x_wconf 93' lang='lat' dir='ltr'><strong>ut</strong></span> <span class='ocrx_word' id='word_1_259' title='bbox 476 1807 558 1845; x_wconf 88' lang='lat' dir='ltr'><strong>Sat.</strong></span> <span class='ocrx_word' id='word_1_260' title='bbox 592 1809 631 1858; x_wconf 86' lang='lat'><strong>1,</strong></span> <span class='ocrx_word' id='word_1_261' title='bbox 662 1807 704 1857; x_wconf 87' lang='lat'><strong>9,</strong></span> <span class='ocrx_word' id='word_1_262' title='bbox 734 1809 804 1848; x_wconf 90' lang='grc'>71.</span> <span class='ocrx_word' id='word_1_263' title='bbox 866 1807 946 1846; x_wconf 91' lang='lat' dir='ltr'><strong>Cic.</strong></span> <span class='ocrx_word' id='word_1_264' title='bbox 975 1809 1086 1847; x_wconf 88' lang='lat' dir='ltr'><strong>Brut.</strong></span> <span class='ocrx_word' id='word_1_265' title='bbox 1117 1808 1188 1860; x_wconf 89' lang='lat'><strong>79,</strong></span> <span class='ocrx_word' id='word_1_266' title='bbox 1219 1808 1318 1852; x_wconf 86' lang='lat'><strong>274.</strong></span> <span class='ocrx_word' id='word_1_267' title='bbox 1352 1811 1399 1848; x_wconf 90' lang='lat' dir='ltr'><strong>de</strong></span> <span class='ocrx_word' id='word_1_268' title='bbox 1429 1810 1544 1849; x_wconf 88' lang='lat' dir='ltr'><strong>Offic.</strong></span> <span class='ocrx_word' id='word_1_269' title='bbox 1575 1812 1615 1861; x_wconf 92' lang='lat'><strong>1,</strong></span> <span class='ocrx_word' id='word_1_270' title='bbox 1645 1811 1717 1862; x_wconf 84' lang='grc'><strong>30,</strong></span> 
     </span>
     <span class='ocr_line' id='line_1_26' title="bbox 154 1873 1351 1929; baseline 0.002 -14"><span class='ocrx_word' id='word_1_271' title='bbox 154 1875 220 1918; x_wconf 86' lang='grc'><strong>15.</strong></span> <span class='ocrx_word' id='word_1_272' title='bbox 279 1875 376 1915; x_wconf 89' lang='lat' dir='ltr'><strong>Plin.</strong></span> <span class='ocrx_word' id='word_1_273' title='bbox 409 1875 554 1927; x_wconf 87' lang='lat' dir='ltr'><strong>Paneg.</strong></span> <span class='ocrx_word' id='word_1_274' title='bbox 586 1878 636 1926; x_wconf 89' lang='lat'><strong>2,</strong></span> <span class='ocrx_word' id='word_1_275' title='bbox 663 1873 703 1914; x_wconf 88' lang='lat'><strong>4.</strong></span> <span class='ocrx_word' id='word_1_276' title='bbox 734 1880 773 1914; x_wconf 92' lang='lat' dir='ltr'><strong>et</strong></span> <span class='ocrx_word' id='word_1_277' title='bbox 803 1876 926 1927; x_wconf 89' lang='lat' dir='ltr'><strong>Sillig.</strong></span> <span class='ocrx_word' id='word_1_278' title='bbox 958 1877 1008 1914; x_wconf 91' lang='lat' dir='ltr'><strong>ad</strong></span> <span class='ocrx_word' id='word_1_279' title='bbox 1037 1877 1141 1929; x_wconf 85' lang='lat' dir='ltr'><strong>Virg.</strong></span> <span class='ocrx_word' id='word_1_280' title='bbox 1174 1878 1251 1916; x_wconf 90' lang='lat' dir='ltr'><strong>Cir.</strong></span> <span class='ocrx_word' id='word_1_281' title='bbox 1282 1877 1351 1919; x_wconf 90' lang='lat'><strong>90.</strong></span> 
     </span>
    </p>

    <p class='ocr_par' dir='ltr' id='par_1_8' title="bbox 151 1943 1721 2269">
     <span class='ocr_line' id='line_1_27' title="bbox 264 1943 1718 1997; baseline 0.003 -15"><span class='ocrx_word' id='word_1_282' title='bbox 264 1943 312 1985; x_wconf 90' lang='lat' dir='ltr'><strong>V.</strong></span> <span class='ocrx_word' id='word_1_283' title='bbox 349 1945 417 1985; x_wconf 86' lang='lat'><strong>61·</strong></span> <span class='ocrx_word' id='word_1_284' title='bbox 482 1943 609 1981; x_wconf 76' lang='lat' dir='ltr'><strong>Crudi</strong></span> <span class='ocrx_word' id='word_1_285' title='bbox 642 1944 870 1996; x_wconf 76' lang='lat' dir='ltr'><strong>tumidique</strong></span> <span class='ocrx_word' id='word_1_286' title='bbox 911 1945 1107 1985; x_wconf 73' lang='lat' dir='ltr'><strong>lavemur.</strong></span> <span class='ocrx_word' id='word_1_287' title='bbox 1165 1946 1355 1997; x_wconf 86' lang='lat' dir='ltr'><strong>Tangitur</strong></span> <span class='ocrx_word' id='word_1_288' title='bbox 1391 1959 1537 1985; x_wconf 82' lang='lat' dir='ltr'><strong>summa</strong></span> <span class='ocrx_word' id='word_1_289' title='bbox 1575 1946 1718 1986; x_wconf 82' lang='lat' dir='ltr'><strong>luxuria</strong></span> 
     </span>
     <span class='ocr_line' id='line_1_28' title="bbox 151 2012 1719 2063; baseline 0.002 -13"><span class='ocrx_word' id='word_1_290' title='bbox 151 2017 265 2063; x_wconf 88' lang='lat' dir='ltr'><strong>atque</strong></span> <span class='ocrx_word' id='word_1_291' title='bbox 295 2012 498 2058; x_wconf 88' lang='lat' dir='ltr'><strong>voracitas,</strong></span> <span class='ocrx_word' id='word_1_292' title='bbox 529 2024 603 2062; x_wconf 85' lang='lat' dir='ltr'><strong>qua</strong></span> <span class='ocrx_word' id='word_1_293' title='bbox 633 2012 736 2063; x_wconf 91' lang='lat' dir='ltr'><strong>pleni</strong></span> <span class='ocrx_word' id='word_1_294' title='bbox 765 2013 888 2051; x_wconf 89' lang='lat' dir='ltr'><strong>adhuc</strong></span> <span class='ocrx_word' id='word_1_295' title='bbox 918 2017 958 2050; x_wconf 88' lang='lat' dir='ltr'><strong>et</strong></span> <span class='ocrx_word' id='word_1_296' title='bbox 989 2013 1072 2051; x_wconf 85' lang='lat' dir='ltr'><strong>cibo</strong></span> <span class='ocrx_word' id='word_1_297' title='bbox 1101 2015 1234 2053; x_wconf 89' lang='lat' dir='ltr'><strong>tumidi</strong></span> <span class='ocrx_word' id='word_1_298' title='bbox 1256 2016 1294 2052; x_wconf 91' lang='lat' dir='ltr'><strong>in</strong></span> <span class='ocrx_word' id='word_1_299' title='bbox 1323 2015 1458 2053; x_wconf 84' lang='lat' dir='ltr'><strong>balnea</strong></span> <span class='ocrx_word' id='word_1_300' title='bbox 1480 2016 1596 2054; x_wconf 90' lang='lat' dir='ltr'><strong>ibant.</strong></span> <span class='ocrx_word' id='word_1_301' title='bbox 1653 2017 1719 2053; x_wconf 88' lang='lat' dir='ltr'><strong>Sic</strong></span> 
     </span>
     <span class='ocr_line' id='line_1_29' title="bbox 156 2077 1719 2132; baseline 0.003 -14"><span class='ocrx_word' id='word_1_302' title='bbox 156 2079 268 2118; x_wconf 85' lang='lat' dir='ltr'><strong>Pers.</strong></span> <span class='ocrx_word' id='word_1_303' title='bbox 288 2079 331 2128; x_wconf 89' lang='lat'><strong>3,</strong></span> <span class='ocrx_word' id='word_1_304' title='bbox 359 2077 427 2119; x_wconf 88' lang='lat'><strong>98.</strong></span> <span class='ocrx_word' id='word_1_305' title='bbox 462 2078 664 2130; x_wconf 81' lang='lat' dir='ltr'><strong>Turgidus</strong></span> <span class='ocrx_word' id='word_1_306' title='bbox 684 2079 751 2118; x_wconf 77' lang='lat' dir='ltr'><strong>hic</strong></span> <span class='ocrx_word' id='word_1_307' title='bbox 780 2080 911 2131; x_wconf 69' lang='lat' dir='ltr'><strong>epuli-s·</strong></span> <span class='ocrx_word' id='word_1_308' title='bbox 939 2087 1062 2132; x_wconf 82' lang='lat' dir='ltr'><strong>atque</strong></span> <span class='ocrx_word' id='word_1_309' title='bbox 1089 2080 1183 2118; x_wconf 84' lang='lat' dir='ltr'><strong>albo</strong></span> <span class='ocrx_word' id='word_1_310' title='bbox 1212 2089 1346 2119; x_wconf 69' lang='lat' dir='ltr'><strong>ventre</strong></span> <span class='ocrx_word' id='word_1_311' title='bbox 1374 2084 1553 2121; x_wconf 61' lang='lat' dir='ltr'><strong>lavatur.</strong></span> <span class='ocrx_word' id='word_1_312' title='bbox 1587 2083 1719 2122; x_wconf 79' lang='lat' dir='ltr'><strong>Juven-</strong></span> 
     </span>
     <span class='ocr_line' id='line_1_30' title="bbox 157 2146 1721 2203; baseline 0.003 -20"><span class='ocrx_word' id='word_1_313' title='bbox 157 2149 198 2198; x_wconf 76' lang='grc'><strong>1,</strong></span> <span class='ocrx_word' id='word_1_314' title='bbox 230 2146 324 2190; x_wconf 83' lang='grc'>142.</span> <span class='ocrx_word' id='word_1_315' title='bbox 383 2147 522 2184; x_wconf 84' lang='lat' dir='ltr'><strong>Poena</strong></span> <span class='ocrx_word' id='word_1_316' title='bbox 550 2154 685 2184; x_wconf 84' lang='lat' dir='ltr'><strong>tamen</strong></span> <span class='ocrx_word' id='word_1_317' title='bbox 710 2160 914 2197; x_wconf 74' lang='lat' dir='ltr'><strong>praesens,</strong></span> <span class='ocrx_word' id='word_1_318' title='bbox 945 2162 1071 2199; x_wconf 81' lang='lat' dir='ltr'><strong>quum</strong></span> <span class='ocrx_word' id='word_1_319' title='bbox 1098 2156 1143 2186; x_wconf 83' lang='lat' dir='ltr'><strong>tu</strong></span> <span class='ocrx_word' id='word_1_320' title='bbox 1170 2149 1335 2200; x_wconf 78' lang='lat' dir='ltr'><strong>deponis</strong></span> <span class='ocrx_word' id='word_1_321' title='bbox 1362 2151 1535 2188; x_wconf 76' lang='lat' dir='ltr'><strong>amictus</strong></span> <span class='ocrx_word' id='word_1_322' title='bbox 1572 2152 1721 2203; x_wconf 85' lang='lat' dir='ltr'><strong>Turgi-</strong></span> 
     </span>
     <span class='ocr_line' id='line_1_31' title="bbox 152 2213 1718 2269; baseline 0.003 -16"><span class='ocrx_word' id='word_1_323' title='bbox 152 2216 231 2255; x_wconf 75' lang='lat' dir='ltr'><strong>dus</strong></span> <span class='ocrx_word' id='word_1_324' title='bbox 262 2221 300 2252; x_wconf 81' lang='lat' dir='ltr'><strong>et</strong></span> <span class='ocrx_word' id='word_1_325' title='bbox 328 2214 498 2252; x_wconf 85' lang='lat' dir='ltr'><strong>crudum</strong></span> <span class='ocrx_word' id='word_1_326' title='bbox 522 2227 724 2265; x_wconf 76' lang='lat' dir='ltr'><strong>pavonem</strong></span> <span class='ocrx_word' id='word_1_327' title='bbox 754 2215 797 2251; x_wconf 83' lang='lat' dir='ltr'><strong>in</strong></span> <span class='ocrx_word' id='word_1_328' title='bbox 828 2213 974 2252; x_wconf 84' lang='lat' dir='ltr'><strong>balnea</strong></span> <span class='ocrx_word' id='word_1_329' title='bbox 996 2223 1151 2266; x_wconf 77' lang='lat' dir='ltr'><strong>portas,</strong></span> <span class='ocrx_word' id='word_1_330' title='bbox 1214 2217 1274 2254; x_wconf 93' lang='lat' dir='ltr'><strong>Cf.</strong></span> <span class='ocrx_word' id='word_1_331' title='bbox 1294 2216 1493 2268; x_wconf 86' lang='lat' dir='ltr'><strong>Lamprid.</strong></span> <span class='ocrx_word' id='word_1_332' title='bbox 1515 2217 1718 2269; x_wconf 89' lang='lat' dir='ltr'><strong>Heliogab.</strong></span> 
     </span>
    </p>
   </div>
   <div class='ocr_carea' id='block_1_8' title="bbox 56 2266 1720 2334">
    <p class='ocr_par' dir='ltr' id='par_1_9' title="bbox 56 2266 1720 2334">
     <span class='ocr_line' id='line_1_32' title="bbox 56 2266 1720 2334; baseline -0.001 -10"><span class='ocrx_word' id='word_1_333' title='bbox 56 2266 67 2277; x_wconf 47' lang='lat'><em>⁶</em></span> <span class='ocrx_word' id='word_1_334' title='bbox 151 2285 222 2326; x_wconf 86' lang='lat'><strong>30.</strong></span> <span class='ocrx_word' id='word_1_335' title='bbox 279 2283 438 2322; x_wconf 78' lang='lat' dir='ltr'><strong>Petron.</strong></span> <span class='ocrx_word' id='word_1_336' title='bbox 465 2284 534 2325; x_wconf 84' lang='lat'><strong>72.</strong></span> <span class='ocrx_word' id='word_1_337' title='bbox 564 2282 655 2333; x_wconf 90' lang='lat' dir='ltr'><strong>ibiq.</strong></span> <span class='ocrx_word' id='word_1_338' title='bbox 713 2282 870 2321; x_wconf 85' lang='lat' dir='ltr'><strong>ReineS.</strong></span> <span class='ocrx_word' id='word_1_339' title='bbox 897 2296 936 2334; x_wconf 91' lang='lat' dir='ltr'><strong>p.</strong></span> <span class='ocrx_word' id='word_1_340' title='bbox 965 2283 1063 2324; x_wconf 87' lang='lat'><strong>357.</strong></span> <span class='ocrx_word' id='word_1_341' title='bbox 1096 2288 1135 2322; x_wconf 90' lang='lat' dir='ltr'><strong>et</strong></span> <span class='ocrx_word' id='word_1_342' title='bbox 1163 2284 1258 2322; x_wconf 92' lang='lat' dir='ltr'><strong>Plin.</strong></span> <span class='ocrx_word' id='word_1_343' title='bbox 1283 2283 1334 2326; x_wconf 88' lang='grc' dir='ltr'>Η.</span> <span class='ocrx_word' id='word_1_344' title='bbox 1360 2285 1414 2324; x_wconf 92' lang='grc' dir='ltr'>Ν.</span> <span class='ocrx_word' id='word_1_345' title='bbox 1443 2283 1513 2333; x_wconf 89' lang='grc'>29,</span> <span class='ocrx_word' id='word_1_346' title='bbox 1544 2286 1582 2326; x_wconf 92' lang='grc'><strong>1.</strong></span> <span class='ocrx_word' id='word_1_347' title='bbox 1638 2285 1720 2324; x_wconf 89' lang='lat' dir='ltr'><strong>Res</strong></span> 
     </span>
    </p>
   </div>
   <div class='ocr_carea' id='block_1_9' title="bbox 152 2342 1770 3021">
    <p class='ocr_par' dir='ltr' id='par_1_10' title="bbox 152 2342 1770 3021">
     <span class='ocr_line' id='line_1_33' title="bbox 154 2342 1722 2406; baseline 0.003 -17"><span class='ocrx_word' id='word_1_348' title='bbox 154 2352 240 2404; x_wconf 89' lang='lat' dir='ltr'><strong>ipsa</strong></span> <span class='ocrx_word' id='word_1_349' title='bbox 270 2350 324 2389; x_wconf 89' lang='lat' dir='ltr'><strong>M.</strong></span> <span class='ocrx_word' id='word_1_350' title='bbox 355 2349 551 2389; x_wconf 89' lang='lat' dir='ltr'><strong>Antonino</strong></span> <span class='ocrx_word' id='word_1_351' title='bbox 586 2352 636 2400; x_wconf 87' lang='grc'><strong>1,</strong></span> <span class='ocrx_word' id='word_1_352' title='bbox 685 2351 750 2391; x_wconf 90' lang='grc'><strong>16.</strong></span> <span class='ocrx_word' id='word_1_353' title='bbox 782 2352 919 2389; x_wconf 88' lang='lat' dir='ltr'><strong>dicitur</strong></span> <span class='ocrx_word' id='word_1_354' title='bbox 948 2346 1024 2392; x_wconf 69' lang='grc' dir='ltr'><strong>οὐκ</strong></span> <span class='ocrx_word' id='word_1_355' title='bbox 1051 2347 1173 2406; x_wconf 77' lang='grc' dir='ltr'><em>οἷωρεὶ</em></span> <span class='ocrx_word' id='word_1_356' title='bbox 1202 2342 1392 2405; x_wconf 71' lang='grc' dir='ltr'>λοῦστης,</span> <span class='ocrx_word' id='word_1_357' title='bbox 1439 2352 1504 2390; x_wconf 89' lang='lat' dir='ltr'><strong>ubi</strong></span> <span class='ocrx_word' id='word_1_358' title='bbox 1543 2352 1722 2390; x_wconf 81' lang='lat' dir='ltr'><strong>Gataker</strong></span> 
     </span>
     <span class='ocr_line' id='line_1_34' title="bbox 153 2417 1720 2473; baseline -0.001 -14"><span class='ocrx_word' id='word_1_359' title='bbox 153 2419 244 2460; x_wconf 84' lang='lat' dir='ltr'><strong>illos</strong></span> <span class='ocrx_word' id='word_1_360' title='bbox 280 2418 389 2456; x_wconf 88' lang='lat' dir='ltr'><strong>locos</strong></span> <span class='ocrx_word' id='word_1_361' title='bbox 427 2418 602 2457; x_wconf 88' lang='lat' dir='ltr'><strong>contulit.</strong></span> <span class='ocrx_word' id='word_1_362' title='bbox 674 2417 709 2456; x_wconf 92' lang='lat' dir='ltr'>A</span> <span class='ocrx_word' id='word_1_363' title='bbox 743 2419 950 2458; x_wconf 79' lang='lat' dir='ltr'><strong>Schmidio</strong></span> <span class='ocrx_word' id='word_1_364' title='bbox 989 2434 1098 2471; x_wconf 89' lang='lat' dir='ltr'><strong>meo,</strong></span> <span class='ocrx_word' id='word_1_365' title='bbox 1157 2424 1293 2473; x_wconf 85' lang='lat' dir='ltr'><strong>utpote</strong></span> <span class='ocrx_word' id='word_1_366' title='bbox 1339 2421 1402 2471; x_wconf 92' lang='lat' dir='ltr'><strong>qui</strong></span> <span class='ocrx_word' id='word_1_367' title='bbox 1440 2433 1591 2459; x_wconf 89' lang='lat' dir='ltr'><strong>causam</strong></span> <span class='ocrx_word' id='word_1_368' title='bbox 1632 2420 1720 2459; x_wconf 89' lang='lat' dir='ltr'><strong>talis</strong></span> 
     </span>
     <span class='ocr_line' id='line_1_35' title="bbox 154 2487 1770 2539; baseline 0.002 -13"><span class='ocrx_word' id='word_1_369' title='bbox 154 2487 354 2526; x_wconf 82' lang='lat' dir='ltr'><strong>lavationis</strong></span> <span class='ocrx_word' id='word_1_370' title='bbox 383 2488 473 2525; x_wconf 86' lang='lat' dir='ltr'><strong>inde</strong></span> <span class='ocrx_word' id='word_1_371' title='bbox 503 2487 754 2539; x_wconf 85' lang='lat' dir='ltr'><strong>repetendam</strong></span> <span class='ocrx_word' id='word_1_372' title='bbox 783 2490 989 2539; x_wconf 86' lang='lat' dir='ltr'><strong>censuerit,</strong></span> <span class='ocrx_word' id='word_1_373' title='bbox 1021 2490 1124 2539; x_wconf 91' lang='lat' dir='ltr'><strong>quod</strong></span> <span class='ocrx_word' id='word_1_374' title='bbox 1148 2488 1311 2528; x_wconf 89' lang='lat' dir='ltr'><strong>Romani</strong></span> <span class='ocrx_word' id='word_1_375' title='bbox 1338 2489 1389 2526; x_wconf 87' lang='lat' dir='ltr'><strong>ad</strong></span> <span class='ocrx_word' id='word_1_376' title='bbox 1418 2490 1624 2528; x_wconf 88' lang='lat' dir='ltr'><strong>cruditates</strong></span> <span class='ocrx_word' id='word_1_377' title='bbox 1654 2503 1721 2529; x_wconf 86' lang='lat' dir='ltr'><strong>ex-</strong></span> <span class='ocrx_word' id='word_1_378' title='bbox 1764 2507 1770 2520; x_wconf 62' lang='lat'>2</span> 
     </span>
     <span class='ocr_line' id='line_1_36' title="bbox 152 2554 1720 2609; baseline 0.001 -15"><span class='ocrx_word' id='word_1_379' title='bbox 152 2555 355 2608; x_wconf 87' lang='lat' dir='ltr'><strong>pellendas</strong></span> <span class='ocrx_word' id='word_1_380' title='bbox 386 2555 443 2594; x_wconf 85' lang='lat' dir='ltr'><strong>uti</strong></span> <span class='ocrx_word' id='word_1_381' title='bbox 477 2560 731 2594; x_wconf 89' lang='lat' dir='ltr'><strong>consuessent</strong></span> <span class='ocrx_word' id='word_1_382' title='bbox 757 2554 959 2595; x_wconf 86' lang='lat' dir='ltr'><strong>Laconicis</strong></span> <span class='ocrx_word' id='word_1_383' title='bbox 990 2556 1144 2595; x_wconf 90' lang='lat' dir='ltr'><strong>laudato</strong></span> <span class='ocrx_word' id='word_1_384' title='bbox 1176 2558 1262 2596; x_wconf 91' lang='lat' dir='ltr'><strong>loco</strong></span> <span class='ocrx_word' id='word_1_385' title='bbox 1288 2571 1309 2596; x_wconf 89' lang='lat' dir='ltr'><strong>e</strong></span> <span class='ocrx_word' id='word_1_386' title='bbox 1337 2559 1500 2609; x_wconf 88' lang='lat' dir='ltr'><strong>praefat.</strong></span> <span class='ocrx_word' id='word_1_387' title='bbox 1523 2558 1720 2597; x_wconf 87' lang='lat' dir='ltr'><strong>Columell.</strong></span> 
     </span>
     <span class='ocr_line' id='line_1_37' title="bbox 156 2623 1722 2678; baseline 0.004 -20"><span class='ocrx_word' id='word_1_388' title='bbox 156 2624 198 2672; x_wconf 79' lang='lat'><strong>1,</strong></span> <span class='ocrx_word' id='word_1_389' title='bbox 229 2623 295 2663; x_wconf 88' lang='lat'><strong>16.</strong></span> <span class='ocrx_word' id='word_1_390' title='bbox 327 2628 374 2659; x_wconf 82' lang='lat' dir='ltr'><strong>ut</strong></span> <span class='ocrx_word' id='word_1_391' title='bbox 397 2623 488 2673; x_wconf 81' lang='lat' dir='ltr'><strong>apti</strong></span> <span class='ocrx_word' id='word_1_392' title='bbox 513 2624 722 2662; x_wconf 69' lang='lat' dir='ltr'><strong>veniamus</strong></span> <span class='ocrx_word' id='word_1_393' title='bbox 748 2625 807 2662; x_wconf 82' lang='lat' dir='ltr'><strong>ad</strong></span> <span class='ocrx_word' id='word_1_394' title='bbox 825 2639 999 2677; x_wconf 67' lang='lat' dir='ltr'><strong>ganeae,</strong></span> <span class='ocrx_word' id='word_1_395' title='bbox 1031 2625 1309 2678; x_wconf 77' lang='lat' dir='ltr'><strong>quotidianam</strong></span> <span class='ocrx_word' id='word_1_396' title='bbox 1331 2625 1566 2663; x_wconf 85' lang='lat' dir='ltr'><strong>cruditatem</strong></span> <span class='ocrx_word' id='word_1_397' title='bbox 1584 2626 1722 2665; x_wconf 81' lang='lat' dir='ltr'><strong>Laeo-</strong></span> 
     </span>
     <span class='ocr_line' id='line_1_38' title="bbox 155 2692 1720 2746; baseline 0.004 -18"><span class='ocrx_word' id='word_1_398' title='bbox 155 2692 261 2729; x_wconf 71' lang='lat' dir='ltr'><strong>nicis</strong></span> <span class='ocrx_word' id='word_1_399' title='bbox 291 2692 565 2743; x_wconf 79' lang='lat' dir='ltr'><strong>excoquimus,</strong></span> <span class='ocrx_word' id='word_1_400' title='bbox 593 2692 678 2730; x_wconf 92' lang='lat' dir='ltr'><strong>coll.</strong></span> <span class='ocrx_word' id='word_1_401' title='bbox 711 2693 815 2731; x_wconf 86' lang='lat' dir='ltr'><strong>Cels.</strong></span> <span class='ocrx_word' id='word_1_402' title='bbox 846 2696 887 2744; x_wconf 84' lang='lat'><strong>2,</strong></span> <span class='ocrx_word' id='word_1_403' title='bbox 922 2696 1006 2743; x_wconf 81' lang='lat'><strong>17.‚</strong></span> <span class='ocrx_word' id='word_1_404' title='bbox 1033 2694 1211 2732; x_wconf 88' lang='lat' dir='ltr'><strong>dissentit</strong></span> <span class='ocrx_word' id='word_1_405' title='bbox 1246 2692 1478 2731; x_wconf 79' lang='lat' dir='ltr'><strong>Groebelius</strong></span> <span class='ocrx_word' id='word_1_406' title='bbox 1506 2698 1545 2732; x_wconf 90' lang='lat' dir='ltr'><strong>et</strong></span> <span class='ocrx_word' id='word_1_407' title='bbox 1569 2708 1720 2746; x_wconf 84' lang='lat' dir='ltr'><strong>verens,</strong></span> 
     </span>
     <span class='ocr_line' id='line_1_39' title="bbox 155 2759 1721 2816; baseline 0.004 -18"><span class='ocrx_word' id='word_1_408' title='bbox 155 2772 206 2798; x_wconf 84' lang='lat' dir='ltr'><strong>ne</strong></span> <span class='ocrx_word' id='word_1_409' title='bbox 234 2773 364 2798; x_wconf 88' lang='lat' dir='ltr'><strong>eorum</strong></span> <span class='ocrx_word' id='word_1_410' title='bbox 394 2773 507 2809; x_wconf 92' lang='lat' dir='ltr'><strong>usus,</strong></span> <span class='ocrx_word' id='word_1_411' title='bbox 553 2760 642 2799; x_wconf 86' lang='lat' dir='ltr'><strong>licet</strong></span> <span class='ocrx_word' id='word_1_412' title='bbox 658 2759 741 2809; x_wconf 66' lang='lat' dir='ltr'><strong>{Dio</strong></span> <span class='ocrx_word' id='word_1_413' title='bbox 775 2762 932 2800; x_wconf 84' lang='lat' dir='ltr'><strong>Cassius</strong></span> <span class='ocrx_word' id='word_1_414' title='bbox 965 2762 1041 2811; x_wconf 84' lang='lat'><strong>53,</strong></span> <span class='ocrx_word' id='word_1_415' title='bbox 1096 2763 1165 2804; x_wconf 84' lang='grc'><strong>27.</strong></span> <span class='ocrx_word' id='word_1_416' title='bbox 1192 2759 1424 2800; x_wconf 87' lang='lat' dir='ltr'><strong>Laconicum</strong></span> <span class='ocrx_word' id='word_1_417' title='bbox 1452 2760 1721 2816; x_wconf 81' lang='grc' dir='ltr'><strong><em>πυριατήριον</em></strong></span> 
     </span>
     <span class='ocr_line' id='line_1_40' title="bbox 161 2817 1721 2884; baseline 0.003 -19"><span class='ocrx_word' id='word_1_418' title='bbox 161 2826 210 2865; x_wconf 88' lang='lat' dir='ltr'><strong>ab</strong></span> <span class='ocrx_word' id='word_1_419' title='bbox 230 2826 402 2878; x_wconf 90' lang='lat' dir='ltr'><strong>Agrippa</strong></span> <span class='ocrx_word' id='word_1_420' title='bbox 432 2831 667 2867; x_wconf 84' lang='lat' dir='ltr'><strong>exstructum</strong></span> <span class='ocrx_word' id='word_1_421' title='bbox 696 2834 980 2879; x_wconf 84' lang='lat' dir='ltr'><strong>commemoret,</strong></span> <span class='ocrx_word' id='word_1_422' title='bbox 1007 2817 1284 2882; x_wconf 82' lang='lat' dir='ltr'><strong>posterioribus</strong></span> <span class='ocrx_word' id='word_1_423' title='bbox 1312 2832 1462 2869; x_wconf 88' lang='lat' dir='ltr'><strong>demum</strong></span> <span class='ocrx_word' id='word_1_424' title='bbox 1485 2833 1721 2884; x_wconf 87' lang='lat' dir='ltr'><strong>temporibus</strong></span> 
     </span>
     <span class='ocr_line' id='line_1_41' title="bbox 160 2895 1722 2951; baseline 0.004 -19"><span class='ocrx_word' id='word_1_425' title='bbox 160 2895 210 2932; x_wconf 87' lang='lat' dir='ltr'><strong>ad</strong></span> <span class='ocrx_word' id='word_1_426' title='bbox 246 2896 476 2946; x_wconf 87' lang='lat' dir='ltr'><strong>digerendas</strong></span> <span class='ocrx_word' id='word_1_427' title='bbox 506 2898 713 2936; x_wconf 87' lang='lat' dir='ltr'><strong>cruditates</strong></span> <span class='ocrx_word' id='word_1_428' title='bbox 744 2898 965 2947; x_wconf 85' lang='lat' dir='ltr'><strong>invaluerit,</strong></span> <span class='ocrx_word' id='word_1_429' title='bbox 1018 2897 1127 2948; x_wconf 90' lang='lat' dir='ltr'><strong>hujus</strong></span> <span class='ocrx_word' id='word_1_430' title='bbox 1163 2897 1236 2936; x_wconf 89' lang='lat' dir='ltr'><strong>loci</strong></span> <span class='ocrx_word' id='word_1_431' title='bbox 1269 2899 1538 2951; x_wconf 87' lang='lat' dir='ltr'><strong>turpitudinem</strong></span> <span class='ocrx_word' id='word_1_432' title='bbox 1573 2915 1651 2940; x_wconf 93' lang='lat' dir='ltr'><strong>non</strong></span> <span class='ocrx_word' id='word_1_433' title='bbox 1683 2902 1722 2939; x_wconf 91' lang='lat' dir='ltr'><strong>in</strong></span> 
     </span>
     <span class='ocr_line' id='line_1_42' title="bbox 159 2961 1722 3021; baseline 0.005 -21"><span class='ocrx_word' id='word_1_434' title='bbox 159 2961 320 3003; x_wconf 89' lang='lat' dir='ltr'><strong>lavando</strong></span> <span class='ocrx_word' id='word_1_435' title='bbox 348 2967 463 3016; x_wconf 88' lang='lat' dir='ltr'><strong>putat</strong></span> <span class='ocrx_word' id='word_1_436' title='bbox 493 2965 659 3017; x_wconf 84' lang='lat' dir='ltr'><strong>positam</strong></span> <span class='ocrx_word' id='word_1_437' title='bbox 685 2979 797 3018; x_wconf 83' lang='lat' dir='ltr'><strong>esse,</strong></span> <span class='ocrx_word' id='word_1_438' title='bbox 832 2968 903 3006; x_wconf 87' lang='lat' dir='ltr'><strong>sed</strong></span> <span class='ocrx_word' id='word_1_439' title='bbox 930 2967 969 3004; x_wconf 90' lang='lat' dir='ltr'><strong>in</strong></span> <span class='ocrx_word' id='word_1_440' title='bbox 998 2965 1107 3004; x_wconf 88' lang='lat' dir='ltr'><strong>novis</strong></span> <span class='ocrx_word' id='word_1_441' title='bbox 1144 2965 1291 3018; x_wconf 88' lang='lat' dir='ltr'><strong>epulis,</strong></span> <span class='ocrx_word' id='word_1_442' title='bbox 1325 2968 1375 3006; x_wconf 89' lang='lat' dir='ltr'><strong>ad</strong></span> <span class='ocrx_word' id='word_1_443' title='bbox 1402 2981 1498 3020; x_wconf 89' lang='lat' dir='ltr'><strong>quas</strong></span> <span class='ocrx_word' id='word_1_444' title='bbox 1527 2968 1652 3021; x_wconf 85' lang='lat' dir='ltr'><strong>gulosi</strong></span> <span class='ocrx_word' id='word_1_445' title='bbox 1679 2982 1722 3007; x_wconf 89' lang='lat' dir='ltr'><strong>se</strong></span> 
     </span>
    </p>
   </div>
  </div>
 </body>
</html>
