2028 3268
145 242 201 284 83
258 239 629 280 COMMENTARII
654 240 710 277 IN
736 237 959 278 HORATII
987 235 1160 276 EPIST.
1186 233 1406 275 SECUND.
1437 231 1538 270 LIB.
1557 231 1588 268 Ι.
1620 227 1705 271 189

146 356 252 394 Plat.
278 353 328 393 de
345 355 447 406 Rep.
476 352 516 403 4,
545 355 586 394 7.
617 354 666 391 Ε.
690 366 732 405 p.
761 353 858 394 288.
881 351 1026 391 Stallb.
1055 352 1117 389 De
1146 363 1189 388 re
1218 349 1306 403 ipsa
1323 347 1375 386 cf.
1395 349 1435 388 J.
1455 347 1507 384 D.
1528 343 1703 385 Schulze

146 425 191 462 in
222 422 458 474 Paedagog.
502 421 550 472 Q.
585 422 766 460 Horatii.
804 421 1022 459 Lubbenae
1050 419 1175 461 1807.
1213 415 1308 457 oth.
1337 418 1462 457 vaen.
1497 415 1701 454 Emblem.

146 493 285 531 Horat.
301 504 344 543 p.
362 489 431 532 24.

258 627 307 667 V.
337 627 404 668 70.
437 628 506 668 71.
554 625 707 677 Quodsi
740 638 869 664 cessas
886 647 943 654 -—
967 626 1084 662 insto.
1147 620 1345 662 Similiter
1370 618 1563 674 Sophocl.
1590 619 1703 671 Ajac.

151 695 273 737 1038.
295 691 375 750 ὅτῳ
399 692 444 735 δὲ
463 691 520 748 μή
543 690 636 736 τάδ’
657 693 762 736 ἐστὶν
779 693 823 736 ἐν
841 691 984 749 γνώμῃ
1003 693 1117 745 φίλα,
1132 687 1271 740 κεῖνός
1290 686 1331 731 τ’
1351 690 1484 732 ἐκεῖνα
1502 687 1703 744 στεργέτω,

147 759 259 818 κᾶγαὶ
283 759 393 814 τάδε,
423 775 544 816 quem
573 763 709 801 locum
738 763 986 814 comparavit
1020 759 1228 810 Matthiae,
1259 760 1451 797 Dacerius
1478 766 1616 796 autem
1645 757 1705 794 M.

150 832 341 872 Antonin.
367 834 409 880 7,
430 832 497 873 69.
527 827 626 884 μήτε
649 827 826 882 σφύζειν,
856 825 956 883 μήτε
987 832 1157 885 ναρκᾷν.
1214 831 1355 882 Neque
1375 841 1540 866 sensum
1559 825 1707 865 horum

148 900 363 938 verborum
392 901 488 938 satis
516 899 775 951 perspicuum
797 913 931 952 neque
958 899 1167 947 rationem,
1198 910 1279 951 qua
1310 903 1534 936 commotus
1560 908 1607 933 ea
1632 893 1708 933 ad-

150 967 295 1006 diderit
316 969 516 1016 Horatius,
542 981 683 1006 omnes
703 969 876 1006 assecuti
891 974 986 1006 sunt
1000 968 1250 1019 interpretes,
1275 967 1311 1005 si
1329 965 1530 1004 audiveris
1547 965 1704 1014 Lamb.,

149 1037 283 1089 Cruq.,
313 1035 456 1076 Jaeck.
487 1036 530 1087 [i.
550 1050 584 1073 e.
606 1035 752 1088 Bond.]
777 1043 815 1074 et
833 1036 1109 1086 Doeringium.
1167 1035 1236 1074 Sic
1262 1042 1399 1073 autem
1424 1048 1518 1073 vere
1538 1040 1706 1072 sonant:

148 1106 264 1156 „Ego
298 1103 476 1158 quidem,
506 1104 700 1158 quicquid
729 1112 776 1142 tu
807 1105 960 1156 egeris,
990 1117 1083 1142 meo
1111 1103 1277 1142 modulo
1308 1101 1494 1141 incedere
1523 1115 1706 1155 pergam,

147 1187 280 1226 neque
306 1173 507 1224 tarditate,
538 1176 574 1213 si
600 1187 679 1227 qua
706 1174 780 1212 tibi
805 1174 899 1222 erit,
928 1171 1174 1223 retardatus,
1203 1186 1338 1226 neque
1372 1185 1492 1210 cursu
1521 1172 1606 1209 sive
1640 1183 1709 1209 sa·-

148 1243 324 1295 pientiae
342 1243 467 1280 nimio
485 1250 555 1281 tuo
579 1244 800 1282 aliorumve
823 1241 957 1280 studio
979 1242 1211 1280 incitatus.“
1240 1241 1375 1293 (Notio
1393 1240 1465 1278 illa
1484 1240 1706 1278 aliorumve

150 1312 256 1349 inest
295 1311 338 1348 in
378 1312 693 1350 commutatione
732 1312 914 1349 numeri:
959 1310 1122 1348 tardam
1145 1332 1203 1339 --
1223 1306 1569 1362 praecedentibus.
1616 1306 1708 1347 vid.

151 1380 287 1420 Davis.
322 1378 375 1417 ad
399 1380 480 1420 Cic.
511 1382 559 1418 N.
585 1381 634 1421 D.
663 1381 699 1427 1,
729 1380 800 1421 38.
827 1386 867 1417 et
892 1377 1040 1417 Heind.
1068 1377 1120 1416 ad
1151 1378 1235 1421 Sat,
1252 1379 1292 1428 1,
1318 1376 1359 1428 4,
1382 1375 1470 1431 33.)
1528 1378 1710 1429 Apparet

151 1454 308 1494 autem,
351 1449 563 1486 Horatium
598 1447 698 1487 haec
738 1446 860 1501 (quae
901 1445 1014 1485 haud
1046 1445 1166 1484 dubie
1209 1459 1233 1484 a
1265 1445 1502 1485 decursione
1530 1446 1708 1484 Circensi

150 1516 236 1555 Sat.
271 1517 307 1562 1,
342 1517 380 1564 1,
410 1515 504 1557 114.
534 1518 665 1569 Epist.
691 1519 733 1565 2,
768 1518 809 1566 2,
839 1515 939 1558 204.
967 1517 1094 1568 petita
1121 1516 1234 1568 sunt)
1265 1514 1482 1564 addidisse,
1511 1528 1576 1565 ne,
1605 1528 1708 1568 quae

150 1584 314 1622 alterius
343 1597 462 1622 causa
488 1586 544 1623 ita
566 1587 849 1638 praecepisset,
874 1592 1104 1636 arroganter
1128 1584 1280 1622 dixisse
1304 1582 1523 1623 videretur.
1580 1585 1708 1622 Prae-

148 1658 259 1690 terea
284 1639 390 1700 „hoc
421 1666 581 1706 quoque
604 1655 736 1703 loco‚“
767 1660 811 1691 ut
839 1655 1021 1706 apprime
1056 1659 1221 1691 annotat
1252 1653 1317 1690 Fr.
1349 1653 1524 1702 Jacobs„
1555 1654 1711 1702 „Poeta

149 1733 192 1758 se
218 1719 506 1760 mediocritatis
536 1723 660 1771 illius,
692 1736 816 1775 quam
840 1723 990 1774 ubique
1022 1723 1064 1758 in
1091 1722 1210 1759 rebus
1240 1718 1383 1759 ethicis
1413 1734 1510 1773 prae
1547 1734 1591 1760 se
1617 1722 1708 1769 fert,

149 1787 375 1828 studiosum
397 1789 583 1830 ostendit.
624 1792 753 1843 Epist.
782 1793 822 1838 6,
857 1790 924 1831 15.
959 1791 1056 1831 16.“
1098 1790 1159 1827 Cf.
1189 1796 1324 1828 annot.
1347 1788 1398 1827 ad
1420 1790 1549 1842 Epist.
1571 1791 1610 1840 1,
1638 1791 1708 1832 27.

147 1857 218 1898 32.
249 1856 314 1896 Ad
333 1865 514 1896 nostram
532 1858 822 1911 interpretandi
844 1860 1043 1896 rationem
1059 1859 1246 1911 proxime
1266 1857 1463 1897 accedunt
1482 1858 1709 1901 Hocheder.

151 1932 190 1963 et
217 1926 384 1976 Weber,
415 1941 647 1980 quanquam
674 1927 741 1966 hic
773 1928 896 1965 aliam
922 1928 1115 1980 epistolae
1149 1926 1350 1965 finiendae
1383 1927 1484 1966 vidit
1515 1930 1712 1967 rationem

153 1995 460 2046 consiliumque.
491 1996 552 2036 cf.
574 1997 695 2036 Gesn.
726 1997 894 2048 Stang-io
919 2003 1054 2034 autem
1075 1995 1176 2034 haec
1201 2004 1246 2034 ut
1267 1998 1309 2033 in
1333 1997 1464 2048 Epist.
1498 1997 1537 2046 1,
1565 1999 1603 2046 1,
1627 1998 1711 2038 106

152 2075 242 2115 sqq.
275 2061 413 2100 addita
444 2063 644 2112 videntur,
681 2063 864 2115 „quibas
886 2065 1021 2100 omnia
1034 2071 1254 2114 praecepta
1260 2067 1400 2112 jocose
1423 2064 1711 2104 tollerentur-‘⁶‘

151 2133 206 2169 At
237 2144 335 2182 pace
365 2129 486 2182 hujus
514 2132 590 2169 viri
621 2130 817 2168 dixerim:
846 2132 1024 2169 Lollium
1055 2131 1186 2169 filium
1216 2135 1252 2171 si
1274 2133 1315 2170 in
1333 2131 1410 2170 hac
1438 2134 1623 2185 Epistola
1645 2148 1711 2171 re-

152 2207 333 2252 pertum,
363 2213 408 2237 ac
435 2213 518 2238 non
542 2213 596 2237 ex
620 2212 667 2237 ea
693 2206 894 2237 remotum
920 2201 1133 2249 voluisset,
1171 2214 1254 2239 non
1282 2207 1342 2239 tot
1370 2202 1481 2239 locos
1513 2202 1556 2238 in
1584 2203 1711 2240 alium

152 2281 402 2320 pravumque
433 2266 661 2306 detorsisset
690 2281 867 2307 sensum.
927 2269 1055 2306 Verba
1090 2268 1173 2318 ejus
1195 2269 1238 2305 in
1259 2282 1399 2307 eorum
1425 2271 1609 2320 gratiam,
1641 2272 1710 2323 qui

153 2338 317 2375 alterius
335 2337 458 2388 partis
480 2344 659 2374 amantes
680 2343 785 2386 sunt,
815 2335 895 2374 huc
923 2337 1277 2375 transscribamus:
1308 2338 1478 2388 „Cogita
1498 2340 1712 2377 Horatium

153 2407 367 2457 epistolam
411 2404 463 2442 ad
501 2406 676 2443 amicum
713 2404 818 2457 (sive
847 2418 1043 2456 puerum,
1086 2406 1170 2443 sive
1206 2418 1368 2454 senem,
1410 2404 1515 2444 nihil
1555 2407 1709 2460 moror)

154 2475 336 2522 misisse,
368 2480 413 2511 ut
448 2487 500 2511 ex
526 2475 693 2512 Homeri
727 2475 970 2512 carminibus
1010 2487 1148 2512 veram
1176 2475 1416 2526 sapientiam
1448 2475 1551 2513 bene
1585 2475 1710 2515 edisci

154 2554 270 2592 posse
299 2539 471 2591 doceret,
500 2542 623 2595 idque
649 2545 789 2582 multis
824 2543 1023 2594 exemplis
1059 2541 1294 2592 ostendisse,
1326 2541 1473 2581 deinde
1509 2558 1562 2582 ex
1596 2547 1710 2598 cogi-

155 2610 354 2647 tationum
392 2611 669 2661 conjunctione
708 2613 805 2650 satis
842 2612 1001 2662 vulgari
1029 2612 1188 2661 ipsum,
1221 2624 1324 2664 quae
1359 2612 1408 2649 ab
1430 2613 1605 2652 Homero
1644 2614 1709 2653 di-

156 2676 316 2725 dicerit,
356 2683 549 2730 tanquam
587 2693 641 2717 ex
680 2694 753 2719 sua
789 2693 961 2732 persona
990 2680 1265 2731 praecepisse,
1304 2686 1392 2717 tum
1429 2682 1544 2734 quasi
1574 2684 1706 2724 subito

156 2747 325 2784 senserit
353 2758 396 2783 se
423 2747 549 2785 nimio
582 2747 855 2801 praecipiendi
893 2747 1025 2786 studio
1058 2748 1269 2799 abreptum
1307 2762 1412 2799 esse,
1446 2750 1539 2788 iUos
1568 2765 1707 2792 versus

156 2812 346 2865 adjecisse
381 2815 525 2867 quibus
551 2817 685 2854 omnia
704 2823 914 2869 praecepta
934 2817 1115 2864 tolleret3
1147 2823 1186 2854 et
1211 2818 1419 2869 ingenium
1443 2821 1708 2859 Horatianum

158 2895 372 2934 agnosces,
402 2889 442 2921 et
474 2884 596 2922 simul
631 2885 822 2936 epistolae
854 2885 1008 2937 primae
1044 2891 1222 2923 nostram
1252 2899 1339 2926 esse
1367 2887 1618 2929 simillimam
1643 2893 1708 2930 Vi-
