2028 3268
314 235 368 276 66
450 236 813 275 COMMENTARII
839 237 893 273 IN
925 235 1142 274 HORATlI
1170 234 1338 272 EPIST.
1365 235 1506 272 PRIM.
1536 235 1635 272 LIB.
1665 236 1696 274 Ι.

315 347 491 393 XXVIII,
513 345 648 393 5—8.,
676 359 776 398 quae
796 359 901 382 1111110
919 347 1023 397 typis
1044 347 1208 397 repetita
1227 346 1414 394 leguntur
1429 346 1469 381 in
1490 343 1612 394 ejusd.
1634 344 1826 392 „Samm—

317 414 417 462 lung
449 413 594 449 kleiner
627 412 858 463 Schrifteyff
891 419 962 450 etc.
1010 414 1132 449 Giins.
1164 414 1282 452 1836.
1339 413 1385 448 Ν.
1421 412 1507 459 12,
1543 423 1618 448 von
1645 410 1824 447 Bohlen:

325 478 442 515 Uiber
457 479 624 515 Ilandel
646 478 733 515 und
749 479 971 530 Schqffahrt
991 479 1058 516 des
1080 479 1186 515 alten
1206 479 1367 516 Indiens
1383 479 1425 514 in
1445 477 1513 514 der
1534 479 1568 516 1.
1589 477 1829 527 Sammlzmg

318 547 387 583 der
414 547 557 582 Histor.
593 559 631 582 u.
661 547 780 582 Liter.
837 545 1156 596 Abhandlungen
1189 546 1258 582 der
1282 544 1434 595 konigl.
1465 542 1642 580 deutsch.
1671 544 1828 581 Gesell-

318 610 444 650 schaft
467 626 515 648 zu
534 613 792 662 Ko‘nigsberg.
820 612 916 649 ibid.
943 612 1060 652 1830.
1118 611 1228 648 Idem
1250 614 1291 648 iu
1315 613 1415 649 libro
1445 611 1569 648 bonae
1595 611 1718 660 frugis
1741 612 1829 661 ple-

317 680 504 716 nissimo:
548 679 674 727 „Das
701 678 781 714 alte
809 679 982 715 Ιηιίίεεηιι
1009 686 1081 715 etc.
1139 680 1351 729 Koenigsb.
1389 678 1516 726 1830,
1549 677 1690 729 quibus
1727 675 1828 713 adde

318 747 422 782 Hall.
446 746 620 795 Allgem.
645 747 690 782 L.
711 747 756 781 Ζ.
798 745 915 785 1835.
941 759 999 782 nr.
1021 747 1089 785 81.
1114 760 1152 796 p.
1185 748 1235 786 17
1258 760 1316 798 sq.
1373 746 1450 782 Res
1467 745 1626 780 venales
1650 756 1701 780 ex
1716 742 1830 780 India

317 815 358 849 in
376 813 531 848 Italiam
549 814 725 863 aliasque
746 819 868 849 terras
893 820 1106 863 asportatas
1127 819 1302 849 recenset
1320 818 1473 862 praeter
1492 809 1564 847 hos
1580 811 1686 860 ipsos
1707 809 1830 860 (Hee-

318 892 387 916 ren
404 881 435 926 I,
459 880 498 918 2.
522 892 560 929 p.
579 878 694 928 460.)
727 881 864 916 Mauso
887 880 915 915 l.
936 880 962 916 l.
982 892 1019 929 p.
1037 879 1131 918 383.
1155 885 1272 930 atque
1296 881 1337 915 iu
1363 879 1493 916 Verm.
1515 874 1726 914 Ablzandl.
1747 876 1833 913 und

319 946 530 996 Aassfflze.
589 946 712 982 Bresl.
753 945 871 985 1821.
899 960 939 996 p.
969 944 1051 985 255
1084 958 1170 996 sqq.
1241 947 1367 982 Locos
1397 946 1548 996 aliquot
1586 958 1636 981 ex
1663 947 1829 982 Roman.

319 1014 445 1063 poetis
464 1013 549 1062 ipse
572 1013 751 1062 congessi
768 1013 810 1047 in
835 1011 895 1049 ed.
922 1014 957 1052 1.
976 1026 1013 1062 p.
1030 1009 1095 1050 44.
1154 1012 1213 1048 Cf.
1235 1013 1389 1049 Dissen.
1415 1011 1464 1048 ad
1484 1013 1576 1049 Tib.
1602 1013 1638 1060 1,
1659 1013 1696 1052 1.
1716 1012 1830 1063 p.22.

428 1081 475 1118 V.
495 1077 562 1119 47.
590 1077 655 1118 48.
713 1078 778 1114 Ne
798 1092 907 1115 czares
935 1101 991 1106 —
1024 1091 1100 1114 non
1122 1077 1212 1115 ris?
1266 1079 1330 1114 Ex
1355 1079 1548 1115 sententia
1573 1079 1756 1116 Lambini
1783 1090 1833 1114 ne

320 1146 358 1183 h.
380 1146 409 1182 l.
434 1147 541 1183 valet
562 1152 606 1182 ut
625 1158 703 1181 non
716 1172 730 1190 ,
753 1152 797 1181 ut
817 1144 883 1181 hic
906 1145 1117 1182 verborum
1139 1143 1233 1181 ordo
1262 1145 1335 1180 sit:
1360 1158 1438 1181 non
1463 1148 1522 1181 vis
1542 1145 1688 1181 discere
1709 1166 1765 1172 —-
1785 1157 1833 1180 ne

321 1226 431 1250 cures
458 1214 484 1249 i.
506 1226 540 1249 e.
571 1219 615 1249 ut
641 1211 796 1248 desinas
823 1225 978 1260 curare,
1014 1224 1115 1263 quae
1143 1210 1232 1248 -2
1290 1211 1403 1257 Quod
1432 1224 1658 1264 quanquam
1683 1211 1731 1247 ab
1757 1223 1834 1247 usu

322 1281 535 1317 Horatiano
553 1292 633 1316 11011
655 1292 814 1330 prorsus
840 1277 1022 1315 abhorret
1055 1276 1153 1327 (vid.
1172 1276 1350 1315 Hoched.
1374 1277 1424 1314 ad
1441 1279 1488 1314 A.
1513 1279 1557 1315 P.
1581 1277 1714 1326 152),
1746 1289 1834 1312 ma-

322 1349 396 1384 lim
419 1354 552 1384 tamen
573 1347 789 1397 particulae
811 1359 860 1382 ne
884 1358 999 1382 suam
1025 1358 1179 1382 servare
1205 1343 1440 1396 prohibendi
1463 1345 1527 1381 vel
1556 1342 1717 1380 vetandi
1739 1344 1832 1380 vim.

322 1416 444 1451 Poeta
464 1414 571 1449 0111111
590 1413 639 1450 ad
658 1414 797 1461 verba,
828 1426 929 1464 quae
949 1426 1012 1450 vv.
1035 1410 1088 1452 43
1111 1425 1197 1463 sqq.
1219 1411 1476 1459 antecedunt,
1505 1413 1736 1462 respiciens,
1758 1409 1836 1462 hoc

324 1481 430 1518 vult:
465 1482 548 1528 „Ac
572 1493 643 1527 ne,
675 1487 719 1516 ut
743 1488 936 1518 mercator
961 1481 1029 1516 ille
1062 1480 1223 1530 ejusque
1249 1480 1421 1525 similes,
1453 1479 1522 1530 qui
1541 1491 1701 1515 omnem
1722 1478 1836 1515 labo—

323 1560 408 1584 rem
428 1547 543 1583 rebus
566 1547 747 1583 inanibus
774 1546 1030 1597 impendunt,
1058 1544 1202 1583 stolida
1226 1547 1367 1582 talium
1391 1558 1521 1582 rerum
1543 1543 1756 1595 cupiditate
1776 1544 1836 1580 af-

324 1615 486 1661 ficiaris,
520 1626 602 1649 non
620 1615 678 1649 vis
700 1627 744 1650 ea
763 1626 1018 1663 cognoscere,
1053 1626 1152 1664 quae
1186 1613 1257 1649 illa
1283 1613 1386 1649 bona
1418 1613 1445 1648 i.
1466 1625 1499 1648 e.
1539 1605 1695 1648 divitias
1719 1617 1838 1662 atque

325 1678 493 1715 honores
509 1679 621 1716 flocci
635 1680 763 1716 facere
785 1693 857 1717 nos
883 1679 1024 1716 docent
1035 1678 1054 1716 ἲ
1065 1681 1089 1700 “
1139 1679 1296 1716 Audire
1313 1686 1446 1716 autem
1466 1691 1543 1715 non
1570 1685 1628 1715 est
1650 1676 1838 1729 hysteron

326 1752 522 1797 proteron,
542 1752 586 1782 ut
605 1748 658 1783 ait
677 1746 898 1784 Scholiasta
917 1747 1100 1797 Cruquii,
1126 1745 1196 1782 sed
1214 1753 1280 1782 aut
1294 1745 1413 1782 habet
1434 1747 1636 1782 notionem
1659 1745 1838 1795 obsequii

327 1812 495 1862 (Donat.
525 1810 576 1848 ad
606 1813 768 1850 Terent.
800 1814 901 1849 Eun.
931 1813 979 1860 2,
1014 1813 1064 1860 3,
1092 1813 1159 1852 79.
1191 1814 1271 1850 Cic.
1308 1814 1434 1863 Epist.
1463 1811 1513 1848 ad
1530 1812 1618 1848 Div.
1644 1813 1693 1859 2,
1724 1813 1772 1859 7,
1797 1812 1838 1851 2.

290 1892 304 1895 ”
327 1876 471 1917 Ochsn.
506 1877 557 1914 ad
585 1877 696 1915 Ovid.
724 1880 817 1915 Met.
848 1880 901 1926 2,
936 1877 1060 1928 429.)
1101 1887 1168 1916 aut
1202 1882 1406 1927 Horatius,
1451 1879 1518 1929 qui
1549 1877 1599 1914 ad
1628 1878 1841 1928 φιληκοΐαν

328 1942 576 1992 adhortatur,
606 1945 807 1982 vocabulis
831 1943 1007 1994 ejusdem
1030 1945 1111 1982 sere
1140 1946 1432 1995 significationis
1467 1946 1609 1991 utitur,
1636 1950 1680 1979 ut
1702 1943 1841 1980 audire

328 2013 379 2049 sit
404 2011 570 2049 verbum
592 2012 634 2047 in
661 2009 735 2048 hac
766 2025 806 2048 re
835 2012 1137 2049 usitatissimum
1165 2019 1203 2048 et
1231 2011 1379 2050 discere
1403 2012 1554 2048 volenti
1576 2011 1842 2047 necessarium

330 2076 428 2128 (vid.
452 2079 587 2115 Arntz.
619 2076 669 2114 ad
700 2079 783 2115 Cat.
804 2079 904 2114 Dist.
936 2079 1005 2115 lib.
1031 2082 1068 2120 2.
1100 2079 1263 2129 praefat.
1290 2093 1324 2116 v.
1354 2081 1418 2120 10.
1444 2093 1483 2129 p.
1504 2077 1637 2129 110.)‚
1670 2089 1842 2128 quocum

327 2145 428 2181 bene
447 2145 630 2181 convenit
654 2144 806 2181 meliori
833 2144 985 2182 credere
1010 2147 1036 2181 i.
1068 2160 1101 2182 e.
1133 2148 1359 2196 sapientiori
1383 2159 1424 2183 se
1456 2144 1634 2191 credere,
1673 2151 1717 2181 ut
1745 2146 1842 2182 scite

330 2211 502 2261 explicat
523 2210 653 2247 Hand.
685 2211 735 2248 ad
755 2210 907 2262 Wopk.
939 2213 1064 2249 Lectt.
1090 2214 1198 2250 Tull.
1237 2227 1276 2264 p.
1309 2211 1401 2253 149.
1461 2213 1526 2250 Sic
1550 2212 1674 2262 Epist.
1699 2212 1747 2258 2,
1771 2211 1841 2251 68·

330 2292 437 2315 mmo
459 2286 494 2315 te
510 2275 734 2315 melioribus
752 2277 849 2329 offer
859 2292 876 2324 ,·
904 2279 983 2316 nisi
1008 2281 1095 2331 quis
1114 2281 1229 2317 malit
1249 2294 1368 2318 sensu
1384 2281 1511 2330 magis
1533 2279 1772 2314 Graecorum
1788 2277 1843 2313 il-

330 2343 402 2382 lud
419 2344 685 2396 interpretari:
715 2345 931 2385 πείθεσθαι
949 2348 1003 2401 τῷ
1029 2348 1218 2399 βελτίονι,
1258 2349 1359 2384 Plat.
1381 2347 1497 2397 Apol.
1527 2345 1635 2382 socr.
1657 2355 1689 2379 c.
1711 2343 1776 2382 17.
1795 2343 1842 2379 Β.

332 2412 526 2463 Quicquid
548 2418 618 2458 est,
635 2410 812 2448 audendi
828 2413 1006 2461 verbum,
1034 2413 1141 2465 quod
1153 2414 1324 2452 Gesnero
1343 2411 1679 2451 vehementiorem
1697 2408 1844 2446 habere

333 2483 392 2512 est
407 2478 537 2515 visum
556 2484 595 2514 et
621 2477 811 2513 acriorem
831 2475 1160 2526 cohortationem,
1189 2478 1230 2517 h.
1249 2481 1277 2517 l.
1298 2479 1412 2517 valde
1435 2477 1630 2528 displicet.
1683 2477 1844 2514 Etenim

334 2547 378 2577 ut
396 2542 533 2579 audire
551 2544 741 2581 leviorem
761 2557 883 2596 quam
906 2545 1051 2581 discere
1075 2543 1220 2582 habeat
1240 2546 1536 2596 significationis
1564 2545 1646 2581 vim
1659 2573 1669 2592 ,
1702 2544 1843 2595 optimi

334 2608 538 2657 scriptores
556 2610 598 2645 in
618 2610 891 2648 coacervandis
916 2611 1065 2658 verbis,
1097 2611 1238 2662 quibus
1259 2610 1309 2647 ad
1326 2609 1647 2662 persuadendum
1667 2617 1844 2658 utuntur,

335 2686 451 2723 saepe
473 2674 735 2724 perturbatius
755 2677 851 2713 talia
871 2675 1100 2723 effundunt,
1135 2676 1215 2714 vid.
1238 2678 1342 2715 Cort-
1364 2677 1415 2714 ad
1440 2677 1603 2715 Sallust.
1630 2676 1713 2714 Cat.
1732 2676 1778 2724 5,
1803 2677 1845 2717 5.

337 2746 376 2776 et
391 2740 519 2776 Beier.
542 2739 592 2776 ad
606 2741 684 2778 Cic.
706 2742 780 2779 Off.
796 2742 836 2790 3,
857 2742 924 2782 33.
942 2756 982 2794 p.
998 2740 1094 2783 414.
1128 2745 1215 2780 Huc
1237 2742 1406 2792 accedit,
1435 2742 1542 2795 quod
1559 2745 1694 2791 Poeta,
1720 2755 1845 2795 quum

336 2807 511 2858 σπουδῆς
531 2804 620 2854 ἄξια
646 2820 864 2858 proponere
884 2809 1028 2856 vellet,
1057 2806 1120 2846 his
1148 2810 1244 2860 ipsis
1270 2811 1399 2847 verbis
1419 2810 1599 2847 allusisse
1619 2808 1776 2847 videtur
1794 2808 1846 2846 ad

335 2874 451 2911 illum
471 2873 738 2910 Romanorum
770 2888 937 2924 morem,
970 2888 1047 2928 quo
1062 2876 1228 2926 juvenes
1256 2874 1308 2912 ad
1327 2877 1456 2913 virum
1478 2874 1678 2928 quendam
1698 2875 1847 2926 princi-
