2028 3268
434 248 518 291 362
575 250 946 291 COMMENTARII
972 251 1029 289 IN
1056 250 1276 290 HORATII
1303 251 1402 290 LIB.
1423 254 1451 291 1.
1470 253 1637 293 EPIST.
1657 255 1802 294 SEPT.
1886 255 1944 297 90

436 374 633 412 collectum
656 374 839 423 nullisque
867 373 963 410 cun‘s
993 373 1213 411 districtum.
1272 373 1451 412 Ceterum
1479 375 1730 415 dulcissimum
1747 377 1838 415 illud
1855 377 1946 428 Epi-

434 441 584 479 theton:
614 440 743 477 dulois
775 441 918 483 amice,
950 440 1052 489 quod
1078 445 1139 479 est
1167 441 1247 478 Sat.
1281 443 1319 490 1,
1349 442 1396 490 3,
1430 441 1499 480 69.
1532 443 1642 493 139.,
1668 444 1835 494 pluribus
1863 443 1946 481 illu-

434 513 530 546 strat
558 508 735 546 Arntzen.
765 507 814 544 ad
843 507 928 544 Cat.
957 505 1119 545 Distich.
1151 509 1200 556 1,
1234 505 1303 547 34.
1334 508 1383 545 cf.
1414 507 1539 546 Thiel.
1571 510 1619 547 ad
1651 509 1758 560 Virg.
1786 509 1883 548 Aen.
1913 511 1943 547 Ι.

432 588 470 626 p.
502 573 597 616 215.

543 639 589 677 V.
619 640 684 680 13.
748 639 847 676 Cum
874 639 1078 690 Zephyris.
1135 641 1195 680 Ita
1215 640 1370 679 Lucret.
1401 640 1442 689 5,
1471 641 1568 680 736.
1625 640 1667 678 It
1697 641 1774 678 Voe·
1797 647 1834 677 et
1863 641 1908 679 V
1903 654 1945 677 e-

432 721 508 743 nus
547 713 587 742 et
597 734 612 751 ,
667 706 779 743 Veris
813 707 1074 756 praenuntius
1085 733 1102 752 ,
1147 714 1239 743 ante
1271 714 1470 756 pennatus
1503 707 1689 758 graditur
1725 706 1939 757 Zephyrus.

431 772 567 813 Catull.
594 769 675 822 47,
706 775 727 813 1
756 785 816 822 sq.
872 774 967 810 Jam
994 787 1063 810 ver
1088 774 1260 824 egelidos
1287 774 1407 825 refert
1433 781 1597 824 tepores,
1625 774 1719 810 Jam
1747 774 1845 811 coeli
1859 774 1942 825 su-

429 853 494 876 ror
532 838 832 889 aequinoctialis
867 839 1054 877 Jocondis
1090 841 1266 892 Zephyri
1303 840 1448 878 silescit
1475 841 1599 877 auris.
1658 841 1763 890 Virg.
1795 841 1870 878 Ge.
1902 842 1940 889 1,

426 904 496 945 44.
561 906 659 943 Vere
685 919 803 951 novo,
828 907 987 957 gelidus
1014 908 1126 944 canis
1154 922 1277 959 quum
1305 906 1500 944 montibus
1524 906 1665 944 humor
1685 908 1876 958 Liquitur
1902 914 1941 944 et

429 971 609 1022 Zephyro
630 973 766 1022 plitris
792 987 832 1010 se
849 973 972 1024 gleba
995 974 1169 1012 resolvit.
1230 975 1394 1026 Zephyri
1423 975 1520 1012 enim
1547 974 1624 1011 Od.
1657 975 1702 1022 1,
1743 972 1793 1022 4,
1834 976 1872 1014 1.
1901 977 1942 1011 et

426 1050 451 1076 a
478 1039 662 1076 Cicerone
690 1040 863 1076 Favonii
897 1042 1077 1078 nominati
1116 1044 1156 1078 et
1193 1042 1253 1079 die
1287 1045 1393 1079 sexto
1418 1044 1506 1078 ante
1532 1041 1616 1078 idus
1644 1041 1868 1079 Februarias
1891 1040 1938 1078 ab

426 1118 565 1143 occasu
600 1119 720 1156 eoque
761 1107 1023 1156 aequinoctiali
1050 1109 1212 1158 flantes,
1253 1108 1435 1147 Romanis
1464 1121 1530 1146 ver
1557 1108 1799 1158 aperiebant,
1839 1109 1939 1145 unde

426 1173 625 1223 Zephyrus
646 1180 766 1223 pater
795 1175 899 1210 veris
926 1174 1133 1213 Claudiano
1162 1176 1280 1214 audit.
1336 1175 1420 1212 Vid.
1448 1174 1613 1214 Mitsch.
1644 1175 1694 1211 ad
1722 1175 1799 1212 Od.
1831 1177 1871 1223 1,
1894 1171 1937 1223 4,

429 1241 466 1280 1.
496 1237 547 1288 4,
581 1239 655 1289 12,
689 1242 725 1281 1.
756 1239 877 1291 (cujus
908 1242 1146 1280 doctissimae
1180 1242 1402 1293 expositioni
1428 1255 1526 1279 nunc
1555 1241 1652 1278 adde
1681 1241 1729 1277 de
1757 1239 1936 1278 Ornithiis

425 1320 463 1346 ν.
486 1307 679 1348 Ηαιινηεν,
709 1309 747 1344 in
775 1307 873 1344 Mus.
901 1307 1025 1346 Rhen.
1046 1310 1167 1349 1837.
1196 1310 1263 1347 IV.
1292 1307 1473 1359 p.516.)‚
1503 1307 1615 1345 Voss.
1645 1311 1684 1345 et
1705 1307 1862 1356 Forbig.
1886 1307 1936 1344 ad

423 1373 526 1424 Virg.
554 1374 579 1411 1.
611 1374 637 1412 l.
667 1374 843 1412 Wernsd.
871 1376 919 1412 ad
933 1375 1103 1421 *Pentad.
1133 1379 1173 1425 2,
1205 1379 1242 1417 1.
1272 1376 1336 1414 III.
1366 1388 1405 1425 p.
1437 1376 1530 1417 268.
1554 1373 1766 1411 hirundine
1785 1375 1934 1424 prima,

423 1440 480 1479 Ita
519 1445 676 1491 utraque
711 1455 772 1479 res
803 1442 974 1492 jungitur
1002 1455 1063 1492 ap.
1094 1441 1196 1492 Virg.
1223 1443 1261 1480 in
1291 1443 1362 1480 Ge.
1394 1441 1447 1491 4,
1495 1441 1591 1482 305.
1648 1442 1741 1478 Hoc
1763 1443 1934 1493 geritur,

423 1507 615 1558 Zephyris
647 1510 823 1558 primum
861 1507 1152 1558 impellentibus
1190 1509 1343 1557 undas,
1386 1531 1444 1537 —
1479 1515 1572 1545 ante
1605 1508 1785 1546 Gamala
1812 1521 1934 1559 quam

422 1576 543 1624 tignis
571 1575 711 1612 nidum
734 1577 950 1625 suspendat
976 1575 1162 1613 hirundo.
1223 1575 1418 1613 Columell.
1436 1576 1483 1612 de
1503 1575 1602 1612 Cult.
1617 1575 1727 1613 Hort.
1749 1574 1931 1615 77—80.

419 1640 578 1679 Leonid.
609 1643 647 1679 in
675 1642 762 1679 Del.
792 1643 924 1692 Epigr.
956 1643 1016 1680 ed.
1046 1643 1111 1680 Fr.
1141 1643 1222 1679 Jac.
1255 1644 1300 1690 1,
1339 1644 1416 1691 88,
1457 1643 1494 1680 1.
1523 1644 1742 1693 λαλαγεῦσα
1767 1638 1932 1691 χελιδών

419 1703 499 1756 ἤδη
529 1705 767 1758 μέμβλωκεν,
797 1705 852 1759 χω’
882 1709 1030 1759 χαρίεις
1058 1708 1253 1758 Ζέφυρος.
1312 1709 1476 1758 Oppian.
1502 1707 1548 1744 A.
1578 1708 1619 1756 3,
1651 1705 1744 1748 244.
1777 1704 1930 1758 εἷαρινῆ

419 1770 610 1824 Ζεφύρου
638 1772 909 1827 πρωτᾶγγελος
939 1772 1055 1827 ὅρνις.
1118 1776 1210 1812 Inde
1236 1774 1389 1812 Petron.
1421 1775 1487 1814 55.
1516 1774 1645 1823 (Both.
1671 1774 1823 1823 Fragm.
1853 1774 1929 1810 Co-

418 1841 501 1877 mic·
529 1854 568 1890 p.
600 1838 715 1891 264.)
769 1841 875 1878 Avis
905 1842 1016 1878 exsul
1041 1840 1197 1885 hiemis,
1226 1840 1364 1877 titulus
1396 1840 1518 1890 tepidi
1547 1842 1741 1890 temporis.
1796 1839 1927 1877 Avien.

416 1906 553 1947 Descr.
573 1907 667 1944 Orb.
689 1908 785 1946 706.
815 1921 902 1945 vere
931 1922 1029 1944 novo
1060 1907 1177 1943 tellus
1204 1920 1244 1943 se
1272 1907 1374 1944 dura
1401 1907 1570 1951 relaxat,
1605 1905 1929 1956 Culminibusque

418 1976 528 2010 cavis
553 1973 746 2010 blandum
774 1976 911 2025 strepit
942 1974 1025 2011 ales
1053 1974 1236 2011 hirundo.
1295 1974 1458 2023 Oppian.
1480 1973 1526 2011 A.
1553 1975 1592 2022 1,
1613 1973 1709 2015 729.
1735 1973 1929 2024 εἰαρινῆσι

417 2035 626 2091 χελιδόσιν.
692 2040 851 2078 Philem.
880 2041 1035 2091 Fragm.
1060 2040 1191 2079 CXIV.
1247 2038 1294 2078 ‘H
1327 2038 1399 2090 μὲν
1437 2037 1599 2091 χελιδών
1637 2037 1679 2080 τὰ
1712 2038 1853 2091 θέρος,
1896 2035 1929 2080 03

414 2102 558 2158 γύναι,
606 2109 723 2147 λαλεῖ.
779 2107 840 2146 De
877 2108 948 2145 hoc
986 2109 1181 2146 notissimo
1212 2107 1444 2145 Graecorum
1479 2106 1677 2158 proverbio
1705 2107 1779 2143 vid.
1808 2106 1926 2143 Hadr.

415 2174 501 2210 Jun.
533 2173 684 2222 Adagg.
714 2173 824 2212 Cent.
852 2174 933 2224 VH,
962 2176 1029 2217 21.
1086 2175 1234 2212 Erasm.
1264 2173 1412 2224 Adagg.
1439 2176 1476 2223 1,
1507 2175 1556 2222 6,
1585 2173 1651 2213 59.
1680 2176 1719 2210 et
1747 2173 1795 2209 de
1821 2185 1926 2210 men-

414 2241 562 2277 dicandi
585 2241 659 2277 ritu
678 2228 925 2290 χελιᾶονίζειν
945 2246 1078 2280 vocato
1097 2241 1273 2279 Wernsd.
1293 2242 1342 2278 ad
1360 2240 1470 2278 Poet.
1490 2240 1555 2277 lat.
1574 2241 1662 2277 min.
1681 2239 1725 2276 V.
1747 2253 1784 2289 p.
1807 2238 1923 2280 1041.

414 2308 579 2345 Omnino
618 2307 666 2344 de
705 2307 918 2344 hirundine
946 2310 1048 2345 veris
1071 2309 1314 2358 praenuntia
1353 2308 1453 2344 conf.
1481 2295 1634 2344 Mitseh.
1665 2310 1704 2344 et
1730 2306 1848 2344 Orell.
1877 2307 1924 2343 ad

414 2375 491 2411 Od.
521 2374 561 2423 4,
593 2375 659 2422 12,
691 2374 730 2413 5.
789 2374 869 2412 Cic.
899 2376 947 2411 ad
977 2374 1090 2412 Attio.
1126 2375 1188 2420 10,
1218 2377 1256 2416 2.
1285 2375 1326 2424 9,
1356 2375 1423 2414 18.
1482 2374 1594 2410 Ovid·
1623 2373 1729 2410 Fast·
1759 2374 1798 2421 2,
1828 2372 1922 2412 853.

414 2441 592 2491 Calpurn.
623 2440 673 2489 5,
719 2441 784 2480 16.
817 2441 883 2481 17.
940 2441 1100 2478 Pentad.
1132 2443 1182 2489 2,
1228 2442 1294 2480 17.
1350 2439 1503 2477 Anthol.
1533 2440 1599 2476 lat.
1630 2439 1691 2476 ed.
1720 2438 1849 2476 Burm.
1883 2440 1922 2487 5,

412 2506 482 2555 74,
512 2508 551 2547 3.
609 2507 766 2544 Hesiod.
797 2508 873 2558 Op.
906 2513 944 2546 et
970 2508 1019 2547 D.
1042 2509 1136 2548 566.
1194 2506 1386 2557 Aristoph.
1409 2505 1535 2554 Equit.
1557 2504 1652 2543 419.
1709 2505 1922 2555 Demophil.

412 2573 609 2611 Similitud.
641 2571 710 2614 40.
739 2586 799 2624 ap.
832 2575 951 2613 Orell.
982 2576 1012 2614 Ι.
1034 2589 1072 2626 p.
1095 2577 1134 2615 8.
1192 2573 1372 2611 Athenae-
1394 2573 1434 2620 8,
1467 2572 1531 2612 15-
1552 2585 1591 2621 P·
1615 2573 1710 2612 360-
1766 2572 1920 2610 Munck·

412 2640 461 2676 ad
487 2639 626 2690 Hygin.
655 2639 749 2677 Fab.
778 2641 846 2681 45.
876 2656 915 2693 p.
942 2640 1010 2681 94.
1067 2641 1163 2679 Zell.
1191 2639 1583 2690 ,‚Ferienschriften.“
1611 2639 1643 2676 I.
1668 2651 1708 2688 p.
1736 2639 1805 2679 68.
1833 2651 1919 2687 sqq.

412 2710 453 2744 et
478 2719 517 2756 p.
548 2707 614 2746 89.
644 2707 697 2744 N.
729 2709 794 2749 12.

523 2770 567 2810 V.
602 2770 666 2813 14.
687 2795 743 2802 -
764 2773 829 2814 19.
889 2773 987 2811 Non
1024 2787 1100 2826 quo
1127 2795 1183 2801 ——·
1210 2773 1419 2825 relinques.
1487 2772 1764 2810 Sententiarum
1803 2771 1917 2808 ordo:

412 2837 662 2888 „Absentiam
697 2845 822 2879 autem
862 2853 982 2879 meam
1014 2842 1053 2879 in
1090 2841 1238 2890 longius
1272 2845 1420 2891 tempus
1448 2839 1693 2877 differendam
1719 2851 1766 2876 eo
1797 2839 1917 2875 minus

410 2918 525 2956 aegre
554 2906 666 2954 feres,
697 2908 895 2956 quinimmo
920 2907 1060 2947 lubenti
1087 2908 1208 2946 animo
1237 2907 1322 2946 mihi
1346 2907 1544 2955 concedes,
1573 2920 1647 2957 quo
1670 2906 1810 2956 majora
1831 2909 1918 2942 sunt
