2054 3268
590 260 732 298 LIBRI
759 259 792 296 1.
850 255 1116 295 EPISTOLA
1146 257 1178 294 l.

1632 248 1686 290 11

194 381 344 426 Laevo
372 378 571 437 suspensi
595 375 763 421 loculos
788 372 1060 430 tabulamque
1087 371 1268 415 lacerto.

196 461 282 507 Est
308 459 473 503 animus
501 459 601 517 tibi,
637 459 736 500 sunt
762 467 933 512 mores,
964 456 1032 496 est
1058 452 1212 511 lingua
1236 450 1442 512 fidesque,

197 540 292 587 Sed
319 538 642 599 quadringentis
673 549 753 579 sex
781 538 956 593 septem
976 532 1111 576 millia
1139 532 1311 593 desunt,
1334 558 1396 564 —

131 685 219 721 Min.
241 683 376 718 Bersm.
402 682 541 725 Bentl.,
575 692 677 726 quem
701 690 777 724 seq.
801 677 878 712 fere

131 746 280 779 recentt.
299 741 403 776 etiam
419 740 528 782 Pott„
545 738 606 783 qui
622 738 666 772 de
681 737 754 771 suis
770 740 876 770 tacet.

130 801 334 835 Pracdocet.
366 798 455 832 Mss.
484 796 530 830 al.
556 807 615 841 ap.
640 795 751 839 Cruq.
769 793 878 827 Talb.

131 859 254 894 Feam.
281 869 340 892 un.
366 867 424 902 ap.
450 852 609 888 Hoched.
646 851 769 886 Guelf.
789 852 821 886 1.
841 849 877 885 3.

131 915 244 950 Dor-v.
263 917 297 950 1.
313 915 348 949 2.
380 912 476 947 Edd.
493 915 583 945 vett.
600 921 660 956 ap.
677 909 799 950 Feam‚
824 912 877 941 et-

133 975 202 1008 iam
216 972 318 1018 Lips.
332 971 414 1006 492.
447 967 626 1003 perdocet.
658 967 745 1001 Mss.
773 965 878 1010 reliq.

133 1031 316 1077 ap-Cruq.
334 1028 442 1061 Torr.
461 1025 569 1060 Talb.
587 1036 646 1059 un.
665 1036 724 1070 ap.
741 1023 878 1057 Bersm.

134 1093 171 1123 et
184 1085 345 1122 Hoched.
376 1084 471 1118 Edd.
495 1087 585 1117 vett.
613 1093 672 1128 ap.
690 1082 757 1116 Fe.
775 1081 879 1115 etiam

131 1145 243 1180 Loch.
253 1143 366 1178 Pulm.
377 1143 488 1176 Fabr.
498 1139 653 1186 Xyland.
662 1139 757 1174 Pisc.
769 1139 878 1172 Torr.

132 1203 213 1250 (qui
228 1202 319 1246 def.)
335 1201 384 1235 H.
398 1199 522 1245 Steph.
535 1198 615 1244 (qui
630 1197 703 1231 def.
717 1197 754 1230 in
763 1196 879 1230 Diatr.

132 1274 170 1308 p.
185 1260 244 1296 45.
263 1260 361 1303 127.)
385 1257 498 1291 Chab.
517 1261 554 1290 et
570 1254 664 1298 edd„
681 1265 770 1299 quas
784 1253 879 1287 vidi-

132 1330 222 1362 muS,
243 1328 338 1351 saec.
357 1316 414 1350 16.
431 1315 508 1348 fere
523 1325 627 1357 omn„
655 1324 676 1346 e
692 1312 879 1346 recentior.

133 1376 221 1410 Dac.
254 1372 427 1408 Maittair.
460 1373 584 1417 Camp.
624 1371 770 1424 Educet.
809 1369 880 1403 Ms-

134 1445 194 1468 un.
219 1444 278 1478 ap.
303 1432 413 1476 Cruq.
448 1449 496 1455 —
529 1414 693 1463 recitata.
733 1425 805 1462 Ms.
833 1427 880 1460 D.

132 1503 192 1537 ap.
218 1489 364 1539 Oberl.‚
397 1487 458 1521 sed
486 1498 579 1521 corr.
597 1485 882 1521 dictata—haec

124 1550 203 1594 juv.
229 1546 357 1582 recia..
385 1545 456 1579 Ms.
484 1544 606 1578 Guelf.
632 1544 667 1579 4.
715 1544 882 1577 Ceterum

132 1603 412 1652 praepositiones
414 1614 502 1658 pro,
515 1613 617 1646 prae,
631 1612 696 1646 per
711 1613 786 1635 cum
798 1612 879 1635 ver-

130 1665 186 1699 bis
220 1661 434 1708 compositae
466 1671 575 1704 saepe
605 1659 879 1693 confunduntur.

130 1721 215 1756 vid.
231 1720 341 1755 Drak.
359 1719 404 1754 ad
420 1718 502 1752 Liv.
520 1717 554 1760 5,
574 1716 628 1760 15,
646 1718 681 1752 8.
715 1717 816 1750 Cort.
835 1716 880 1750 ad

131 1779 266 1813 Lucan.
282 1777 316 1821 4,
341 1776 424 1812 484.
458 1775 602 1810 Wakef.
621 1774 666 1808 ad
682 1773 827 1808 Lucret.
845 1773 880 1817 5,

131 1837 211 1872 894.
228 1836 360 1880 Wagn.
379 1834 423 1868 ad
440 1833 543 1878 Virg.
560 1832 641 1866 Ecl.
662 1834 694 1875 1,
712 1832 771 1867 73.
790 1831 879 1865 Aen.

134 1894 190 1936 12,
210 1893 290 1927 106.
300 1910 348 1917 -—
361 1902 523 1936 senesque
537 1896 571 1925 et
587 1891 680 1934 conj.
698 1889 880 1924 Marklan-

131 1949 197 1984 ‹lus
213 1949 251 1983 in
266 1949 457 1994 Explicatt.
474 1949 584 1983 Veter.
601 1948 686 1992 aliq.
703 1953 797 1985 auct.
814 1948 880 1982 loc.

130 2007 182 2041 acl
194 2007 324 2040 calcem
342 2006 468 2052 Eurip.
486 2006 644 2051 Supplic.
667 2017 705 2050 Ρ.
723 2005 803 2040 304.
823 2005 880 2039 ed.

134 2064 248 2108 Lip‘s„
265 2069 305 2097 ut.
318 2074 441 2097 sensus
458 2064 520 2098 sit:
534 2064 694 2107 juvenes,
712 2075 815 2097 senes
831 2064 882 2097 Et

135 2121 249 2167 pueri,
282 2124 321 2155 ut
338 2120 416 2154 Sat.
435 2122 467 2163 1,
485 2122 519 2163 6,
535 2119 614 2161 74.;
646 2131 725 2154 nam
741 2120 883 2154 ridiculi

134 2179 264 2221 forent,
295 2178 412 2223 inquit
427 2189 463 2211 v.
482 2177 532 2220 d.‚
549 2188 653 2221 senes,
682 2177 803 2212 Laevo
821 2189 881 2212 su·

133 2236 252 2281 spensi
276 2235 410 2269 loculos
433 2240 502 2268 etc.
527 2235 553 2268 i.
573 2246 605 2268 e.
624 2233 681 2274 δὶς
695 2235 830 2274 παῖδες
846 2234 883 2269 οἱ

132 2290 315 2337 γέροντες,
332 2297 379 2336 et,
396 2297 435 2325 ut
452 2292 522 2325 Od.
539 2293 573 2335 2,
593 2293 646 2336 16,
664 2292 722 2327 37.
749 2293 829 2326 Sat.
846 2293 882 2335 2,

131 2351 167 2394 2,
189 2351 280 2394 100.,
298 2351 425 2395 probat
440 2349 627 2384 Eichstad.
646 2350 690 2384 ad
707 2362 776 2384 van
795 2351 882 2384 Om-

132 2419 216 2442 mer.
234 2420 269 2453 p.
282 2408 364 2450 212,
380 2407 417 2441 in
433 2412 566 2442 textum
584 2407 721 2453 recepit
736 2408 882 2442 Wakef.

131 2465 264 2499 Horum
279 2464 442 2499 virorum
466 2466 675 2499 sententiam
692 2464 773 2499 olim
791 2477 813 2499 a
830 2477 883 2499 me

131 2533 273 2567 quoque
296 2523 478 2568 probatam
504 2523 567 2569 (p.
586 2523 658 2567 52)
682 2533 774 2557 nunc
800 2522 882 2557 volo

132 2585 309 2614 mutatam.

178 2637 224 2670 V.
240 2636 298 2672 56.
326 2637 650 2672 Laevo—lacerto.
678 2638 783 2672 Hunc
799 2650 882 2673 ver-

130 2703 206 2728 sum
231 2694 412 2739 Guyetm,
445 2695 697 2740 Cuningamius
722 2709 787 2742 pro
812 2708 884 2730 non

130 2749 285 2794 genuino
302 2751 510 2796 habuerunt,
527 2753 749 2796 Sanadonus‚
761 2755 882 2798 Jones,

130 2807 882 2857 Mervillius‚Valartus,Camp.etMeinekius

130 2871 387 2912 expunxerunt,
399 2869 595 2903 Wetzelius
604 2869 704 2904 uncis
715 2874 881 2915 tanquam

129 2924 319 2960 insiticium
336 2930 372 2960 et
388 2937 431 2960 ex
448 2926 525 2960 Sat.
545 2929 576 2972 1,
593 2928 627 2972 6,
645 2926 702 2963 74.
721 2927 790 2961 huc
805 2933 879 2962 tra-

129 2986 222 3016 ctum
237 2982 398 3029 inclusit,
426 2983 577 3019 Beckius
593 2985 629 3020 in
647 2986 879 3021 commentat.

932 676 978 711 de
987 676 1214 711 Glossematis
1226 675 1265 710 in
1280 680 1365 712 vett.
1387 675 1486 710 libris
1502 675 1644 719 Quaest.
1656 676 1685 710 Ῐ.

933 747 971 780 p.
990 735 1047 768 11.
1065 733 1184 778 (Lips.
1206 734 1313 777 1831)
1342 735 1431 768 male
1449 746 1492 768 ex
1509 734 1568 767 illo
1588 734 1684 767 Sati-

934 802 1051 826 rarum
1067 791 1146 824 loco
1175 790 1232 823 hic
1247 792 1434 837 repetitum
1452 791 1616 837 opinatus
1634 797 1690 825 est

935 848 990 882 his
1013 859 1097 882 usus
1123 848 1216 882 inter
1240 848 1312 883 alia
1335 850 1472 884 verbis:
1507 861 1611 893 „nam
1636 850 1688 884 uti

936 907 1068 940 satirae
1084 906 1148 949 illi,
1166 906 1203 940 in
1220 917 1291 950 qua
1307 907 1408 951 pueri
1424 907 1596 942 sistuntur
1613 919 1688 941 cum

934 964 1057 999 tabula
1080 970 1115 998 et
1138 963 1264 998 loculis
1290 963 1326 996 in
1352 964 1504 998 scholam
1525 977 1686 999 numero—

934 1033 1011 1057 rum
1027 1022 1273 1056 discendorum
1290 1032 1398 1055 causa
1416 1028 1549 1066 euntes,
1575 1024 1686 1069 aptis-

935 1080 1055 1123 simus,
1084 1080 1136 1114 ita
1153 1079 1324 1125 epistolae
1341 1080 1431 1124 loco,
1465 1082 1525 1115 ubi
1538 1082 1689 1126 juvenes

935 1149 1108 1182 senesque
1129 1138 1282 1173 recinet-e
1306 1139 1463 1182 dictata,
1497 1139 1533 1173 h.
1553 1152 1585 1174 e.
1615 1140 1688 1174 fre-

935 1196 1164 1241 quentissime
1188 1196 1224 1229 in
1248 1197 1347 1231 Janis
1374 1197 1470 1231 dicta
1492 1198 1691 1232 recinentes

937 1259 1250 1288 commemorantur
1265 1274 1312 1280 —
1330 1266 1444 1299 neque
1461 1256 1550 1289 enim
1567 1256 1687 1290 Mark—

936 1311 1062 1345 landus
1078 1316 1175 1345 recte
1192 1323 1320 1357 pueros
1333 1339 1343 1356 ,
1369 1312 1491 1347 addita
1516 1314 1689 1359 particula

938 1381 1006 1414 que
1022 1369 1108 1413 [leg.
1119 1369 1178 1413 et]‚
1197 1370 1338 1404 nolente
1354 1377 1470 1416 poeta,
1490 1371 1630 1406 infersit
1644 1392 1690 1397 -—
1737 1397 1744 1405 .

939 1427 1218 1487 accommodatus
1242 1428 1314 1462 dici
1339 1429 1498 1474 potest.“
1545 1429 1592 1463 At
1607 1442 1688 1464 ver—

938 1497 1013 1519 sum
1030 1497 1093 1519 suo
1111 1485 1189 1519 loco
1208 1497 1277 1520 non
1294 1486 1474 1532 indignum
1486 1487 1692 1531 judicarunt

936 1543 1086 1577 ,Iahnius
1112 1543 1150 1576 in
1176 1543 1225 1578 N.
1251 1544 1398 1579 Jahrbb.
1428 1544 1532 1580 1831.
1560 1544 1627 1578 ΙΙΙ.
1657 1546 1691 1579 1.

937 1611 974 1645 p.
994 1600 1060 1635 123
1086 1606 1122 1634 et
1137 1599 1360 1636 Lehmannus
1386 1602 1423 1636 in
1440 1601 1566 1647 Progr.
1584 1602 1688 1636 scho-

936 1657 1037 1691 lasa:
1055 1657 1354 1693 Lucubrationum
1365 1671 1547 1694 sacrarum
1563 1665 1596 1694 et
1608 1672 1692 1705 pro-

927 1718 1104 1759 fanarum
1135 1716 1271 1751 Partic.
1304 1717 1354 1751 II.
1401 1716 1550 1752 Liibben
1586 1718 1689 1753 1830.

937 1773 1037 1807 Adde
1061 1785 1154 1819 quae
1177 1774 1222 1808 de
1246 1775 1314 1809 hoc
1336 1787 1443 1810 versu
1461 1782 1559 1810 recte
1576 1776 1692 1822 expli-

937 1831 1049 1864 cando
1084 1833 1175 1866 bene
1207 1832 1390 1879 disputant
1422 1833 1623 1886 Schgnidius
1656 1834 1692 1867 in

937 1890 1023 1923 edit.
1042 1889 1162 1936 Epist.
1181 1891 1231 1925 Π.
1258 1903 1294 1936 Ρ.
1313 1891 1383 1926 302
1409 1897 1517 1936 atque
1541 1892 1578 1925 in
1596 1891 1691 1926 Zim-

937 1959 1055 1982 merm.
1074 1948 1221 1992 Allgem.
1236 1948 1433 1983 Schulzeit.
1450 1939 1551 1984 1829.
1569 1950 1618 1983 II.
1637 1962 1691 1983 nr.

937 2006 983 2042 52
994 2007 1112 2052 Ρ.430,
1127 2006 1305 2051 vulgatam
1318 2007 1529 2052 scripturam
1538 2006 1695 2052 suspensi

937 2070 1035 2098 recte
1067 2071 1191 2098 contra
1224 2065 1482 2109 conjecturam:
1506 2064 1692 2109 suspensis,

938 2134 961 2156 a
976 2134 1016 2156 se
1031 2122 1109 2167 ipso
1126 2122 1214 2157 ibid.
1234 2134 1288 2156 nr.
1306 2123 1341 2157 3.
1359 2135 1394 2168 Ρ.
1413 2122 1458 2156 23
1475 2121 1693 2166 propositam

938 2179 1122 2213 vindicans
1133 2206 1142 2222 ,
1161 2186 1198 2213 et
1214 2179 1352 2213 Censor
1369 2179 1426 2212 ed.
1444 2177 1694 2212 Schmidianae

937 2236 975 2270 in
996 2237 1076 2270 Jen.
1101 2236 1144 2269 L.
1171 2236 1213 2269 Ζ.
1241 2236 1343 2270 1829.
1372 2247 1426 2268 nr.
1456 2237 1523 2270 110
1548 2248 1584 2280 Ρ.
1609 2236 1692 2270 398.

937 2293 1035 2327 Bene
1054 2293 1156 2327 etiam
1174 2293 1414 2337 integritatem
1439 2303 1564 2326 versus
1582 2293 1694 2327 tuitus

940 2357 995 2385 est
1010 2351 1236 2396 Dorighello,
1271 2349 1341 2383 alio
1368 2350 1469 2383 modo
1498 2351 1693 2395 Gesnerus,

939 2420 1041 2454 quem
1057 2414 1253 2455 sequuntur
1269 2407 1483 2452 Doeringius
1501 2414 1538 2442 et
1550 2408 1692 2442 Hoche-

939 2467 1015 2501 der.
1032 2487 1079 2492 —
1097 2468 1226 2501 oculos.
1259 2465 1329 2500 Ms.
1350 2465 1461 2499 Goth.
1474 2492 1484 2510 ,
1512 2466 1564 2500 sic
1588 2466 1692 2501 etiam

938 2524 1061 2559 Jaeck.
1079 2524 1114 2560 4.
1130 2524 1304 2571 suspensit
1321 2523 1412 2558 ocul.

986 2583 1034 2616 V.
1052 2584 1109 2618 57.
1134 2583 1191 2618 58.
1242 2582 1377 2616 Horum
1410 2591 1570 2615 versuum
1605 2581 1692 2615 ordo

939 2652 1005 2675 usu
1038 2646 1202 2686 receptus
1235 2639 1294 2673 hic
1325 2639 1410 2673 fuit:
1445 2639 1486 2673 Si
1502 2639 1627 2684 quadr.
1645 2659 1693 2664 —

939 2699 1081 2743 desunt,
1106 2698 1172 2732 Est
1188 2697 1325 2732 animus
1338 2697 1564 2742 -fidesqum
1598 2698 1690 2732 Cru-

939 2756 1044 2801 quius
1085 2767 1129 2789 ex
1170 2755 1249 2789 cod.
1283 2753 1418 2789 Buslid.
1451 2755 1691 2789 vetustissimo

939 2813 1073 2859 primus
1104 2812 1345 2859 transposuit:
1391 2813 1461 2848 Est
1490 2813 1630 2847 animus
1645 2832 1691 2836 —

930 2871 1101 2915 fidesque,
1125 2870 1167 2904 Si
1185 2871 1312 2916 quadr.
1329 2870 1465 2916 desunt,
1490 2883 1593 2917 quem
1610 2871 1690 2916 qui-

938 2927 1016 2962 dem
1034 2928 1189 2963 ordinem
1206 2933 1351 2964 servata
1367 2929 1543 2975 particula
1565 2930 1596 2964 si
1613 2939 1689 2973 seq·

939 2985 1018 3021 edd.
1045 2986 1126 3022 Jon.
1153 2987 1298 3023 Wakef.
1325 2987 1448 3023 Jaeck.
1474 2987 1578 3023 Jahn.
1628 2986 1691 3021 Sic
