2028 3268
316 224 689 264 COMMENTARII
715 225 770 262 IN
798 223 1022 262 HORATII
1048 223 1224 263 EPIST.
1253 226 1396 264 PRIM.
1426 226 1527 264 LIB.
1546 228 1578 265 1.
1664 226 1719 267 85

171 339 382 393 generibus
406 338 568 376 uberius
598 336 703 375 dixit
728 337 935 374 Meierotto
958 337 1056 374 iiber
1081 335 1145 374 die
1171 336 1304 375 Sitten
1328 336 1412 375 und
1433 338 1655 377 Lebensart
1675 340 1715 378 d.

169 410 220 447 R.
242 410 272 446 Ι.
292 421 334 460 p.
354 404 538 458 34-37.
563 407 608 444 Si
629 406 714 444 sola
741 407 792 443 H.
818 405 1023 442 intellexit
1047 406 1283 457 vectigalia,
1311 406 1511 458 imprimis
1538 408 1717 459 tangitur

170 479 351 531 equitmn
371 474 547 513 studiosa
574 475 745 526 publicis
770 473 975 512 sumendis
1003 487 1090 511 rem
1115 472 1292 512 faciendi
1320 473 1535 524 sedulitas,
1564 477 1715 528 quippe

170 547 303 599 quiin
326 545 476 582 multas
503 546 712 581 societates
737 542 940 581 discedere
967 543 1143 582 solerent
1166 543 1234 581 vel
1260 540 1450 582 decumas
1480 545 1547 582 vel
1575 551 1714 596 portus

168 615 235 653 vel
255 627 403 666 pascua
421 614 582 665 publica
612 612 868 664 redempturi.
903 610 995 650 vid.
1023 611 1144 647 [ἰείη.
1165 611 1195 649 l.
1217 611 1246 648 l.
1279 625 1320 663 p.
1342 611 1440 652 337.
1453 641 1463 661 ‚
1510 612 1709 650 Garaton.

170 683 222 721 ad
245 684 327 720 Cic.
350 696 410 735 pr.
431 683 570 719 Planc.
590 683 765 731 9—12.‚
795 681 988 718 Rana-hii
1016 680 1198 731 prolegg.
1220 680 1264 717 iu
1294 680 1377 718 Cic.
1410 687 1526 719 oratt.
1549 683 1661 722 Verr.
1683 683 1712 720 l.

169 751 222 791 ad
237 765 275 790 v.
295 751 362 792 45.
379 751 406 788 l.
427 764 466 802 p.
490 750 587 791 351.
601 780 611 798 ,
647 749 908 787 Grossmann.
933 748 982 786 de
1002 750 1262 786 Procuratore
1284 756 1360 788 etc.
1388 749 1500 802 Lips.
1529 750 1651 791 1823.
1671 764 1711 802 p.

169 820 238 862 34.
270 819 499 856 Burmann.
530 817 578 855 de
600 819 754 869 Vectig.
777 819 824 855 P.
845 819 892 855 R.
925 819 968 854 in
996 817 1140 855 Polen.
1170 815 1299 855 Thes.
1325 818 1358 855 Ι.
1387 831 1429 869 p.
1462 818 1546 859 936
1561 831 1650 871 sqq.
1674 826 1713 857 et

169 902 270 942 quos
289 887 403 926 affert
417 887 549 924 Beier.
573 885 624 924 ad
644 887 724 923 Cic.
746 885 822 924 Off.
838 886 878 936 3,
896 887 965 934 22,
988 884 1058 926 88.
1087 884 1273 923 Eandem
1291 899 1378 924 rem
1400 887 1570 924 strictim
1589 888 1714 925 attin-

169 957 441 1009 git‘Virgilius
466 952 557 1006 (Ge.
581 956 608 994 2
624 984 635 1002 ,
666 952 781 1006 502.)
806 954 967 991 felicem
986 951 1245 1005 praedicans,
1277 956 1347 1006 qui
1373 969 1446 992 nec
1454 955 1598 1006 ferrea
1609 957 1713 1002 jura

168 1030 441 1077 insanumque
449 1022 594 1072 sorum
610 1029 683 1059 aut
695 1022 844 1073 populi
859 1021 1064 1059 tabularia
1087 1022 1204 1060 vidit.
1249 1023 1333 1062 Cic.
1355 1022 1407 1061 ad
1429 1024 1549 1061 Attio.
1576 1026 1596 1064 1
1611 1052 1622 1072 ,
1644 1024 1710 1071 17,

167 1098 207 1139 3.
236 1095 416 1139 Asiani,
446 1093 518 1144 qui
543 1091 593 1128 de
618 1089 851 1128 censoribus
870 1091 1167 1138 conduxerant,
1202 1092 1332 1143 questi
1353 1099 1446 1129 sunt
1473 1092 1517 1128 in
1541 1091 1711 1138 Senatu,

166 1179 225 1211 se,
246 1162 464 1214 cupiditate
478 1158 708 1210 prolapsos,
741 1160 911 1196 nimium
931 1173 1080 1211 magno
1106 1159 1364 1197 eonduxisse:
1398 1167 1445 1197 ut
1463 1159 1714 1197 induceretur

167 1233 328 1278 locatio,
351 1228 668 1282 postulaverunt.
707 1227 850 1265 Senec.
869 1227 998 1278 Epist.
1020 1228 1116 1268 102.
1155 1226 1233 1265 Ille
1255 1229 1328 1279 qui
1353 1235 1390 1265 et
1417 1229 1525 1266 mari
1542 1235 1579 1265 et
1607 1235 1712 1267 terra

162 1300 379 1352 pecuniam
405 1295 618 1348 agitabat,
656 1296 727 1346 qui
743 1295 802 1332 ad
812 1294 980 1345 publica
999 1309 1182 1347 quoque,
1208 1295 1370 1334 nullum
1391 1297 1618 1348 relinquens
1645 1299 1711 1335 in-

169 1375 372 1419 expertum
387 1379 516 1418 genus
535 1370 740 1416 quaestus,
771 1370 1003 1405 accesserat.
1042 1362 1104 1402 Id.
1129 1365 1225 1404 120.

277 1437 324 1475 V.
345 1436 412 1476 78.
443 1434 511 1474 79.
548 1433 653 1470 Sunt
674 1431 744 1483 qui
764 1453 815 1459 —-
833 1432 1005 1470 mittant.
1068 1433 1255 1470 Goeller:
1285 1431 1328 1473 οἱ
1343 1427 1377 1472 δ’
1399 1429 1552 1485 ἄφενος
1573 1436 1710 1487 χηρῶν

166 1500 308 1558 μήλοις
326 1501 396 1542 καὶ
414 1500 628 1555 πέμμασιν,
651 1499 693 1540 οἱ
713 1497 756 1539 δὲ
778 1497 985 1551 μέλλοντες
1006 1499 1177 1541 στέλλειν
1195 1500 1253 1548 εἰς
1274 1501 1544 1554 ζωοτροφεῐα,
1567 1501 1709 1556 γέρον-

164 1587 234 1619 τας
245 1565 416 1622 θηρῶσ’,
428 1592 478 1600 -
492 1568 617 1607 Aliud
635 1569 735 1606 lucri
751 1567 926 1604 faciendi
945 1581 1071 1619 genus
1092 1582 1231 1606 eorum
1246 1575 1348 1618 erat,
1372 1570 1442 1621 qui
1454 1570 1707 1620 assentando,

164 1641 349 1678 simulata
379 1639 554 1676 amicitia
581 1637 749 1688 aliisque
779 1637 898 1673 malis
936 1637 1109 1686 artibus,
1156 1643 1200 1674 ut
1228 1634 1397 1674 heredes
1427 1639 1706 1689 scriberentur,

164 1708 412 1755 efficiebant3
452 1711 691 1758 quapropter
722 1706 872 1742 Romae
903 1705 1008 1742 nulli
1044 1705 1171 1755 major
1205 1718 1327 1757 quam
1357 1706 1454 1745 orbo
1491 1714 1531 1745 et
1561 1708 1706 1746 coelibi

162 1776 291 1816 honor
313 1774 553 1822 habebatur,
587 1772 682 1810 inde
711 1774 832 1809 etiam
863 1773 1057 1810 vocabula
1088 1780 1358 1824 caplatorum,
1387 1773 1707 1827 heredipetarum

163 1853 203 1884 et
225 1845 268 1883 id
297 1857 422 1896 genus
449 1843 527 1879 alia
558 1843 652 1879 satis
680 1842 919 1892 frequentia.
966 1841 1055 1881 Vid.
1086 1844 1265 1880 Brisson.
1295 1841 1345 1879 de
1364 1843 1481 1885 Verb.
1503 1845 1642 1896 signif.
1665 1859 1704 1884 v.

168 1914 352 1964 Captare.
385 1912 460 1958 Qui
484 1909 586 1947 hanc
608 1917 926 1947 testamentorum
947 1911 1240 1961 captandorum
1267 1918 1394 1948 artem
1413 1911 1704 1964 profiterentur,

164 1995 232 2020 eos
248 1981 376 2018 multo
394 1979 476 2017 sale
494 1979 699 2030 perfricuit
717 1980 841 2016 Poeta
860 1973 943 2016 Sat.
966 1981 994 2019 2
1006 2008 1013 2026 2
1044 1979 1084 2020 5.
1104 1978 1203 2031 ibiq.
1223 1979 1371 2017 Heind.
1403 1981 1464 2018 Cf.
1482 1979 1556 2018 Od.
1576 1982 1614 2030 2,
1638 1984 1703 2029 18,

166 2049 206 2090 5.
231 2045 408 2086 Braunh.
433 2048 565 2084 Plaut.
588 2047 674 2083 Mil.
706 2046 805 2097 glor.
833 2047 880 2094 3,
911 2048 957 2094 1,
992 2047 1071 2086 111
1094 2059 1185 2098 sqq.
1226 2047 1374 2085 Catull.
1398 2049 1475 2098 68,
1511 2050 1592 2090 122
1612 2063 1701 2102 sqq.

163 2117 246 2154 Cic.
269 2113 412 2154 Parad.
434 2114 459 2155 5
473 2144 482 2161 ‚
507 2115 546 2153 2.
587 2112 663 2151 Off.
682 2115 730 2163 3,
753 2115 827 2162 19,
847 2115 916 2154 75.
955 2114 1062 2152 Plin.
1090 2115 1140 2150 H.
1167 2115 1213 2152 N.
1236 2111 1302 2154 14.
1324 2129 1504 2167 prooem.
1525 2118 1642 2155 Mart.
1663 2116 1703 2167 4,

164 2185 232 2226 56.
255 2183 295 2232 5,
323 2183 389 2223 18.
411 2183 452 2229 6,
471 2183 539 2222 63.
567 2180 607 2229 8,
639 2182 708 2221 27.
736 2182 775 2229 9,
805 2181 872 2221 89.
903 2183 965 2230 11,
987 2179 1055 2220 44.
1082 2179 1145 2218 ed.
1166 2183 1256 2233 Bip.
1279 2183 1374 2221 Juv.
1395 2182 1436 2232 4,
1466 2185 1535 2224 18.
1563 2185 1602 2234 5,
1633 2186 1703 2226 98.

164 2255 258 2294 137.
285 2252 332 2300 6,
360 2251 415 2292 38
442 2263 502 2302 sq.
546 2250 621 2298 10,
650 2251 746 2289 202.
773 2250 847 2297 12,
875 2248 1102 2289 93-130,
1142 2250 1244 2288 Stat.
1266 2251 1366 2289 silv.
1387 2249 1436 2299 4¹,
1461 2253 1513 2302 7,
1541 2253 1597 2293 35
1612 2266 1702 2307 sqq.

161 2320 303 2359 Senec.
324 2319 373 2357 de
394 2317 533 2356 Benef.
554 2315 602 2365 4,
633 2317 702 2357 20-
723 2317 771 2364 6,
803 2317 873 2356 38.
919 2316 1079 2354 Consol.
1101 2315 1152 2354 ad
1170 2318 1293 2355 Marc.
1321 2319 1389 2358 19.
1418 2320 1546 2370 Epist.
1563 2321 1631 2362 68.
1651 2320 1702 2360 de

159 2390 362 2428 Constant.
382 2387 476 2438 Sap.
497 2385 536 2426 5.
558 2386 655 2437 ibiq.
684 2385 796 2436 Lips.
813 2386 920 2422 Pliu.
938 2385 1067 2435 Epist.
1087 2386 1127 2433 2,
1157 2385 1227 2426 20.
1253 2383 1293 2434 4,
1324 2385 1388 2427 15.
1414 2389 1453 2436 7,
1476 2385 1543 2428 24.
1564 2390 1602 2438 8,
1634 2390 1700 2430 18.

159 2459 262 2496 Tac.
281 2458 388 2495 Ann.
404 2455 445 2504 3,
462 2455 532 2495 25.
554 2454 620 2502 13,
639 2452 708 2494 42.
725 2451 793 2492 52.
823 2450 888 2500 14,
908 2450 976 2493 40.
1005 2453 1071 2501 15,
1092 2453 1160 2493 19.
1191 2453 1327 2491 Germ.
1353 2454 1411 2495 20
1433 2455 1548 2508 (ibiq.
1566 2458 1698 2510 Hess.)

158 2528 319 2564 Petron.
345 2525 439 2566 116.
463 2521 556 2565 124.
582 2523 677 2563 125.
702 2519 795 2562 141.
830 2522 1035 2559 Ammian.
1061 2523 1184 2559 Marc.
1214 2518 1279 2571 14,
1300 2523 1340 2563 6.
1356 2523 1427 2572 28,
1452 2521 1492 2564 4.
1517 2526 1696 2565 Lactant.

158 2597 255 2632 Inst.
280 2594 330 2642 5,
359 2595 410 2641 9,
446 2593 511 2632 16.
551 2588 755 2628 Plutarch.
779 2587 828 2627 de
855 2603 989 2627 amore
1013 2591 1139 2643 prolis
1158 2591 1246 2629 VII.
1267 2604 1308 2642 p.
1336 2591 1434 2632 935.
1459 2593 1507 2630 R.
1530 2594 1694 2633 Luciau.

158 2662 280 2701 mall.
299 2668 414 2699 mort.
428 2660 566 2709 5—9.,
587 2657 731 2698 Gatak.
753 2657 805 2696 ad
818 2660 941 2696 Marc.
956 2660 1147 2697 Antonin.
1162 2659 1202 2707 6,
1220 2658 1287 2699 59.
1298 2672 1339 2711 p.
1356 2657 1469 2710 204„
1490 2659 1694 2701 Schaefer.

159 2729 212 2768 ad
225 2729 435 2768 translatas
457 2729 561 2766 Plin.
583 2729 711 2780 Epist.
731 2741 772 2780 p.
804 2729 933 2766 LXVI
958 2740 1020 2779 sq.
1047 2749 1107 2755 —
1132 2727 1342 2778 Ejusmodi
1361 2736 1580 2780 captatores
1601 2744 1694 2770 mu-

156 2798 333 2836 nusculis
354 2797 483 2835 omnis
502 2798 670 2848 generis,
699 2803 744 2834 ut
760 2797 878 2834 multi
895 2795 1075 2833 indicant
1093 2795 1174 2833 loci
1191 2808 1214 2833 a
1237 2797 1352 2835 nobis
1375 2797 1551 2848 iudicati,
1580 2798 1693 2838 dele-

155 2866 295 2904 aibant
315 2865 460 2904 viduas
486 2864 537 2918 (s.
558 2866 732 2916 virgines
751 2866 941 2917 innuptas
960 2877 994 2902 s.
1015 2865 1170 2903 maritis
1184 2866 1377 2916 privatas,
1406 2874 1451 2904 ut
1471 2881 1524 2905 ex
1536 2870 1690 2920 Digest.

156 2933 297 2986 probat
325 2932 568 2986 Schmidius)
587 2947 736 2972 avaras
754 2935 783 2972 i.
803 2947 839 2972 e.
860 2933 1007 2971 talibus
1028 2932 1146 2972 rebus
1164 2933 1228 2972 vel
1246 2932 1446 2974 inhiantes
1466 2938 1531 2975 vel
1558 2951 1690 2975 rerum
