2028 3268
117 264 170 306 15

579 260 721 300 LIBRI
749 261 778 299 1.
837 258 1101 299 EPISTOLA
1130 259 1193 299 VI.

1587 257 1671 300 283

187 389 286 448 Quo
328 387 445 433 ducit
480 389 613 450 gula3
660 390 900 448 piscemur,
946 399 1179 448 venemur,
1220 387 1269 431 ut
1301 386 1402 431 olim

190 467 442 528 GargiliuS,
481 469 549 527 qui
577 482 706 514 mane
731 468 917 528 plagas,
953 467 1197 528 venabula,
1233 476 1404 527 servoS,

187 547 417 592 Differ-tum
455 548 642 592 transire
677 546 817 592 forum
848 546 1139 606 populumque
1171 547 1368 606 jubebat,

117 708 209 742 Post
235 705 329 741 hunc
357 719 395 742 v.
412 707 590 742 Buherius
617 718 654 742 v.
674 706 732 742 19.
760 711 799 740 et
823 716 861 739 v.
911 704 1086 750 quaedam
1100 702 1374 738 incertitudinis
1391 701 1514 744 notio;
1536 713 1669 748 appro-

117 761 214 801 24-
225 765 282 800 27.
300 765 468 799 collocat.
494 784 542 790 -
575 766 620 799 V.
637 763 696 799 56.
724 766 865 798 caenat.
910 763 1002 796 bant
1019 762 1152 796 similes
1168 762 1239 795 loci
1255 766 1293 795 et
1307 759 1481 795 formulae
1496 764 1536 793 ut
1545 759 1668 806 Epist.

115 821 179 856 Sic
187 832 253 855 ms.
265 823 404 857 Graev.
428 823 484 856 De
499 820 762 867 orthographia
777 831 866 863 cen„

116 890 221 925 quam
235 884 386 913 servant
399 880 519 914 Bentl.
537 885 576 914 et
589 879 668 913 Fea
679 903 689 922 ,
710 877 786 912 vid.
805 888 867 910 an—

117 940 193 970 not.
210 936 255 970 ad
274 938 307 980 1,
325 938 358 981 1,
370 937 429 971 91.
446 942 484 970 et
498 938 544 971 cf.
560 936 670 971 Both.
683 935 729 970 ad
745 933 818 969 Od.
834 935 868 976 2,

117 990 176 1037 14,
191 994 250 1028 28.
287 993 460 1028 Doederl.
479 995 569 1040 Syn.
586 993 651 1027 VI.
677 1004 714 1038 p.
729 991 789 1026 69.
817 1010 865 1014 -

115 1050 237 1084 lucet?
274 1050 336 1084 Sic
350 1063 415 1085 ms.
430 1051 498 1085 Fe.
516 1053 550 1095 2,
567 1051 608 1094 i.‚
637 1049 702 1084 sed
718 1048 794 1083 vid.
811 1058 871 1082 su-

114 1117 183 1152 pra
197 1107 243 1140 ad
258 1118 296 1141 v.
311 1107 374 1143 30.
406 1127 454 1132 ——-
485 1108 568 1142 vivit
583 1108 682 1141 bene.
721 1106 784 1140 Sic
811 1105 869 1139 ed.

115 1163 290 1209 Cuning.,
321 1165 504 1211 approbat
525 1166 630 1199 Cort.
659 1163 705 1198 ad
731 1164 871 1197 Lucan.

117 1222 151 1266 1,
171 1219 254 1255 385.

170 1277 217 1312 V.
230 1275 289 1313 57.
318 1278 396 1321 Quo
408 1277 517 1311 ducit.
542 1276 871 1322 Mss.alqt.Lamb.

116 1334 230 1380 Cruq.
258 1339 300 1368 ut
330 1333 502 1368 videntur
532 1345 624 1368 omn.
663 1334 778 1368 Pulm.
811 1334 869 1367 10.

117 1392 258 1427 Bersm.
297 1390 367 1425 duo
408 1391 468 1425 vel
500 1395 592 1425 tres.
636 1394 644 1398 “
659 1391 740 1426 Val.
775 1390 871 1436 pqu.

118 1449 249 1483 Oberl.
266 1449 312 1483 D.
343 1448 470 1482 Comb.
496 1449 620 1483 Jaeck.
649 1452 686 1482 et
709 1448 810 1482 Pott.
834 1451 875 1480 ut

118 1505 195 1540 vid.
211 1517 304 1540 omn.
315 1505 363 1539 al.
377 1517 436 1551 ap.
449 1506 516 1540 Fe.
536 1505 731 1540 Orell.bS.
750 1504 872 1539 Guelf.

119 1564 153 1597 1.
175 1559 211 1597 4.
250 1561 374 1596 Berol.
394 1564 426 1596 1.
444 1564 476 1598 2.
511 1563 619 1596 Dess.
639 1564 672 1596 1.
691 1564 724 1598 2.
757 1562 871 1596 Goth.

117 1621 159 1664 (a
175 1622 209 1654 1.
226 1630 272 1654 m.
298 1619 412 1664 vocet)
443 1619 546 1665 Lips.
569 1631 663 1654 omn.
695 1620 810 1654 Dorv.
836 1620 871 1654 2.

117 1676 268 1711 Corbei.
285 1677 423 1711 Graev.
439 1676 540 1710 Mon.
558 1689 590 1711 e.
606 1677 634 1711 f.
650 1676 675 1711 l.
702 1675 870 1710 Rudolst.

119 1738 158 1767 et
181 1733 260 1768 sine
291 1732 401 1767 dubio
426 1734 578 1768 maxima
598 1745 684 1780 pars
708 1733 870 1775 aliorum,

119 1790 180 1837 qui
196 1791 242 1825 de
257 1789 345 1834 suis,
360 1794 402 1824 ut
419 1789 604 1826 Talbotius
618 1796 655 1825 et
669 1791 871 1835 Bentlejus,

118 1851 255 1883 tacent.
282 1847 381 1882 Edd.
395 1851 488 1882 vett.
504 1848 604 1882 Junt.
615 1845 699 1883 514.
714 1848 771 1882 19.
788 1847 871 1882 Ald.

121 1903 204 1940 519.
225 1905 309 1939 Asc.
327 1905 431 1939 Glar.
447 1905 585 1940 Muret.
604 1910 643 1939 et
658 1904 781 1950 paucis
809 1916 871 1938 ex-

121 1962 240 2007 ceptis
258 1961 441 2007 reliquae,
470 1963 577 1996 etiam
603 1962 726 1996 Bentl.
753 1965 791 1996 et
814 1973 873 1996 re-

122 2018 387 2063 centt.plurim.
417 2019 495 2062 Quo
508 2021 622 2053 ducet.
642 2019 873 2053 Mss.Lamb.

120 2075 217 2122 pqu.
235 2075 351 2108 Pulm.
369 2077 403 2109 1.
418 2076 451 2109 2.
463 2075 499 2109 3.
514 2072 550 2110 4.
564 2076 600 2110 7.
628 2076 768 2109 Bersm.
784 2081 874 2109 tres.

914 821 948 862 2,
966 821 1000 862 2,
1016 819 1076 854 37.
1107 819 1180 853 Od.
1196 819 1233 863 3,
1251 820 1308 863 11,
1324 815 1384 852 49.
1425 814 1483 861 24,
1504 814 1669 852 46—50.

914 876 1020 920 Virg.
1036 876 1127 910 Aen.
1143 876 1179 920 3,
1197 872 1279 910 114.
1316 877 1451 909 ducunt
1472 886 1544 918 qua
1554 875 1672 918 jussa,

914 945 1118 977 sequamur.
1143 933 1234 967 Aen.
1248 932 1283 977 5,
1300 932 1382 967 709.
1410 942 1479 975 quo
1487 933 1578 975 sata
1598 937 1675 965 tra-

915 991 1006 1025 hunt
1031 1010 1086 1015 ——-
1104 1001 1306 1034 sequamur.
1347 987 1459 1023 Ovid.
1476 988 1577 1022 Rem.
1594 987 1672 1021 Am.

915 1045 999 1083 532.
1044 1048 1188 1092 Quoque
1208 1051 1339 1081 vocant
1344 1046 1504 1090 fluctus,
1529 1045 1597 1079 hac
1617 1044 1678 1079 tibi

917 1115 1035 1138 remus
1049 1110 1121 1138 eat.
1148 1104 1334 1138 Suet.Jul.
1355 1103 1414 1138 32.
1444 1095 1591 1146 Eamus,
1607 1113 1674 1146 quo

918 1160 1138 1195 inimicorum
1151 1160 1318 1205 iniquitas
1330 1164 1445 1194 vocat.
1473 1159 1555 1193 Huc
1572 1170 1676 1194 acce-

919 1217 986 1263 dit,
1008 1219 1104 1263 quod
1120 1218 1232 1252 dictio
1250 1219 1338 1252 haec
1353 1215 1514 1263 repetita
1529 1217 1675 1251 videtur

918 1276 963 1309 ab
990 1274 1073 1318 illa,
1114 1287 1185 1321 qua
1214 1287 1282 1320 quo
1309 1276 1417 1321 pedes
1444 1274 1582 1309 ducunt
1615 1273 1675 1308 vel

918 1343 988 1377 quo
1015 1332 1074 1366 via
1099 1333 1214 1377 ducit,
1251 1333 1342 1376 (non
1372 1331 1493 1375 ducet)
1527 1331 1674 1366 dicitur.

919 1390 975 1424 De
993 1389 1055 1423 illa
1070 1389 1146 1424 vid.
1165 1389 1308 1424 Mitsch.
1335 1388 1381 1423 ad
1398 1387 1471 1422 Od.
1488 1388 1524 1433 3,
1542 1390 1599 1433 11,
1614 1385 1674 1423 49.

922 1447 1031 1480 Gesn.
1054 1447 1099 1481 ad
1125 1447 1221 1481 Plin.
1239 1447 1363 1492 Epist.
1387 1447 1423 1491 7,
1440 1443 1499 1490 5.,
1538 1447 1584 1481 de
1609 1446 1676 1479 hac

918 1504 1081 1550 interpp.
1109 1504 1155 1538 ad
1182 1504 1287 1549 Virg.
1317 1503 1408 1538 Aen.
1433 1503 1468 1546 1,
1484 1499 1569 1539 401.
1592 1503 1675 1537 coll.

918 1561 1001 1595 Ecl.
1016 1562 1052 1605 9,
1070 1563 1103 1596 1.
1150 1561 1241 1595 Loci
1261 1564 1379 1595 autem
1391 1587 1400 1605 ,
1426 1571 1529 1607 quem
1545 1561 1623 1595 Fea
1637 1561 1676 1595 in

918 1629 1016 1652 suam
1037 1630 1113 1652 rem
1127 1618 1250 1652 laudat
1270 1618 1392 1664 Epod.
1419 1620 1476 1662 16,
1493 1620 1551 1654 21.
1566 1644 1575 1662 ,
1606 1618 1677 1652 alia

919 1681 978 1709 est
1005 1675 1100 1710 ratio
1118 1702 1128 1720 ,
1159 1675 1296 1721 quippe
1326 1675 1387 1721 qui
1406 1676 1540 1709 habeat
1560 1678 1598 1709 et
1620 1676 1677 1710 fu—

918 1732 992 1766 turi
1013 1732 1187 1778 temporis
1203 1738 1240 1766 et
1257 1744 1361 1766 casus
1376 1732 1573 1767 notionem.

975 1790 1021 1824 V.
1038 1788 1096 1824 58.
1133 1789 1331 1835 Gragilius.
1374 1790 1466 1825 Mss.
1484 1789 1614 1824 Oberl.
1630 1789 1675 1823 C.

918 1848 965 1882 D.
994 1846 1064 1880 Fe.
1081 1848 1115 1891 2,
1132 1846 1211 1881 c.d.
1240 1845 1275 1890 5,
1291 1848 1365 1881 a.f.
1394 1848 1430 1891 7,
1441 1859 1474 1881 a.
1502 1847 1624 1882 Guelf.
1640 1843 1677 1880 4.

918 1904 1020 1950 Lips.
1050 1905 1083 1939 2.
1135 1905 1272 1938 GraeV.
1299 1908 1338 1938 et
1359 1908 1521 1938 notatum
1547 1904 1585 1938 in
1619 1904 1676 1938 ed.

918 1962 1051 2007 Despr.
1068 1960 1171 2006 Lips.
1198 1960 1392 2006 Sargt'lt'us.
1430 1962 1500 1995 Ms.
1517 1962 1624 1995 Dess.
1642 1963 1676 1996 2.

922 2017 1136 2063 Gargillt'us.
1166 2017 1237 2051 Ed.
1255 2018 1346 2052 Ven.
1361 2015 1444 2052 492.
1477 2037 1527 2043 —
1546 2029 1676 2053 cervos.

919 2075 991 2109 Ms.
1014 2074 1140 2108 Jaeck.
1162 2071 1197 2107 4.
1234 2094 1284 2099 —
1334 2075 1379 2108 V.
1396 2074 1453 2108 59.
1481 2078 1679 2118 transferre

121 2132 205 2167 val.
223 2137 322 2177 quat.
355 2131 484 2166 Oberl.
508 2132 551 2165 C.
587 2132 655 2165 Fe.
674 2134 707 2175 1,
731 2143 764 2165 a.
781 2132 817 2166 d.
841 2133 874 2174 2,
910 2135 990 2176 sor.
1025 2130 1096 2164 Ms.
1113 2131 1225 2164 Goth.
1266 2130 1336 2165 Ed.
1355 2131 1511 2176 Cuning.
1526 2143 1571 2164 ex
1592 2143 1677 2164 con-

119 2191 158 2224 b.
176 2202 208 2224 c.
226 2189 262 2222 d.
280 2190 320 2234 (a
337 2190 370 2223 2.
390 2191 456 2232 m.)
473 2189 500 2222 s.
518 2200 554 2233 g.
570 2188 606 2222 h.
618 2188 645 2223 i.
665 2188 702 2231 3,
720 2200 752 2222 a.
783 2189 820 2232 7,
835 2189 873 2222 b.

112 2250 285 2281 'notatum
309 2258 355 2280 ex
379 2257 444 2280 ms,
469 2245 507 2279 in
530 2257 594 2279 ora
613 2245 671 2279 ed.
692 2245 774 2279 Ald.
792 2244 875 2279 519.

114 2301 159 2338 'in
178 2303 270 2338 bibl.
286 2302 398 2338 Barb.
436 2302 552 2337 Orell.
569 2315 601 2336 c.
633 2302 756 2336 Guelf.
782 2304 815 2337 2.
838 2301 875 2335 3.

122 2359 230 2396 Gott.
250 2363 283 2394 1.
299 2362 333 2396 2.
353 2360 468 2394 Dorv.
487 2361 519 2394 1.
552 2360 704 2394 Mentel.
719 2359 820 2393 Mon.
837 2359 875 2392 b.

119 2428 170 2463 m.
215 2417 287 2452 Ed.
317 2418 434 2463 princ.
465 2429 524 2462 ap.
564 2416 633 2450 Fe.
686 2416 768 2450 Ald.
794 2415 875 2450 501.

123 2472 250 2523 Lamb.
266 2474 358 2508 Min.
389 2474 458 2508 Fe.
475 2473 556 2519 (qui
576 2473 742 2517 defend.)
769 2473 876 2507 Jahn.

125 2528 245 2566 Schm.
255 2531 420 2566 Hoched.
429 2531 537 2565 Web.
548 2531 705 2566 Braunh.
716 2530 877 2564 Meinek.

125 2589 266 2634 Groeb.
283 2588 399 2622 Orell.
426 2590 547 2622 ducat.
571 2588 754 2622 Ms.Mon.
769 2600 800 2622 c.
824 2606 873 2612 —

125 2649 159 2679 et
178 2645 273 2678 olim.
303 2645 376 2678 Ms.
391 2644 516 2678 Jaeck.
535 2641 571 2679 4.
607 2646 730 2679 Verba
744 2650 784 2679 ut
798 2644 879 2678 olim

124 2720 180 2727 —
193 2712 319 2746 aprum
330 2701 540 2746 parenthesi
552 2702 699 2736 inclusit
713 2702 771 2736 ed.
783 2703 804 2736 J
809 2714 880 2743 on.,

127 2757 294 2791 similiter
312 2757 460 2792 distinx.
478 2759 664 2794 Praedic.:
691 2762 880 2793 venemur!

128 2833 185 2839 —
207 2820 248 2850 ut
260 2839 269 2848 .
282 2838 293 2848 .
307 2837 317 2846 .
347 2826 473 2860 aprum
489 2835 566 2850 ——.
613 2817 797 2850 Revocavi
816 2827 879 2850 ve-

122 2874 243 2906 ‘terem
271 2872 486 2916 scripturam
508 2873 620 2916 ducit,
650 2884 753 2918 quam
780 2873 880 2919 equi-

130 2927 209 2962 dem
232 2929 335 2974 poesi
359 2928 471 2973 magis
488 2929 760 2964 convenientem
777 2931 880 2964 dixe-

130 2983 196 3019 rim
213 2997 315 3031 qnam
330 2986 477 3020 alteram
497 2988 618 3030 ducet,
642 2987 677 3022 in
699 2999 768 3034 qua
783 2988 881 3022 inest

917 2188 1073 2232 jectura.
1133 2187 1388 2231 Castigatione
1417 2193 1489 2221 tam
1528 2188 1675 2232 acerba,

923 2256 994 2289 qua
1023 2243 1137 2277 virum
1166 2244 1411 2279 doctissimum
1441 2245 1566 2279 affecit
1586 2244 1676 2288 Fea,

920 2302 984 2335 ille
1000 2305 1081 2334 erat
1095 2300 1279 2346 indignus,
1310 2301 1341 2335 si
1357 2313 1490 2335 comma
1506 2306 1592 2347 post
1605 2314 1678 2336 ser-

922 2370 982 2392 vos
993 2357 1203 2392 delevisset.
1222 2377 1272 2383 —
1284 2362 1412 2403 forum
1424 2360 1675 2404 populumque.

922 2415 1012 2450 Mss.
1029 2419 1067 2449 et
1082 2415 1165 2450 edd.
1180 2415 1278 2460 vulg.
1305 2419 1434 2460 sorum
1451 2421 1676 2461 pontemque.

925 2472 987 2506 Sic
1003 2472 1151 2518 conjicit
1172 2473 1222 2507 T.
1235 2472 1364 2515 Faber,
1393 2476 1434 2506 ut
1448 2485 1539 2518 pons
1556 2473 1678 2506 Subli-

924 2529 1000 2563 cius
1023 2541 1053 2564 s.
1069 2529 1260 2573 Aemilius,
1282 2529 1522 2574 intelligatur,
1551 2534 1678 2564 contra

926 2587 1090 2632 disputat
1112 2587 1320 2631 Bentlejus,
1351 2587 1468 2620 soceri
1494 2588 1676 2632 conjectu-

925 2655 1000 2679 ram
1011 2645 1192 2690 approbat
1202 2643 1557 2689 Dacerius,sequitur
1566 2646 1678 2679 Prae-

926 2701 1102 2736 dicovins.
1127 2705 1255 2746 sorum
1279 2702 1530 2746 Campumque.
1582 2701 1676 2736 Edd.

927 2759 1046 2793 Bentl.
1058 2758 1137 2803 (qui
1154 2757 1318 2803 pluribus
1334 2759 1424 2792 hanc
1435 2760 1677 2803 conjecturam

926 2816 1018 2859 def.)
1045 2816 1130 2849 San.
1147 2815 1266 2849 MerV.
1282 2815 1446 2849 Francis.
1462 2816 1578 2850 Paris.
1594 2816 1676 2851 752.

925 2873 1034 2908 Bask.
1063 2872 1158 2906 Phil.
1188 2872 1339 2917 Dorigh.
1371 2873 1514 2907 Wakef.
1551 2874 1676 2918 Daru„

926 2935 1054 2965 contra
1069 2930 1162 2975 disp.
1179 2931 1267 2964 Dac.
1283 2930 1328 2964 al.
1344 2931 1544 2975 clivumque.
1571 2932 1677 2977 Conj.

926 2987 1081 3032 Cuning.
1107 2992 1310 3033 potumque.
1331 2987 1435 3033 Conj.
1448 2988 1517 3022 vir.
1529 2989 1626 3023 doct.
1641 2989 1679 3022 in
