2028 3268
114 245 170 287 19
246 242 631 284 COMMENTARH
660 244 716 283 IN
737 243 968 286 HORATII
999 243 1101 287 LIB.
1122 244 1154 283 Ι.
1181 243 1350 284 EPIST.
1376 244 1540 285 TERT.
1586 243 1670 287 209

114 369 239 409 Pind.
271 369 506 421 intelligatur
541 370 786 421 hymnorum,
829 384 925 421 quos
964 371 1098 410 cecinit
1127 370 1335 422 Pindarus,
1368 369 1580 412 sublimitas
1623 386 1668 412 ac

113 439 390 492 magnificentia
413 434 512 492 (Od.
542 437 582 488 4,
605 440 646 486 2,
674 439 742 479 33.
778 440 880 478 Stat.
910 439 1004 480 Silv.
1033 437 1074 490 4,
1102 440 1144 489 7,
1171 437 1338 490 5—8),
1358 439 1415 478 vel
1431 440 1666 493 intelligendi

111 509 186 562 ipsi
215 511 353 560 poetae
374 506 538 545 Pindaro
574 508 781 546 inferiores.
826 508 914 546 Hoc
938 507 1010 546 dici
1044 506 1179 545 volunt
1209 507 1462 547 Wichenus
1483 510 1542 563 (p.
1560 511 1665 562 385)

111 578 438 628 Doeringiusque
456 603 468 620 ,
499 575 592 613 illud
624 575 810 615 Orellius.
867 575 930 616 Cf.
957 575 995 613 T
998 575 1131 614 urneb.
1152 573 1250 616 Adv.
1284 577 1360 627 26,
1389 578 1456 618 27.
1514 576 1574 616 De
1602 591 1666 618 ea-

112 646 199 684 dem
239 643 484 683 similitudine
517 648 739 695 comparant
772 643 889 684 Mart.
917 644 967 694 9,
994 644 1100 693 100,
1129 642 1167 681 9.
1192 641 1260 694 (de
1293 644 1373 682 suis
1401 645 1663 699 carminibus):

110 713 316 759 Multum,
341 712 454 749 crede
477 711 580 748 mila·
590 741 603 758 ,
635 713 774 765 refiert,
808 725 835 750 α
856 713 973 764 fonte
1004 709 1167 748 bibatur
1202 711 1316 761 Quae
1327 713 1444 763 fluit,
1466 727 1523 751 an
1542 716 1664 767 pigro

111 796 216 836 quae
236 787 368 832 stupet
393 779 506 816 unda
529 781 638 819 laea.
699 780 817 833 Prop.
853 781 902 828 2,
939 780 1015 829 18,
1036 779 1104 819 51.
1133 778 1223 829 ibiq.
1260 779 1428 819 Broukh.
1479 782 1557 822 Cui
1578 783 1667 835 fuit

110 851 268 890 indocto
298 848 504 902 fugienda
542 848 643 886 haec
670 850 811 886 semita
842 847 978 899 vulgi,
1022 847 1120 897 Ipsa
1144 849 1274 898 petita
1306 848 1401 886 lacu
1426 864 1536 888 nunc·
1565 851 1666 889 mihi

113 919 246 958 duleis
283 931 394 969 aqua
430 925 499 958 est.
558 916 776 956 Callimach.
803 917 842 954 in
880 915 998 957 Anth.
1036 914 1118 956 Pal.
1151 915 1236 953 XII.
1269 914 1347 966 43,
1383 917 1436 966 3,
1478 915 1562 959 οὔτ’
1581 916 1663 961 ἀπὸ

111 986 267 1044 κρήνης
294 989 422 1034 πίνω,
451 988 643 1038 σικχαίνω
672 981 805 1025 πάντα
835 981 883 1024 τοὶ
905 981 1102 1035 δημόσια,
1134 996 1244 1033 quem
1265 984 1387 1022 locum
1407 987 1476 1024 Fr.
1501 987 1662 1028 Jacobs.

111 1058 169 1111 (p.
198 1054 301 1108 354)
329 1054 468 1093 attulit.
526 1053 717 1104 Quicquid
741 1058 824 1104 est,
852 1065 1003 1103 vereor,
1023 1064 1093 1102 ne,
1137 1053 1202 1102 qui
1230 1052 1406 1102 „Titium
1433 1057 1481 1093 de
1513 1055 1663 1094 Horatii

111 1125 208 1165 Odis
241 1123 445 1174 aliquando
485 1122 608 1160 minus
641 1122 845 1160 honorifice
878 1121 1066 1172 judicasse
1102 1118 1411 1173 Pindarumque,
1442 1122 1664 1174 Lyricorum

111 1193 317 1248 principem
335 1195 558 1243 poetarum,
583 1191 690 1229 unice
719 1190 875 1240 dignum
899 1189 1109 1227 imitatione
1129 1189 1356 1227 dictitasse“
1387 1203 1432 1228 ex
1460 1191 1531 1230 hoc
1552 1205 1663 1231 versu

112 1261 300 1312 conjiciat,
340 1272 544 1311 pancorum
580 1259 676 1296 ferat
703 1269 910 1297 assensum.
967 1257 1101 1295 Fidem
1130 1258 1163 1296 si
1196 1259 1280 1307 quis
1314 1259 1517 1309 denegabit
1543 1260 1664 1299 Scho-

110 1328 252 1378 uastis,
285 1328 350 1377 qui
382 1327 530 1365 Titium
553 1326 708 1364 Pindari
737 1327 901 1364 carmina
931 1326 970 1363 in
999 1326 1159 1364 latinum
1193 1339 1404 1364 sermonem
1434 1329 1663 1368 convertisse

111 1397 292 1446 tradunt,
324 1399 427 1433 recte
458 1395 571 1433 saciet
605 1407 689 1433 cum
725 1395 953 1432 lVeiclzerto
982 1392 1040 1446 (p.
1064 1394 1178 1445 386.)
1187 1422 1200 1444 ,
1235 1406 1452 1445 quanquam
1485 1396 1594 1434 aliter
1614 1398 1663 1436 de

110 1465 181 1503 hac
201 1476 243 1502 re
263 1464 404 1502 sentire
426 1463 575 1500 videtur
603 1462 818 1508 Osannus,
840 1462 887 1502 V.
911 1462 995 1513 CL,
1017 1463 1056 1500 in
1072 1462 1198 1500 Jahnii
1213 1463 1371 1505 Jahrbb.
1397 1464 1521 1506 1830.
1546 1465 1596 1504 ΙΙ.
1620 1467 1661 1507 3.

110 1546 149 1585 p.
182 1532 279 1573 329.

222 1598 269 1636 V.
293 1598 358 1638 13.
382 1594 448 1637 14.
478 1595 698 1634 Fc'dibusne
720 1621 770 1626 —
789 1605 886 1638 arte.
935 1597 980 1636 In
1002 1598 1061 1636 his
1091 1597 1215 1635 verbis
1235 1597 1327 1635 nihil
1354 1603 1414 1637 est
1441 1602 1564 1650 (quod
1592 1601 1661 1640 ob-

107 1666 333 1706 servandum
354 1666 504 1703 videtur
529 1668 663 1703 contra
692 1665 915 1703 VVeic-lzerti
940 1665 1194 1704 acutissimam
1211 1667 1463 1716 conjecturam
1484 1681 1522 1719 p.
1545 1670 1661 1722 385.)

106 1735 180 1773 nisi
206 1733 396 1772 familiaris
419 1734 606 1783 quaedam
634 1733 921 1771 sermocinatio:
952 1734 1044 1784 quid
1077 1732 1190 1784 agit‘.²
1217 1737 1344 1771 utrum
1369 1734 1442 1774 hoc
1463 1749 1512 1774 an
1536 1736 1661 1776 illud?

107 1803 130 1842 i.
154 1815 186 1841 e.
214 1801 400 1854 pangitne
427 1801 569 1852 aliquid
588 1800 827 1839 Pindaricum
863 1813 912 1839 an
938 1802 988 1839 ad
1012 1801 1228 1852 tragoedias
1258 1801 1475 1842 scribendas
1493 1805 1659 1845 animum

106 1869 301 1923 applicat?
349 1869 463 1907 Hanc
501 1869 727 1907 sententiam
761 1868 897 1908 dilatat
924 1869 1046 1909 Poeta
1080 1874 1279 1922 poetarum
1306 1872 1434 1913 modo.
1488 1873 1659 1912 Hdibns

105 1941 270 1978 Latinis
311 1937 518 1975 Thebanos
556 1944 695 1988 aptare
725 1937 862 1975 modos
899 1952 974 1977 una
1009 1952 1055 1977 ex
1092 1938 1263 1977 formulis
1296 1943 1375 1989 est,
1414 1953 1490 1990 qua
1518 1947 1658 1993 poetae

107 2006 243 2045 Graeci
268 2004 419 2044 Latinis
450 2006 598 2056 praeire
628 2017 770 2054 eosque
798 2007 905 2055 quasi
937 2008 1072 2045 docere
1106 2007 1304 2057 dicuntur,
1339 2012 1382 2044 ut
1411 2008 1486 2048 Od.
1516 2010 1565 2060 3,
1588 2011 1658 2061 30,

109 2075 174 2117 13.
210 2073 404 2112 Aeolium
429 2087 590 2111 carmen
617 2073 676 2110 acl
692 2073 820 2111 Italos
851 2074 1059 2112 deduxisse
1087 2075 1234 2115 modos.
1274 2075 1378 2125 Virg.
1404 2075 1474 2114 Ge.
1494 2077 1535 2126 3,
1562 2078 1656 2117 176.

106 2145 412 2193 Ascraeumque
428 2154 528 2178 cano
543 2141 735 2177 Romana
748 2155 827 2191 per
845 2144 996 2192 oppida
1016 2155 1189 2180 carmen.
1227 2142 1290 2182 Cf.
1310 2143 1386 2182 Od.
1414 2144 1434 2181 1
1448 2170 1460 2192 ,
1484 2145 1560 2192 26,
1585 2144 1654 2183 10.

105 2210 348 2262 32,3-5.
378 2206 428 2259 4,
454 2208 504 2259 9,
529 2208 568 2247 3.
625 2207 751 2259 Epist.
772 2208 820 2258 1,
850 2209 927 2259 19,
955 2210 1023 2250 23.
1065 2209 1179 2259 Prop.
1203 2209 1257 2259 3,
1290 2211 1338 2260 1,
1364 2210 1405 2249 4.
1435 2210 1482 2259 9,
1510 2208 1576 2249 44.
1597 2210 1659 2261 (3,

106 2281 154 2330 8,
175 2277 231 2319 44
252 2275 382 2329 Pald.)
423 2275 483 2314 De
513 2276 679 2314 dictione
708 2276 793 2326 ipsa
830 2276 908 2327 egit
935 2281 1086 2327 praeter
1117 2275 1209 2314 alios
1234 2277 1471 2314 Huschkius
1497 2279 1546 2316 ad
1569 2279 1658 2318 Tib.

105 2348 154 2397 2,
181 2347 227 2397 5,
247 2346 289 2387 4.
329 2346 363 2383 F
366 2344 510 2383 ormula
539 2347 667 2382 autem
692 2345 856 2394 auspice
886 2346 1014 2381 Musa
1032 2372 1043 2388 ,
1077 2345 1125 2382 de
1144 2356 1220 2394 qua
1240 2345 1333 2383 dixit
1352 2346 1479 2387 Bentl.
1502 2348 1552 2385 ad
1581 2348 1656 2388 od.

107 2418 154 2468 1,
173 2418 216 2467 7,
242 2417 310 2457 27.
341 2415 406 2469 (cf.
437 2415 594 2466 Forbig.
627 2415 677 2453 ad
700 2412 803 2462 Virg.
831 2410 925 2450 Aen.
947 2412 996 2462 3,
1024 2410 1130 2463 20),
1160 2425 1348 2463 quamque
1377 2414 1516 2453 ironice
1547 2416 1657 2454 addi-

105 2488 187 2523 tam
217 2484 396 2534 opinatur
429 2483 666 2521 Clarissimus
692 2480 947 2518 Weiclzertus
968 2478 1024 2531 (p.
1050 2478 1154 2530 390)
1184 2493 1308 2530 neque
1336 2482 1494 2533 curiosi,
1533 2496 1658 2534 neque

106 2550 278 2589 malevoli
303 2552 580 2602 percontatoris
604 2555 685 2601 est,
717 2549 786 2586 sed
806 2549 908 2599 ejus,
942 2548 1005 2598 qui
1028 2546 1179 2585 alterius
1214 2550 1363 2599 poetica
1388 2551 1516 2590 studia
1534 2551 1656 2590 Musis

108 2631 186 2657 non
215 2618 321 2656 iratis
349 2620 554 2670 procedere
591 2620 733 2670 cupiat,
793 2617 856 2654 Sic
886 2616 1020 2653 dexter
1034 2615 1189 2666 Apollo
1215 2630 1279 2668 ap.
1301 2618 1403 2659 Stat.
1431 2619 1522 2658 Silv.
1548 2619 1589 2671 5,
1616 2621 1656 2671 1,

110 2683 176 2726 14.
222 2686 547 2732 Quemadmodum
575 2691 702 2726 autem
733 2686 934 2725 desaevire
962 2684 1198 2722 referendum
1218 2689 1277 2724 est
1299 2687 1349 2724 ad
1375 2684 1423 2726 τὰ
1445 2684 1564 2740 πάθη
1582 2691 1656 2741 τῆς

106 2754 350 2808 τραγῳδίας,
372 2755 427 2793 ita
448 2756 672 2806 ampullari
691 2757 741 2795 ad
763 2753 986 2807 gravitatem
1008 2753 1354 2804 sublimitatemque
1376 2755 1556 2794 orationis
1575 2758 1655 2793 tra-

106 2822 213 2874 gicae
246 2823 438 2874 propriam
470 2827 510 2861 et
540 2824 613 2874 ita,
650 2829 695 2863 ut
732 2824 838 2862 notio
875 2821 1062 2871 quaedam
1087 2823 1388 2873 exaggerationis
1418 2824 1654 2874 tragoediam

106 2890 229 2942 ipsam
259 2890 452 2940 tangentis
485 2891 636 2930 minime
662 2892 775 2930 absit.
822 2892 883 2931 Cf.
905 2889 1021 2929 Orell.
1055 2889 1105 2927 ad
1128 2889 1177 2931 A.
1195 2889 1240 2931 P.
1265 2888 1465 2932 94—98.
1503 2891 1652 2931 Peerlk.

107 2957 158 2996 ad
181 2957 259 2998 Od.
281 2959 322 3009 2,
345 2958 382 2997 1.
415 2971 456 3011 p.
480 2958 574 3000 157.
625 2960 762 3011 Wagn.
791 2960 840 2997 ad
868 2958 975 3008 Virg.
998 2957 1120 2996 Catal.
1148 2971 1185 3010 p.
1211 2958 1307 2999 355.
1346 2959 1477 2999 Jacob.
1502 2962 1551 2999 ad
1573 2958 1654 2998 Lu-

1163 3023 1252 3065 15*
1308 3024 1375 3079 (2)
