2028 3268
176 278 259 320 109
319 275 700 316 COMMENTARII
728 277 786 315 IN
815 275 1040 317 HORATII
1068 274 1168 314 LIB.
1188 275 1220 315 I.
1240 273 1407 314 EPIST.
1429 273 1578 313 SEPT.
1636 271 1720 314 381

174 405 249 443 hoc
278 415 505 454 responsum
535 414 558 439 a
586 402 702 440 Mena
726 402 809 452 ipso
838 401 972 439 tulisse
1003 401 1232 452 conjiceret,
1279 413 1360 439 rem
1384 400 1522 439 bonam
1551 399 1721 438 subtilis-

176 473 271 510 sima
304 483 374 509 sua
405 471 624 521 conjectura
653 470 788 508 fecerit
817 472 1049 519 suspectam.
1083 491 1133 498 —
1165 482 1247 507 non
1275 468 1409 519 laeve,
1455 482 1527 521 per
1556 469 1724 522 μείωσιν

175 545 219 579 ut
241 540 291 590 3,
317 540 385 582 21.
414 539 666 585 dexterrime3
698 539 858 576 Graeci:
889 533 939 577 οὗ
971 536 1133 584 σκαίως.
1192 538 1259 576 Sic
1288 537 1427 576 laevus
1459 537 1507 576 A.
1533 536 1576 576 P.
1607 538 1723 586 301.,

175 607 290 646 laevo
313 614 486 658 tempore
513 607 595 645 Sat.
629 609 678 657 2,
708 606 758 658 4,
788 603 828 645 4.
889 605 1002 643 Conf.
1035 604 1194 657 Forbig.
1220 608 1270 645 ad
1297 607 1401 659 Virg.
1460 606 1542 645 Eel.
1575 608 1626 657 1,
1655 608 1722 647 16.

173 677 273 715 Aen.
306 678 347 726 2,
379 674 448 716 54.
507 675 649 714 Hauth.
680 677 731 714 ad
757 675 865 713 Pers.
894 675 935 722 2,
968 671 1035 713 54.
1094 674 1248 714 Novum
1275 676 1430 726 quidem
1454 674 1624 725 verbum,
1653 675 1724 713 sed

175 758 255 783 non
282 744 491 782 mirandum
520 756 645 793 neque
674 743 891 782 mutandum
919 742 958 779 in
986 741 1172 794 Horatio,
1218 744 1281 795 qui
1306 747 1346 782 et
1373 743 1466 781 alias
1494 756 1593 781 nove
1622 743 1725 781 dicta

173 808 315 863 habet,
343 815 387 850 ut
417 811 682 849 insolabiliter
711 809 778 861 14,
807 812 870 860 8.,
901 810 1134 860 opulentare
1160 813 1228 862 16,
1260 815 1327 863 2.,
1357 813 1578 864 incogitare
1603 812 1656 861 2,
1684 812 1724 859 1,

178 883 300 931 122.,
330 879 538 931 vepallida
566 881 650 918 Sat.
682 881 722 928 1,
753 882 793 928 2,
825 879 941 928 129.,
959 879 1087 930 jbrsit
1121 882 1159 930 1,
1185 881 1226 930 6,
1259 879 1355 930 49.,
1386 881 1545 931 irrupta
1575 880 1651 918 Od.
1685 881 1724 927 1,

179 950 248 1000 13,
280 951 375 999 18.,
405 949 568 1001 furiare
600 949 639 999 1,
667 947 735 998 25,
769 945 862 997 14.,
892 947 1218 995 ι’ἰίαενὶνηαόίίἰε,
1249 950 1464 1001 enavigare
1493 951 1543 999 2,
1575 947 1652 998 14,
1682 948 1723 987 6.

179 1021 275 1068 11.,
311 1018 577 1055 intaminatus
606 1017 648 1066 3,
674 1019 715 1066 2,
748 1018 840 1066 18.,
866 1016 1059 1054 redonare
1087 1017 1129 1068 3,
1159 1017 1201 1066 3,
1230 1018 1325 1068 33.‚
1350 1019 1558 1055 immetata
1581 1017 1623 1067 3,
1654 1014 1725 1065 24,

179 1089 248 1130 12.
258 1113 272 1135 ,
301 1084 536 1131 obarmare,
565 1086 738 1123 revictae
766 1083 808 1133 4,
833 1085 874 1134 4,
907 1087 973 1127 21.
1007 1083 1075 1127 24.
1135 1084 1221 1123 Alia
1243 1085 1482 1136 collegerunt
1510 1087 1563 1123 P.
1595 1085 1721 1122 Hoss.

175 1155 215 1193 in
243 1154 381 1205 Progr.
414 1153 554 1191 Colon.
587 1155 713 1196 1827.
748 1153 957 1203 inscripto:
997 1151 1132 1202 „Loci
1161 1154 1306 1204 aliquot
1333 1154 1484 1193 Horatii
1512 1153 1726 1192 illustrati“

173 1235 215 1272 p.
246 1221 286 1260 9.
315 1227 354 1261 et
383 1221 686 1273 Dillenburger.
715 1222 754 1260 in
778 1221 971 1272 „Quaest.
999 1221 1171 1260 Horat.“
1197 1224 1356 1262 Bonnae
1389 1219 1512 1264 1841.
1538 1237 1578 1274 p.
1607 1224 1646 1263 6.
1668 1243 1726 1251 -·

175 1290 222 1328 V.
247 1288 317 1330 54.
386 1291 512 1337 Cujus
523 1290 722 1342 jbrtzmae
746 1303 839 1339 non,
864 1294 906 1328 ut
928 1289 1204 1342 Haberfeldzcs
1225 1292 1514 1343 interpretatur,
1540 1303 1615 1341 quo
1641 1289 1726 1327 loco

175 1362 304 1407 natus,
336 1359 406 1396 sed
434 1362 561 1396 utrum
590 1359 696 1396 dives
726 1371 774 1396 an
802 1371 948 1410 pauper
975 1360 1025 1396 sit
1054 1373 1098 1398 ex
1126 1360 1340 1410 notissima,
1370 1371 1586 1410 quanquam
1615 1362 1655 1395 et
1685 1357 1726 1406 5,

179 1427 246 1468 12.
272 1425 464 1476 neglecta,
495 1427 784 1477 significatione.
816 1449 866 1455 —
903 1442 980 1479 qao
1009 1429 1061 1466 sit
1085 1435 1214 1479 patre.
1271 1428 1330 1466 Ex
1352 1428 1422 1466 hac
1450 1429 1535 1480 ipsa
1561 1428 1727 1465 interro—

177 1495 332 1546 gatione
359 1499 531 1545 apparet,
558 1495 758 1533 Horatium
778 1495 931 1533 Menam
959 1509 1031 1547 pro
1060 1496 1200 1535 liberto
1219 1511 1296 1535 non
1315 1497 1508 1537 habuisse.
1530 1519 1581 1525 ——
1604 1507 1731 1547 quove

170 1570 361 1614 patrono.
423 1563 498 1608 Qui
527 1564 638 1601 aliter
666 1563 820 1614 legunt,
853 1578 921 1602 eos
951 1566 1050 1616 fugit
1079 1566 1291 1604 sententiae
1321 1565 1404 1615 vis,
1430 1578 1508 1616 qua
1538 1564 1730 1615 quaeritur

175 1634 226 1671 de
268 1635 458 1684 patron0,
508 1633 539 1669 si
573 1633 676 1670 forte
708 1645 786 1670 non
814 1632 955 1670 habeat
983 1637 1145 1685 patrem.
1204 1633 1394 1673 Libertini
1423 1634 1522 1672 enim
1555 1637 1595 1670 et
1628 1631 1730 1670 servi

175 1707 299 1752 patre
324 1700 438 1737 nullo
466 1701 555 1738 nati
582 1700 827 1751 dicebantur,
869 1706 1106 1753 quapropter
1134 1703 1248 1741 etiam
1283 1703 1322 1740 in
1358 1714 1468 1752 seqq.
1499 1699 1615 1739 Mena
1651 1713 1730 1738 non

178 1770 393 1821 respondet
426 1768 642 1819 quaestioni
678 1783 755 1821 quo
789 1776 921 1819 patre.
993 1770 1092 1809 Rem
1129 1769 1283 1808 uberius
1318 1773 1461 1807 tractat
1497 1767 1730 1807 Schmidizae

177 1842 218 1876 et
252 1837 313 1875 hic
341 1841 381 1875 et
417 1838 457 1874 in
495 1836 671 1887 Epistola
697 1851 736 1888 p.
771 1838 837 1878 13.
896 1838 957 1877 De
997 1839 1219 1889 quaestione
1248 1840 1339 1891 quis
1377 1842 1417 1876 et
1452 1837 1559 1875 unde
1596 1836 1732 1883 domo,

177 1906 204 1943 ἰ.
233 1919 268 1944 e.
300 1906 425 1957 patria
451 1918 486 1943 v.
518 1906 586 1946 53.
610 1907 696 1944 vide
726 1907 887 1944 eundem
917 1912 955 1946 et
978 1907 1122 1946 Victor.
1153 1920 1215 1959 ap.
1245 1907 1420 1947 Hoched.
1446 1912 1485 1945 et
1507 1906 1661 1945 Ruhnk.
1682 1907 1732 1944 ad

179 1973 294 2011 Ovid.
322 1974 415 2011 Her.
440 1974 492 2022 2,
537 1973 632 2014 106.
672 1997 723 2003 -—
761 1975 806 2012 V.
839 1975 907 2015 55.
957 1976 1013 2025 it,
1054 1975 1171 2013 redit.
1229 1976 1295 2013 Sic
1325 1988 1371 2014 ex
1400 1978 1541 2014 usitata
1569 1975 1733 2013 formula

181 2044 458 2091 componuntur
476 2041 585 2091 itque
605 2042 785 2091 reditque
806 2042 912 2092 Virg.
934 2042 1032 2081 Aen.
1059 2045 1101 2093 6,
1129 2045 1223 2085 122.
1284 2043 1399 2081 Ovid.
1420 2044 1594 2093 Her.15,
1620 2045 1731 2093 118.,

180 2109 245 2147 ubi
273 2108 383 2160 plura
408 2107 564 2158 collegit
590 2108 859 2146 Rulznkenius
870 2137 887 2154 ,
918 2111 1019 2148 conf.
1044 2111 1179 2148 Heius.
1204 2111 1254 2148 ad
1280 2111 1393 2148 Ovid.
1420 2110 1530 2149 Fast.
1563 2113 1603 2160 1,
1635 2112 1731 2152 126.

180 2179 310 2217 Burm.
332 2178 381 2215 ad
409 2175 526 2214 Anth.
547 2176 614 2214 lat.
643 2177 675 2214 I.
706 2190 745 2228 p.
769 2177 852 2220 253
874 2182 913 2216 et
934 2178 1030 2219 501.
1090 2177 1152 2215 De
1176 2177 1244 2215 tali
1272 2177 1378 2215 verbi
1403 2178 1582 2230 simplicis
1613 2178 1736 2215 eundi

181 2247 339 2285 notione
366 2246 458 2283 dixit
485 2242 691 2295 Forbiger.
729 2245 779 2282 ad
807 2245 913 2297 Virg.
944 2246 1041 2285 Aen.
1074 2250 1114 2297 2,
1144 2245 1241 2286 375.
1303 2246 1482 2284 Ceterum
1509 2246 1571 2284 hic
1594 2246 1734 2285 verbo-

181 2326 267 2351 rum
294 2313 389 2350 ordo
419 2312 459 2349 It
483 2333 539 2341 —
563 2319 600 2348 et
625 2320 767 2350 narrat
793 2315 888 2352 mire
917 2315 1128 2366 respondet
1155 2326 1216 2351 vv.
1247 2313 1319 2351 abi
1331 2342 1346 2360 ‚
1377 2328 1524 2367 qaaere
1551 2321 1589 2351 et
1617 2314 1734 2366 raegfhr,

181 2382 286 2432 quod
323 2386 430 2419 recte
470 2384 602 2418 contra
637 2380 952 2433 Caningamium
993 2381 1174 2420 observat
1209 2382 1398 2422 Orellius.
1436 2404 1494 2414 ·-
1535 2383 1736 2421 Volteium

182 2450 368 2488 Menam.
430 2448 492 2487 De
523 2447 595 2486 hac
618 2450 778 2487 nominis
807 2451 973 2490 Romani
1000 2445 1089 2488 'cum
1115 2452 1266 2490 nomine
1291 2452 1418 2490 nativo
1447 2452 1613 2504 (Menas,
1638 2455 1736 2504 Μη-

183 2517 277 2568 νᾶς)
313 2518 590 2568 compositione
621 2518 768 2555 erudite
796 2519 966 2570 disputat
991 2518 1241 2566 Schmidius,
1272 2522 1341 2559 sed
1368 2524 1504 2568 restat,
1529 2525 1572 2559 ut
1601 2521 1735 2559 obser—

183 2598 332 2634 vemus,
354 2583 516 2622 Latinos
546 2586 697 2623 nomina
727 2587 879 2625 Graeca
906 2588 945 2624 in
972 2600 1019 2624 as
1052 2588 1299 2626 terminantia
1327 2589 1509 2640 imprimis
1539 2603 1737 2629 servorum

184 2653 406 2704 plerumque
427 2653 477 2689 ad
503 2652 659 2691 latinam
685 2656 999 2692 consuetudinem
1027 2655 1269 2702 immutasse3
1303 2657 1392 2694 inde
1420 2668 1457 2693 v.
1487 2657 1556 2699 61.
1588 2658 1736 2704 Mena,

186 2725 227 2759 et
245 2723 299 2760 ita
319 2720 358 2758 in
376 2721 493 2757 inser.
514 2733 576 2772 ap.
599 2722 695 2760 Gor.
717 2724 766 2761 de
783 2721 934 2761 Libert.
958 2722 1131 2760 columb.
1156 2723 1308 2775 (Polen.
1324 2723 1444 2762 Thes.
1459 2724 1525 2763 111.
1547 2739 1586 2778 p.
1600 2723 1734 2778 143.):

189 2790 319 2826 Mena
353 2788 507 2825 Liviae.
538 2789 592 2826 L.
615 2789 675 2827 A.
706 2791 834 2830 Veste.
863 2791 906 2843 (i.
930 2805 964 2829 e.
994 2789 1214 2842 vestiarius)
1244 2795 1283 2829 et
1313 2803 1376 2843 ap.
1399 2792 1552 2832 Gruter.
1577 2808 1615 2846 p.
1638 2794 1733 2838 241.

189 2871 225 2896 c.
255 2858 294 2898 2.
334 2855 499 2893 Lallias
528 2857 670 2898 Mena.
728 2860 793 2897 Sic
830 2873 874 2897 ex
904 2859 1038 2896 eadem
1074 2858 1161 2909 lege
1190 2857 1372 2897 Iudaeus
1398 2860 1554 2912 Apella
1582 2863 1665 2904 Sat.
1696 2865 1737 2913 1,

187 2923 231 2974 5,
264 2923 383 2974 1ΟΟ.,
408 2925 576 2975 Marsya
604 2926 686 2963 Sat.
720 2928 766 2976 1,
798 2929 850 2977 6,
879 2927 1004 2976 120.,
1031 2926 1173 2964 Dama
1201 2928 1286 2966 Sat.
1319 2930 1370 2978 2,
1401 2929 1453 2981 5,
1481 2933 1602 2981 101.,
1634 2933 1736 2970 conf.

191 2992 357 3032 Casaub.
388 2994 437 3031 ad
466 2992 576 3032 Pers.
601 2993 642 3044 5,
671 2994 741 3034 76.
766 2995 851 3046 79.,
882 2995 1075 3048 Aegypta
1098 2998 1138 3035 et
1156 2996 1331 3034 Hermia
1353 3009 1416 3049 ap.
1443 2999 1524 3038 Cic.
1553 3002 1591 3038 in
1609 3000 1736 3053 Epist.
