2028 3268
429 253 515 296 334
581 254 954 296 COMMENTARII
982 255 1041 295 IN
1068 253 1290 295 HORATII
1316 254 1417 295 Lm.
1434 257 1465 296 I.
1482 256 1644 299 EPIST.
1662 258 1810 300 SEXT.
1893 261 1947 304 62

427 377 614 417 lavatione
641 378 853 430 paraverint
879 389 956 414 non
982 380 1060 414 tam
1083 378 1350 427 concoctionis‚
1379 379 1437 416 cui
1462 381 1706 430 perniciosam
1734 395 1819 420 esse
1845 382 1948 420 lava-

427 446 571 483 tionem
602 448 750 482 constet
783 456 893 493 quam
918 443 1120 482 munditiae
1154 456 1267 481 causa
1294 445 1342 481 ad
1375 445 1599 495 abigendum
1622 448 1682 485 vel
1711 450 1949 488 minuendum

428 513 610 559 odorem,
650 511 711 560 qui
741 510 810 547 sub
839 510 906 547 alis
935 512 1132 559 nascatur,
1170 511 1208 547 in
1236 524 1348 560 quam
1376 524 1455 549 rem
1482 512 1591 550 affert
1618 514 1721 552 locos
1749 517 1798 553 ad
1823 515 1946 566 Epist.

429 581 468 627 1,
498 578 537 626 5,
568 577 633 618 29.
663 577 848 616 laudatos,
902 575 963 614 De
991 576 1061 614 hae
1082 577 1230 626 quidem
1254 590 1294 613 re
1319 577 1463 626 dubito,
1493 580 1540 616 de
1566 579 1628 617 illa
1655 583 1840 620 assentior
1857 582 1946 619 Viro

426 645 659 693 doctissimo,
688 645 941 681 assentiuntur
967 643 1114 691 medici,
1143 656 1255 693 quum
1279 643 1367 681 talia
1394 644 1527 683 balnea
1553 648 1602 684 ad
1631 649 1862 687 excitandum
1891 650 1946 686 ci-

426 710 557 747 borum
584 711 791 760 appetitum
817 713 1031 760 comparata
1050 710 1282 758 existimant,
1323 711 1397 748 vid.
1433 712 1484 749 G.
1518 714 1578 750 H.
1601 713 1732 750 Ritter
1758 717 1795 753 in
1822 715 1947 766 Ency-

426 776 523 826 clop.
551 777 708 815 Halens.
736 776 816 814 VII.
843 789 882 827 p.
914 776 980 816 51.
1038 775 1245 815 Praeterire
1275 781 1402 816 tamen
1427 791 1587 828 nequeo,
1613 779 1709 830 aliis,
1734 785 1776 818 ut
1810 781 1946 824 Oetav,

424 843 607 880 Ferrario
645 844 700 895 (in
731 842 934 881 Dissertat.
966 844 1014 880 de
1048 843 1156 881 Baln.
1183 857 1221 894 p.
1256 846 1295 885 8.
1328 846 1387 883 ed.
1415 844 1606 895 Fabric.)‚
1639 846 1874 886 Burmanno
1897 850 1947 887 ad

423 909 580 948 Petron.
610 911 676 951 41.
707 913 746 948 et
780 908 1142 957 Wielzellzaasenio‚
1169 911 1242 961 ipsi
1267 913 1411 949 medico
1447 910 1621 962 („Ueber
1648 914 1707 951 die
1734 915 1861 953 Biider
1878 916 1946 953 des

422 975 688 1015 Alterthums“
711 990 750 1028 p.
766 976 868 1027 60.)‚
903 976 997 1014 hanc
1027 976 1146 1014 alieno
1176 981 1346 1028 tempore
1376 978 1531 1015 balineis
1558 980 1775 1019 ardentibus
1799 981 1947 1019 lavandi

422 1046 728 1082 consuetudinem
757 1056 781 1081 a
808 1043 890 1081 sola
915 1044 975 1082 vel
1002 1043 1105 1081 cibos
1134 1044 1352 1082 conficiendi
1380 1045 1440 1083 vel
1467 1047 1686 1084 cruditatem
1715 1051 1754 1086 et
1782 1048 1943 1086 ebrieta-

419 1114 500 1149 tem
529 1112 751 1148 discutiendi
778 1123 890 1148 causa
916 1112 1158 1162 repetendam
1185 1111 1316 1148 videri.
1377 1112 1437 1149 Cf.
1467 1113 1677 1152 Heinrich.
1707 1115 1754 1152 ad
1788 1115 1871 1152 Juv.
1905 1117 1944 1164 1,

423 1175 542 1227 142„
594 1179 657 1228 qui
698 1177 847 1228 ablegat
886 1179 935 1216 ad
984 1177 1263 1229 Wyttenbaclz.
1306 1176 1500 1217 Animadv.
1544 1181 1582 1217 in
1623 1180 1808 1220 Plutarch.
1842 1181 1873 1219 1.
1902 1194 1942 1232 p.

419 1245 517 1286 826.
573 1243 634 1282 De
663 1249 831 1295 tempore
860 1249 983 1283 autem
1010 1245 1121 1296 paulo
1153 1249 1240 1282 ante
1268 1257 1420 1282 coenam
1451 1245 1596 1283 lavandi
1624 1247 1787 1297 legitimo
1816 1249 1944 1298 dispu-

418 1317 474 1351 tat
509 1312 670 1351 Becker.
702 1313 750 1350 ad
783 1311 880 1349 Gall.
910 1312 959 1350 II.
988 1325 1027 1362 p.
1058 1309 1112 1350 49
1140 1324 1226 1361 sqq.
1256 1323 1415 1359 quocum
1449 1313 1496 1350 cf.
1537 1313 1696 1364 Rupert.
1736 1317 1775 1351 et
1812 1312 1941 1352 Heinr.

418 1380 469 1416 ad
507 1379 591 1416 Juv.
628 1380 704 1428 11,
763 1377 856 1420 204.
891 1383 930 1416 et
962 1379 1158 1429 Biittiger.
1195 1376 1426 1416 Aldobrand.
1461 1378 1604 1418 Hochz.
1649 1393 1689 1431 p.
1731 1379 1808 1422 152
1855 1391 1942 1429 sqq.

417 1445 588 1484 laudatus
617 1445 664 1482 ab
693 1445 928 1483 Heinrichio
957 1446 1006 1483 ad
1033 1445 1117 1483 Juv.
1149 1445 1190 1494 3,
1225 1444 1318 1485 261.
1844 1483 1847 1485 ,

529 1513 578 1550 V.
595 1513 662 1554 62.
727 1512 837 1560 Quid
863 1510 1202 1552 deceat—obliti.
1258 1511 1378 1549 Recte
1407 1512 1555 1561 quidem
1582 1512 1806 1550 Daeerius:
1834 1511 1943 1561 „Car

418 1592 483 1618 ces
516 1579 622 1616 baius
657 1580 768 1630 apres
802 1579 837 1617 le
864 1592 975 1630 repas
1015 1580 1154 1618 e‘toient
1181 1590 1258 1616 non
1286 1578 1491 1616 seulement
1527 1582 1656 1616 contre
1687 1579 1724 1617 la
1755 1579 1940 1627 coutume,

418 1647 510 1685 mais
540 1647 642 1683 aussi
671 1652 801 1684 contre
829 1646 885 1684 les
923 1646 1067 1683 bonnes
1099 1645 1295 1693 moeurs,“
1323 1645 1419 1683 haud
1449 1646 1526 1682 scio
1556 1650 1702 1694 tamen,
1740 1658 1788 1683 an
1822 1644 1942 1682 Poeta

416 1718 456 1751 et
488 1713 560 1749 alia
597 1714 777 1762 quaedam
814 1724 970 1763 spurca,
1021 1712 1068 1749 ad
1102 1723 1197 1761 quae
1231 1711 1402 1748 facienda
1438 1711 1572 1750 talibus
1605 1710 1810 1748 hominibus
1843 1722 1939 1761 opus

416 1782 521 1816 esset
554 1779 704 1815 sordido
738 1780 956 1827 ministerio,
992 1777 1202 1827 significare
1230 1777 1399 1816 voluerit.
1456 1778 1552 1816 Rem
1591 1778 1815 1815 obscoenam
1841 1776 1940 1814 illam

417 1845 566 1895 quidem
595 1844 785 1894 eleganter
810 1845 1039 1883 illustrarunt
1066 1843 1276 1895 Boettiger.
1304 1846 1341 1882 in
1369 1844 1500 1882 Sabin.
1532 1858 1571 1895 p.
1600 1845 1654 1886 35
1683 1857 1740 1894 sq.
1777 1847 1815 1882 et
1846 1843 1941 1880 See-

416 1911 554 1948 hodius
588 1912 627 1948 in
660 1911 907 1961 ,‚Scholien“
941 1917 1012 1951 etc.
1045 1924 1084 1961 p.
1115 1912 1181 1951 21.
1254 1911 1315 1948 Cf.
1349 1910 1662 1948 Wclzellzausen
1691 1910 1717 1948 l.
1745 1910 1771 1948 l.
1800 1923 1839 1961 p.
1869 1910 1936 1950 63.

414 1983 454 2016 et
482 1978 575 2015 Plin.
604 1978 653 2016 H.
684 1978 737 2016 N.
771 1974 843 2026 14,
874 1980 941 2019 22.
998 1975 1057 2014 An
1085 1976 1299 2027 improbans
1327 1977 1400 2015 tale
1427 1978 1516 2028 quid
1554 1977 1793 2027 significavit,
1837 1977 1938 2026 quod

416 2045 558 2083 Ennius
593 2045 683 2082 dixit
716 2057 777 2096 ap.
809 2044 888 2080 Cic.
922 2045 960 2080 in
989 2042 1025 2080 T
1028 2056 1106 2080 use.
1136 2039 1177 2091 4,
1207 2043 1277 2093 33,
1306 2044 1376 2083 70.
1434 2043 1589 2094 Flagiti
1607 2044 1855 2094 principium
1884 2050 1941 2079 est

414 2111 566 2148 nudare
593 2112 695 2148 inter
722 2111 818 2147 civis
845 2110 1037 2160 corpora?
1070 2109 1153 2147 Vid.
1183 2109 1234 2146 ibi
1262 2108 1389 2146 Klotz.
1421 2114 1459 2147 et
1491 2112 1538 2148 ad
1572 2115 1666 2149 orat.
1700 2123 1758 2161 pr.
1787 2109 1937 2147 Cluent.

414 2179 492 2228 51,
535 2177 629 2220 141.
689 2178 873 2227 Quicquid
905 2182 982 2227 est,
1026 2178 1097 2216 huc
1126 2188 1274 2226 quoque
1306 2177 1496 2226 pertinent
1528 2178 1642 2215 verba
1670 2177 1861 2215 Ciceronis
1889 2176 1938 2213 de

413 2245 497 2283 Fin.
534 2248 581 2294 2,
631 2245 676 2284 8:
735 2245 807 2295 qui
839 2245 883 2281 in
914 2257 1090 2281 mensam
1121 2249 1284 2281 vomunt
1315 2249 1352 2279 et
1384 2245 1453 2294 qui
1485 2245 1674 2282 conviviis
1699 2243 1939 2295 auferuntur

415 2312 603 2363 crudique
628 2310 822 2361 postridie
852 2324 892 2348 se
919 2325 1055 2348 rursus
1081 2310 1334 2361 ingurgitant
1367 2314 1438 2348 etc.
1470 2315 1508 2348 et
1538 2311 1674 2348 Senec.
1707 2311 1745 2348 in
1779 2308 1933 2347 Consol.

411 2381 462 2418 ad
476 2379 583 2419 Helv.
615 2377 676 2416 9.:
718 2377 909 2423 Vomunt,
938 2386 983 2415 ut
1010 2377 1145 2424 edant,
1173 2377 1310 2422 edant,
1337 2383 1383 2413 ut
1411 2383 1586 2414 vomant.
1621 2400 1670 2407 —
1706 2377 1815 2416 Caer.
1845 2387 1936 2413 cera

413 2447 547 2498 digni,
575 2447 600 2483 i.
632 2457 666 2482 e.
703 2443 919 2481 Caeritibus
947 2443 1094 2481 tabulis
1103 2473 1120 2490 ,
1153 2457 1245 2495 quas
1274 2447 1384 2481 vocat
1411 2443 1553 2480 Gellius
1584 2443 1659 2491 16,
1692 2443 1782 2492 13.,
1818 2443 1933 2492 digni,

414 2515 477 2564 qui
512 2512 742 2562 suffragandi
769 2524 921 2550 munere
947 2514 1147 2563 privemur,
1176 2511 1278 2560 quod
1311 2514 1368 2548 est
1396 2522 1441 2548 ex
1475 2510 1780 2559 interpretatione
1806 2508 1932 2546 Schol.

415 2581 553 2630 Cruq.:
605 2585 699 2616 nota
736 2579 929 2630 infamiae
965 2585 1002 2615 et
1032 2579 1139 2616 omni
1166 2577 1384 2629 ignominia
1412 2576 1528 2627 digni
1557 2589 1708 2614 sumus.
1767 2574 1827 2613 De
1862 2575 1934 2612 hac

413 2651 503 2685 nota
532 2648 703 2684 censoria
740 2647 830 2684 dixit
857 2645 1042 2685 Asconius
1071 2648 1118 2686 ad
1143 2646 1220 2683 Cic.
1250 2644 1412 2683 Divinat.
1442 2644 1481 2683 3.
1511 2657 1551 2695 p.
1583 2643 1678 2684 103.
1708 2642 1807 2680 Bait.
1863 2639 1933 2680 Hi-

413 2715 530 2751 storia
549 2714 693 2751 illarum
725 2713 945 2763 tabularum,
979 2715 1027 2752 de
1059 2712 1189 2765 quibus
1218 2712 1276 2750 hic
1301 2711 1405 2748 multi
1435 2715 1522 2749 sunt
1548 2710 1716 2761 plerique
1746 2711 1932 2758 interpre-

411 2786 470 2818 tes
499 2794 627 2831 parum
660 2781 798 2818 faciunt
835 2782 882 2818 ad
910 2780 1008 2818 hunc
1033 2780 1155 2819 locum
1185 2783 1287 2818 recte
1319 2779 1610 2829 intelligendum,
1646 2778 1683 2815 in
1715 2788 1787 2826 quo
1806 2774 1931 2812 Hora-

411 2848 484 2887 tius
512 2848 598 2885 mihi
626 2849 773 2897 quidem
802 2861 868 2886 eos
894 2852 1047 2886 notasse
1075 2848 1232 2896 videtur,
1267 2847 1330 2896 qui
1355 2850 1419 2883 aut
1445 2846 1592 2896 prodigi
1619 2848 1836 2894 agnatorum
1864 2853 1930 2878 cu-

411 2914 546 2954 rationi
583 2914 802 2964 subjiciendi
838 2919 905 2954 aut
939 2914 1112 2954 luxuriosi
1151 2918 1308 2967 propter
1350 2913 1505 2951 violatas
1541 2911 1646 2962 leges
1683 2907 1928 2960 sumptuarias
