2028 3268
274 275 648 316 COMMENTARII
675 275 731 314 IN
756 273 980 313 HORATII
1006 272 1183 313 EPIST.
1211 273 1358 312 PRIM.
1376 273 1478 312 LIB.
1502 275 1534 312 Ι.
1599 269 1683 313 103

126 390 353 439 intellecta,
383 401 510 442 quum
527 389 721 441 respicere
739 387 939 427 actionem
969 402 1056 428 esse
1081 387 1299 442 superioris
1325 399 1420 439 erga
1447 385 1683 424 inferiorem

127 457 292 497 diceret.
347 457 412 497 Sit
432 453 553 495 sane!
612 457 870 509 Respicimus
888 457 1010 495 etiam
1030 469 1144 506 eum,
1179 469 1202 493 a
1223 469 1302 509 quo
1327 468 1447 508 opem
1467 461 1683 507 exspecta-

125 539 218 565 mus
244 525 313 564 vel
333 527 446 578 cujus
472 531 621 563 nutum
647 539 890 564 reveremur.
947 526 1199 578 Quapropter
1223 526 1326 563 bene
1352 523 1682 576 Oudendorpius:

126 593 262 634 oculos
279 595 325 632 in
339 601 378 632 te
397 595 620 633 detinentis.
650 595 719 634 Sic
739 594 882 633 Graeci
903 588 1149 647 οἷποβλέπειν
1168 594 1258 634 τινά
1282 600 1322 632 et
1342 591 1444 644 ὁρᾶν
1461 587 1561 645 πρός
1579 606 1682 641 τινα,

127 669 169 701 et
190 664 326 701 Latini
345 676 644 716 nonnunquam
661 664 855 714 aspicere,
878 669 926 701 ut
934 664 1036 715 Nep.
1059 661 1205 701 Chabr.
1222 661 1263 712 4,
1280 664 1318 703 1.
1346 660 1487 701 Sidon.
1500 661 1682 713 Apollin-

126 732 264 770 Carm·
287 732 328 772 2·
351 745 393 784 Ρ.
421 731 520 773 279.
549 732 658 769 Elm.
687 732 904 770 Praeterea
932 732 1109 770 invictas
1136 732 1336 778 Ricimer,
1372 744 1490 783 quem
1512 728 1684 781 publica

120 800 219 852 sata
238 800 496 852 Res-picium,
516 802 683 853 proprio
701 800 811 839 eolus
830 801 900 839 vix
921 801 1062 839 Marte
1080 800 1238 852 repellit
1257 801 1460 838 Piratam.
1501 799 1592 837 Liv.
1613 799 1683 847 27,

128 869 206 918 12,
234 868 276 910 3.
306 882 379 907 nec
409 869 512 922 quid
523 869 666 919 fidum
688 870 899 921 respiceret
923 868 1104 907 habenti.
1161 869 1254 907 Alia
1278 869 1396 921 plura
1423 866 1685 920 suppeditant

129 949 231 990 quos
249 950 371 990 supra
393 936 648 976 laudavimus
674 937 718 975 in
739 944 875 981 annot.
897 939 998 987 crit„
1021 937 1124 976 adde
1137 937 1321 976 Schmid.
1338 936 1390 975 ad
1411 935 1454 974 h.
1474 937 1501 974 l.
1523 943 1563 974 et
1582 948 1684 989 quos

127 1004 268 1044 laudat
287 1003 454 1045 Ruhuk.
475 1004 527 1043 ad
543 1007 639 1044 Ter.
659 1005 787 1044 Andr.
820 1003 868 1056 4,
897 1007 920 1047 1
933 1036 944 1055 ,
970 1007 1060 1057 18.,
1088 1008 1228 1045 Burm.
1250 1006 1303 1044 ad
1324 1007 1414 1046 val.
1439 1006 1500 1043 Fl.
1517 1008 1565 1054 7,
1586 1004 1682 1047 575.

128 1074 300 1126 interpp.
320 1073 373 1112 ad
390 1075 478 1112 Liv.
507 1071 554 1123 4,
578 1071 658 1124 46,
687 1075 752 1124 8.,
782 1075 862 1125 21,
893 1073 971 1125 44,
992 1076 1058 1125 8.,
1093 1076 1199 1115 Cort.
1227 1073 1279 1112 ad
1303 1075 1455 1112 Lucan.
1484 1074 1531 1123 8,
1562 1071 1683 1123 490.‚

126 1144 301 1194 Herzog.
321 1142 373 1181 ad
391 1142 503 1180 Caes.
524 1143 572 1181 B.
597 1143 640 1180 C.
667 1143 704 1192 1,
730 1143 767 1184 l.
796 1157 838 1195 Ρ.
860 1141 903 1184 4.

242 1212 290 1251 V.
317 1212 400 1253 106
418 1223 509 1263 sqq.
564 1209 644 1248 Ad
669 1224 871 1249 summam
891 1217 967 1249 etc.
1026 1213 1114 1259 Qua
1144 1211 1344 1250 sententia
1368 1210 1507 1250 Cicero
1533 1211 1685 1250 librum

129 1280 296 1318 tertium
316 1277 366 1317 de
386 1280 555 1318 Finibus
574 1279 689 1318 finit:
738 1280 860 1330 Quod
883 1281 920 1318 si
938 1282 998 1318 ita
1025 1286 1100 1326 est,
1138 1287 1185 1318 ιιι
1213 1292 1342 1332 neque
1371 1281 1589 1332 quisquam
1607 1279 1688 1317 nisi

129 1346 258 1386 bonus
276 1348 341 1386 vir
355 1355 395 1385 et
413 1361 548 1386 omnes
563 1346 658 1386 honi
674 1346 783 1387 beati
798 1350 897 1396 sint,
926 1348 1030 1401 quid
1041 1347 1304 1399 philosophia
1324 1350 1458 1401 magis
1475 1346 1686 1385 colendum

129 1423 205 1454 aut
221 1416 325 1470 quid
341 1423 399 1454 est
415 1418 562 1455 virtute
587 1416 798 1456 divinius?
832 1417 1006 1457 eandem
1028 1416 1125 1455 dicit
1152 1416 1204 1455 ad
1231 1418 1440 1470 superiora
1466 1416 1684 1469 respiciens

128 1487 341 1535 Horatius,
387 1484 461 1524 sed
486 1499 561 1525 suo
585 1499 698 1525 more
716 1487 744 1524 i.
766 1500 800 1524 e.
829 1486 961 1525 faceto
989 1484 1154 1537 jocandi
1183 1499 1330 1538 genere
1359 1487 1585 1524 Maecenati
1611 1498 1685 1524 suo

128 1555 312 1593 maxime
339 1552 664 1604 accommodato,
697 1561 744 1593 ut
766 1568 830 1594 res
857 1556 980 1593 nimis
1003 1555 1126 1594 serias
1150 1555 1241 1605 joco
1265 1556 1429 1608 risuque
1454 1553 1686 1594 dissolvisse

129 1622 330 1662 videatur.
385 1625 497 1672 Quae
523 1623 675 1662 Satiras
698 1630 819 1677 atque
840 1625 1045 1676 Epistolas
1069 1622 1238 1661 finiendi
1257 1625 1358 1662 ratio
1378 1637 1501 1677 quam
1524 1623 1687 1676 propria

127 1692 252 1730 fuerit
271 1694 443 1742 Poetae,
477 1693 583 1731 bene
610 1692 796 1732 observat
822 1692 1074 1731 Kirelmerus
1104 1690 1157 1730 ad
1188 1692 1274 1731 Sat.
1311 1693 1356 1742 1,
1393 1692 1432 1733 1.
1458 1706 1498 1744 p.
1520 1693 1603 1733 201
1624 1704 1686 1745 sq.

127 1760 177 1799 Id
192 1767 332 1799 tamen
347 1762 556 1800 neminem
574 1762 700 1814 fugit,
729 1762 943 1800 Horatium
962 1759 1140 1814 quodam
1160 1760 1318 1799 Stoicos
1341 1759 1531 1813 carpendi
1551 1759 1686 1799 studio

127 1835 304 1867 tractum
328 1828 482 1879 videri;
523 1831 676 1869 etenim
709 1828 784 1869 hos
818 1829 969 1881 rigidos
1001 1828 1165 1869 honesti
1197 1830 1393 1869 satellites
1419 1830 1504 1868 fere
1533 1830 1686 1883 ubique

130 1897 229 1935 fisui
255 1898 443 1950 exponit,
471 1899 557 1938 sive
581 1900 776 1953 quoniam
800 1900 881 1952 ipsi
903 1904 1017 1937 erant
1046 1894 1232 1937 homines
1264 1897 1448 1948 ridiculi,
1478 1899 1686 1951 aretalogi,

128 1964 294 2005 sordido
323 1979 443 2019 saepe
475 1967 609 2007 induti
629 1970 754 2022 pallio
779 1975 819 2007 et
847 1962 1188 2023 πωγωνοτρόφοι,
1225 1967 1310 2005 sive
1342 1966 1452 2020 quod
1472 1974 1687 2020 praecepta

130 2047 225 2083 sua,
263 2038 524 2087 quantumvis
549 2050 666 2086 vera,
708 2050 733 2075 a
759 2037 968 2076 communi
990 2041 1130 2073 tamen
1151 2035 1235 2073 vita
1255 2035 1377 2087 longe
1405 2036 1538 2073 aliena
1565 2042 1687 2089 atque

130 2104 175 2141 in
196 2104 326 2141 nimia
351 2104 574 2142 subtilitate
596 2105 749 2157 posita,
774 2104 1075 2157 paradoxorum
1102 2117 1223 2156 saepe
1254 2104 1464 2142 involucro
1492 2103 1685 2155 tegebant

131 2178 174 2210 et
194 2184 286 2210 eam
306 2171 358 2210 ob
379 2184 543 2209 causam
567 2173 708 2211 multis
731 2173 858 2211 risum
879 2173 1120 2222 movebant,
1148 2171 1193 2210 id
1212 2170 1323 2224 quod
1345 2178 1546 2210 testantur
1565 2172 1686 2210 multi

130 2241 225 2289 loci,
253 2246 302 2278 ut
326 2239 413 2279 Sat.
438 2241 476 2289 1,
499 2241 536 2289 1,
562 2241 644 2282 120
661 2253 775 2293 sqq.,
802 2241 843 2290 2,
871 2238 992 2291 134.,
1011 2241 1061 2290 3,
1089 2240 1172 2282 123
1194 2252 1304 2293 sqq.,
1333 2240 1416 2281 132
1437 2253 1549 2293 sqq.,
1579 2243 1619 2289 2,
1644 2240 1686 2289 3,

133 2309 200 2350 16.
225 2307 283 2351 33
303 2321 394 2362 sqq.
417 2308 511 2357 97„
538 2309 590 2358 7,
622 2306 679 2350 45
708 2321 817 2361 sqq.,
851 2309 983 2361 Epist.
1009 2309 1055 2358 1,
1087 2309 1136 2358 6,
1168 2308 1258 2357 15„
1292 2309 1367 2357 12,
1396 2310 1465 2350 20.
1494 2310 1548 2347 al.
1593 2307 1687 2349 vid.

132 2383 323 2416 annotata
344 2375 398 2415 ad
415 2389 456 2415 v.
478 2376 558 2427 13„
590 2376 799 2416 Wieland.
830 2376 883 2415 ad
903 2376 946 2415 h.
962 2377 991 2415 1.
1010 2390 1051 2429 p.
1073 2375 1143 2417 57.
1170 2382 1210 2414 et
1229 2375 1282 2414 ad
1301 2377 1386 2416 Sat.
1408 2378 1431 2418 1
1444 2406 1455 2426 ,
1478 2377 1521 2419 3.
1540 2391 1582 2430 p.
1603 2378 1686 2427 86„

131 2444 353 2497 Pflugradt.
382 2445 591 2483 Dissertat.
628 2442 679 2482 de
709 2447 762 2485 H.
794 2444 949 2485 Philos.
988 2445 1113 2484 Stoic.
1133 2441 1172 2497 §.
1190 2446 1303 2494 XV.,
1341 2446 1482 2484 Mauso
1506 2447 1550 2484 in
1574 2446 1686 2485 Sulz.

131 2511 387 2565 Nachtriigen
411 2519 488 2552 etc.
516 2514 584 2553 IV.
606 2515 650 2554 2.
682 2528 726 2567 Ρ.
749 2513 991 2557 469-472.
1013 2520 1054 2552 et
1076 2511 1301 2552 Weichert.
1321 2513 1364 2552 in
1384 2515 1514 2553 Lectt.
1536 2515 1686 2554 Venus.

132 2582 187 2620 11.
202 2595 246 2634 Ρ.
268 2582 323 2625 16
336 2595 397 2636 sq.
453 2581 554 2621 Inde
582 2582 738 2620 factum
759 2583 950 2632 arbitror,
981 2590 1028 2622 ut
1050 2583 1263 2632 Horatius,
1299 2595 1535 2636 quanquam
1548 2583 1686 2624 Stoica

133 2647 450 2704 philosophandi
476 2651 527 2690 de
556 2665 623 2702 eo,
654 2650 766 2705 quod
793 2649 1012 2691 honestum
1042 2658 1168 2701 esset,
1202 2651 1304 2690 ratio
1333 2652 1514 2690 maxime
1533 2664 1578 2690 se
1607 2653 1687 2705 ipsi

134 2718 499 2770 commendaverat,
526 2733 608 2760 non
623 2727 762 2773 posset
776 2727 915 2759 tamen
937 2734 962 2759 a
976 2735 1020 2760 se
1039 2722 1275 2774 impetrare,
1304 2720 1403 2774 quin
1419 2719 1566 2760 rideret
1585 2733 1687 2774 quo-

137 2786 356 2828 dammodo
385 2787 614 2841 paradoxa,
646 2789 691 2827 in
719 2790 867 2843 quibus
895 2791 1065 2828 nimiam
1092 2790 1309 2829 verborum
1344 2789 1687 2842 magnificentiam

137 2859 311 2910 reperire
333 2857 412 2896 sibi
438 2863 523 2894 erat
547 2857 669 2897 visus.
693 2880 754 2888 —·
772 2858 851 2897 Ad
870 2872 1084 2897 summam.
1145 2861 1256 2897 Haec
1273 2859 1462 2909 formula,
1489 2858 1542 2898 ad
1562 2871 1686 2912 quam

137 2924 284 2965 delirat
303 2926 469 2979 cruquii
485 2938 676 2978 acumen,
702 2926 815 2966 haud
834 2928 917 2967 scio
938 2940 991 2965 an
1009 2928 1098 2980 ipsa
1116 2927 1171 2966 sit
1194 2928 1386 2967 orationis
1407 2935 1492 2966 arte
1511 2928 1684 2976 vinctae,

138 3005 220 3048 qua
250 2994 378 3034 Stoici
408 2994 645 3047 utebantur,
677 2996 864 3035 imitatio.
922 2994 1014 3036 vid.
1043 2995 1190 3035 Heind.
1212 2995 1267 3035 ad
1292 2997 1380 3036 Sat.
1399 2999 1449 3047 2,
1475 2996 1526 3047 3,
1551 2996 1622 3038 97.
1645 3002 1686 3034 et
