2028 3268
150 257 179 298 7
619 257 762 295 LIBRI
788 258 819 294 Ι.
877 254 1144 294 EPISTOLA
1174 257 1225 293 ΙΙ.

1587 249 1589 251 ’
1628 252 1710 297 113

221 368 344 427 Quae
383 370 421 414 si
452 383 550 414 cum
583 371 711 416 sociis
747 369 905 415 stultus
939 370 1199 430 cupIdusque
1238 370 1429 431 bibisset,

223 447 316 498 Sub
361 447 533 495 domina
576 450 800 495 meretrice
846 449 999 496 fuisset
1042 453 1178 510 turpis
1225 456 1270 498 et
1309 465 1484 512 excors,

1656 450 1710 493 25

223 529 419 576 Vixisset
456 530 574 575 canis
609 528 846 576 immundus
883 530 958 576 vel
987 531 1122 575 amica
1150 530 1243 579 luto
1282 547 1372 577 sus.

157 731 214 766 est
236 729 275 765 in
299 729 380 765 edd.
405 731 517 778 Cruq.
545 730 654 766 Torr.
679 731 726 767 al.
744 744 906 768 -vocee

155 800 213 825 ac.
258 789 331 823 Ms.
357 789 470 824 Dorv.
500 790 533 824 1.
559 808 607 815 —-
633 789 767 824 Circae.
815 789 904 825 Mss.

157 846 283 894 optimi
308 850 346 881 et
366 845 507 893 plurimi
532 858 591 894 ap.
609 847 733 884 Lamb.
751 847 907 894 quinque

157 915 218 950 ap.
236 903 350 938 Pulm.
379 903 441 948 (in
467 904 525 939 ed.
552 905 636 940 581.
659 906 828 953 scriptum
853 910 908 941 est

161 961 295 1006 Circa)
328 973 420 996 omn.
455 972 513 1008 ap.
546 961 657 1008 Cruq.
700 968 737 998 et
768 963 905 999 Bersm.

157 1020 322 1066 (praeter
343 1019 468 1063 unum)
499 1030 591 1054 omn.
618 1031 677 1067 ap.
697 1020 806 1056 Torr.
834 1034 907 1056 me-

157 1077 268 1113 liores
294 1087 355 1123 ap.
379 1075 497 1111 Bentl.
523 1077 725 1122 quindecim
750 1090 810 1125 ap.
826 1079 908 1114 val.

159 1138 208 1181 et,
232 1138 273 1169 ut
295 1133 478 1178 videntur,
513 1146 604 1170 omn.
630 1147 690 1182 ap.
716 1137 840 1172 Comb.
875 1141 911 1171 et

157 1192 324 1228 Oberlin.
355 1191 510 1227 sedecim
535 1204 595 1240 ap.
623 1193 715 1239 Fe„
752 1200 909 1230 notatum

159 1263 205 1287 ex
228 1262 294 1286 ms.
318 1250 358 1285 in
374 1261 438 1285 ora
462 1250 519 1285 ed.
537 1251 616 1285 Ald.
639 1252 737 1296 509„
755 1256 910 1287 testatur

158 1310 280 1355 Caper
296 1308 567 1354 Grammaticus,
584 1312 678 1344 teste
694 1309 910 1352 Torrenti03

159 1366 283 1412 (Pott.
318 1365 407 1400 nihil
439 1367 642 1412 annotavit,
677 1367 742 1401 sed
767 1367 914 1414 scripsit

163 1423 314 1468 Circae)
349 1422 397 1458 al.
425 1434 484 1470 ap.
511 1423 634 1459 Jaeck.
662 1425 783 1459 Guelf.
810 1425 846 1460 3.
873 1424 909 1460 4.

160 1482 230 1516 Bn.
255 1481 300 1516 A.
327 1480 373 1514 B.
401 1481 444 1514 C.
486 1480 528 1526 (a
554 1483 588 1516 1.
606 1494 652 1516 m.
680 1482 718 1516 in
741 1483 911 1527 utroque)

158 1540 266 1576 Dess.
295 1539 329 1574 l.
357 1537 469 1573 Goth.
498 1540 600 1574 Gott.
630 1541 663 1575 1.
688 1541 724 1575 2.
761 1541 827 1585 (ut
853 1540 909 1575 vi—

158 1596 327 1641 dentur).
367 1595 471 1641 LiPS.
497 1597 531 1631 1.
550 1597 584 1631 2.
604 1598 640 1632 3.
674 1597 820 1633 Mentel.
847 1598 912 1643 (in

158 1666 237 1692 var.
254 1655 338 1690 lect.
361 1646 474 1698 sine)
499 1654 613 1690 Dorv.
641 1655 690 1699 1.,
715 1655 794 1690 sine
825 1656 910 1690 dub.

160 1714 268 1749 etiam
292 1712 438 1747 Corvei.
482 1712 616 1747 Graev.
654 1712 751 1747 Edd.
785 1712 910 1747 Lamb.

159 1773 272 1816 eruq.
307 1770 398 1805 Min.
433 1771 569 1805 Bersm.
604 1769 716 1806 Torr.
751 1775 788 1806 et
815 1771 910 1817 pqu.

159 1832 311 1865 recentt.
363 1828 514 1862 Cir-cena
548 1828 712 1863 carmina
744 1840 783 1863 π.
840 1829 911 1863 Ms.

160 1887 282 1924 Jaeck.
299 1886 336 1922 5.
375 1886 500 1921 Circea
519 1898 600 1931 poc.
639 1886 709 1922 Ms.
738 1886 852 1922 Dorv.
874 1888 910 1922 2.

164 1946 294 1980 Circes.
348 1942 438 1978 Mss.
476 1943 581 1988 reliq.
619 1947 655 1978 et
691 1944 772 1979 edd.
800 1944 912 1990 vulg„

162 2004 270 2040 etiam
292 2003 376 2037 Jon.
394 2001 531 2036 Sandb.
547 2002 658 2037 Bask.
686 2003 811 2049 Camp.
850 2003 913 2036 Sic

162 2062 269 2097 etiam
309 2060 398 2105 legit
428 2059 596 2094 Valerius
629 2059 667 2093 in
704 2060 826 2106 Epist.
867 2060 912 2094 ad

161 2120 345 2155 Ruffinum
379 2121 573 2152 annotante
605 2115 695 2152 Fea.
751 2114 916 2149 Latinam

162 2177 310 2212 formam
324 2179 424 2211 recte
439 2179 584 2210 tuentur
600 2172 718 2207 Bentl.
737 2172 782 2206 ad
794 2172 914 2218 Epod.

164 2237 222 2280 17,
249 2237 305 2271 17.
331 2239 368 2269 et
391 2235 470 2268 Sat.
495 2234 531 2276 2,
559 2231 593 2275 5,
620 2232 680 2266 76.
722 2230 843 2264 Burm-
871 2230 916 2264 ad

162 2292 273 2340 Prop.
291 2294 327 2337 3,
346 2293 401 2337 10,
419 2292 478 2326 27.
513 2288 678 2323 Oudend.
705 2288 750 2321 ad
773 2287 915 2333 Apulej.

161 2350 253 2386 Met.
277 2351 328 2385 II.
347 2363 384 2396 p.
402 2351 461 2385 96.
489 2348 598 2382 Voss.
628 2351 664 2380 et
684 2345 845 2380 Huschk.
873 2345 918 2379 ad

163 2407 254 2443 Tib.
275 2409 308 2452 1,
324 2408 358 2451 2,
376 2405 435 2442 54.
461 2406 508 2440 al.
537 2416 625 2451 quos
649 2403 772 2439 laudat
787 2402 915 2437 Eckst.

163 2465 212 2500 ad
227 2465 335 2499 Voss.
354 2464 398 2499 de
414 2463 492 2499 Art.
512 2464 580 2498 Gr.
599 2464 639 2507 4,
657 2464 694 2498 2.
711 2475 749 2508 p.
768 2459 852 2496 544.
869 2480 917 2487 —

163 2523 275 2558 novit.
306 2522 379 2557 Ms.
405 2534 466 2557 un.
491 2534 550 2568 ap.
569 2521 705 2556 Bersm.
734 2524 770 2554 et
791 2520 916 2563 Feam,

161 2581 286 2617 Jaeck.
302 2581 338 2615 4.
370 2580 443 2614 Ed.
470 2586 576 2615 vetus
602 2578 684 2614 474.
712 2589 770 2624 ap.
796 2577 915 2613 Maitt.

164 2643 203 2674 et
216 2638 315 2673 Med.
332 2637 414 2673 477.
447 2637 506 2682 At,
532 2638 605 2673 nisi
630 2638 718 2672 haee
739 2636 917 2682 scriptura

164 2697 316 2731 debetur
350 2696 544 2731 correctori
578 2695 735 2739 cuidam,
771 2706 845 2729 rem
872 2695 917 2729 ad

164 2755 307 2790 Ulixem
328 2754 511 2798 referenti,
528 2754 688 2789 invenies
707 2765 815 2799 saepe
831 2765 916 2799 per-

163 2824 287 2848 sonam
318 2812 422 2847 verbi
454 2812 619 2847 mendose
651 2817 840 2855 mutatam,
877 2814 916 2846 ut

166 2872 200 2915 1,
225 2872 259 2916 1,
284 2870 344 2906 45.
367 2870 427 2907 95.
477 2870 536 2905 ef.
562 2870 681 2906 Bentl.
712 2871 759 2906 ad
783 2870 854 2904 Od.
879 2870 914 2914 2,

167 2928 232 2972 16,
264 2929 324 2964 26.
379 2928 494 2963 Orell.
523 2931 566 2963 ad
591 2930 632 2973 3,
661 2930 726 2974 17,
749 2929 786 2964 5.
829 2928 915 2973 (ubi

162 2988 283 3022 tamen
316 2986 404 3021 nihil
438 2986 639 3022 mutandum
678 2988 842 3032 videtur,
885 2985 916 3022 si

961 737 1059 769 recte
1080 733 1360 780 interpreteris).
1402 731 1480 767 Fea
1506 731 1551 766 ad
1580 730 1659 766 sat.
1678 731 1711 775 1,

961 793 997 838 9,
1023 791 1081 826 55.
1108 793 1166 827 62.
1185 792 1241 827 63.
1270 790 1378 825 Both.
1406 790 1453 824 ad
1468 790 1595 825 Senec.
1612 789 1711 824 Med.

962 849 1044 885 568.
1070 869 1117 876 —
1151 850 1197 884 V.
1232 849 1290 885 24.
1348 849 1559 894 avidusque.
1616 846 1713 882 Edd.

962 905 1062 953 Lips.
1079 907 1161 942 508.
1182 909 1237 942 10.
1258 908 1314 942 19.

1009 966 1056 1000 V.
1092 966 1151 1001 25.
1210 965 1285 1000 Sub
1322 965 1418 999 diva.
1473 963 1544 997 Ms.
1582 962 1617 997 6.
1654 972 1712 1008 ap.

963 1022 1096 1068 Bentl.,
1123 1022 1218 1068 quod
1241 1023 1275 1057 ei
1301 1034 1372 1057 non
1390 1021 1534 1057 videtur
1550 1019 1713 1055 condem-

964 1082 1128 1116 nendum.
1177 1081 1384 1126 Scripturae
1410 1084 1526 1114 autem
1547 1078 1646 1124 vulg.
1672 1089 1716 1113 ex

965 1139 1172 1186 compendio
1195 1139 1283 1174 male
1299 1138 1479 1173 intellecto
1501 1137 1716 1183 depravatae

964 1197 1232 1243 patrocinantur
1255 1196 1402 1230 Servius
1428 1195 1472 1230 ad
1495 1194 1598 1239 Virg.
1625 1194 1715 1229 Aen.

966 1256 1000 1299 7,
1013 1256 1070 1291 19.
1090 1260 1126 1289 et
1137 1255 1194 1289 Jo.
1206 1253 1483 1288 Sarisberiensis
1500 1252 1537 1286 in
1547 1251 1715 1286 Policrat.

969 1314 1007 1357 1,
1033 1312 1068 1347 4.
1103 1313 1196 1346 hunc
1220 1312 1334 1346 locum
1359 1310 1556 1345 laudantes.
1583 1329 1631 1335 -
1656 1321 1718 1344 ex-

967 1381 1057 1404 cors.
1114 1370 1194 1404 Hoc
1233 1370 1361 1405 vocab.
1400 1368 1587 1403 nonnullae
1621 1367 1717 1413 edd„

967 1432 1007 1462 ut
1021 1427 1100 1462 Ald.
1120 1428 1203 1463 501.
1223 1429 1278 1463 19.
1312 1428 1406 1462 Iunt.
1426 1426 1507 1462 514.
1526 1426 1618 1460 Ven.
1635 1425 1718 1460 520.

966 1485 1178 1520 Praedicov.
1218 1485 1322 1520 Jahn.
1364 1485 1513 1518 Weber.
1555 1482 1719 1529 sequenti

967 1546 1078 1579 verbo
1104 1545 1340 1588 conjungunt:
1366 1542 1506 1587 turpis,
1536 1546 1571 1576 et
1594 1552 1720 1576 excors

976 1603 1131 1637 Vixisset
1159 1606 1242 1646 etc.,
1270 1601 1333 1635 sed
1358 1613 1394 1635 v.
1412 1601 1506 1635 infra
1523 1601 1719 1635 Comment-

968 1664 1006 1694 et
1031 1660 1076 1694 ad
1100 1671 1136 1694 v.
1164 1661 1220 1696 60.
1253 1659 1462 1704 Asyndeton
1488 1658 1579 1693 enim
1604 1671 1642 1693 v.
1659 1657 1718 1693 26.

969 1716 1058 1752 nihil
1074 1717 1193 1762 habet,
1211 1729 1280 1762 quo
1299 1717 1502 1761 offendaris,
1520 1716 1594 1751 vid.
1611 1716 1718 1750 Both.

969 1776 1015 1810 ad
1040 1776 1118 1810 Sat.
1148 1777 1186 1820 1,
1211 1776 1254 1820 3,
1282 1775 1340 1810 56.
1377 1786 1436 1821 ap.
1469 1775 1537 1810 Fe.
1574 1778 1611 1809 et
1644 1773 1721 1808 Fea

968 1834 1015 1869 ad
1046 1834 1118 1868 Od.
1148 1834 1183 1879 4,
1216 1835 1251 1878 9,
1282 1833 1340 1868 43.
1387 1832 1580 1867 Praeterea
1610 1843 1715 1878 quum

969 1891 1083 1926 omnis
1100 1892 1203 1937 hujus
1220 1890 1291 1924 loci
1306 1890 1361 1924 vis
1378 1890 1415 1924 in
1433 1890 1580 1937 apodosi
1603 1890 1722 1937 posita

968 1949 1029 1993 sit,
1048 1948 1190 1992 nemini,
1209 1947 1348 1994 opinor,
1374 1949 1606 1994 persuadebit
1629 1949 1721 1984 Jam.

970 2005 1182 2042 Tunstallus
1204 2005 1259 2049 (in
1277 2005 1339 2039 the
1354 2006 1486 2042 WVorks
1514 2008 1556 2041 of
1579 2007 1724 2041 Horace

971 2065 1010 2098 in
1035 2062 1191 2107 English
1224 2073 1331 2097 verse
1368 2067 1437 2097 etc.
1470 2063 1587 2098 Lond.
1618 2064 1721 2100 1759.

971 2119 1022 2153 ΙΙ.
1041 2132 1077 2165 p.
1095 2120 1210 2164 614.),
1235 2132 1271 2155 v.
1289 2120 1348 2154 25.
1374 2116 1452 2155 ἀπὸ
1468 2121 1601 2155 κοινοῦ
1616 2133 1722 2167 repe-

972 2176 1113 2211 tendam
1138 2189 1217 2211 esse
1240 2177 1450 2223 particulam
1476 2177 1516 2222 si,
1547 2177 1620 2222 (Si)
1648 2179 1723 2212 Sub

973 2235 1120 2268 domina
1143 2239 1229 2278 etc.,
1256 2239 1296 2268 ut
1323 2235 1493 2280 apodosis
1526 2246 1634 2269 versu
1664 2237 1721 2271 26.

973 2293 1134 2339 incipiat.
1168 2303 1302 2326 exsors.
1351 2291 1414 2325 Sic
1445 2292 1576 2337 primus
1601 2295 1722 2338 conje-

974 2351 1023 2384 cit
1065 2350 1203 2392 Minos,
1251 2353 1378 2395 postea
1417 2348 1646 2383 Marklandus
1686 2350 1724 2383 in

972 2406 1094 2452 Epist.
1129 2406 1209 2440 crit.
1241 2418 1278 2451 p.
1309 2407 1387 2440 100.
1421 2411 1458 2441 et
1488 2407 1655 2441 Valartus
1686 2407 1725 2441 in

972 2463 1203 2499 Praefatione
1219 2476 1255 2509 p.
1273 2463 1359 2497 XII.
1393 2463 1550 2507 (sublato
1567 2464 1724 2499 auctoris

973 2523 1151 2567 nomine),
1175 2521 1327 2567 approb.
1345 2520 1574 2556 Eichstadius
1591 2522 1637 2556 ad
1653 2534 1723 2558 van

974 2580 1130 2614 Ommer.
1156 2592 1193 2625 p.
1211 2580 1293 2614 215.
1319 2582 1354 2614 et
1379 2578 1530 2614 Bothius
1548 2580 1585 2614 in
1600 2579 1722 2615 Anno-

973 2641 1055 2673 tatt.
1080 2650 1118 2683 p.
1136 2637 1235 2680 157„
1263 2637 1324 2682 qui
1349 2642 1465 2672 tamen
1482 2636 1550 2671 hoc
1565 2639 1722 2672 vocabu-

973 2696 1043 2729 lum
1054 2695 1158 2730 aliter
1174 2695 1475 2741 interpretandum
1487 2698 1619 2730 censet.
1638 2695 1723 2729 vid.

973 2754 1070 2788 infra
1096 2754 1293 2787 Comment.
1323 2756 1360 2787 et
1384 2752 1542 2787 Schmid.
1571 2752 1616 2787 ad
1643 2753 1722 2787 h.1.

972 2811 1036 2845 Fr.
1062 2811 1207 2845 Jacobs.
1235 2810 1394 2854 miratur,
1419 2811 1511 2846 hanc
1542 2811 1722 2855 conjectu-

969 2880 1045 2903 ram
1069 2866 1244 2902 nonnullis
1276 2867 1437 2914 potuisse
1461 2868 1621 2915 probari.

1018 2927 1064 2960 V.
1091 2927 1150 2961 26.
1197 2925 1303 2960 Hunc
1328 2938 1490 2970 versum,
1523 2937 1626 2971 quem
1659 2936 1721 2959 ms.

972 2985 1077 3020 Dess.
1115 2987 1148 3020 1.
1182 2988 1264 3031 post
1289 2996 1325 3019 v.
1351 2985 1410 3020 30.
1445 2983 1568 3027 habet,
1604 2983 1724 3018 laudat
