2028 3268
359 260 414 304 70
494 264 858 303 COMMENTARII
883 265 937 302 IN
966 265 1184 303 HORATII
1212 264 1382 302 EPIST.
1409 266 1550 303 PRIM.
1577 267 1679 303 LIB.
1707 267 1740 303 1.

360 372 573 412 adversarii
597 375 708 425 [oleo
737 375 868 424 uncti]
904 372 1214 425 apprehensione
1238 375 1412 412 lubricus
1433 383 1546 413 esset.
1561 379 1585 397 “
1641 377 1744 414 Plin.
1771 376 1870 413 Hist.

359 440 426 489 35,
454 443 520 482 11.
551 441 664 481 ovid.
676 443 770 478 Met.
794 443 833 490 9,
853 439 920 481 35.
951 441 1048 479 Stat.
1059 440 1187 478 Theb.
1202 444 1239 490 6,
1265 439 1443 494 844sqq.
1473 444 1620 480 Lucan.
1633 441 1673 491 4,
1693 439 1774 482 614
1785 453 1872 493 sqq.

360 507 473 546 Nilus
493 521 554 559 ap.
575 509 694 546 Orell.
714 509 745 545 I.
767 521 805 559 p.
830 508 925 548 372.
942 509 1008 546 Nr.
1028 508 1123 548 332.
1151 509 1315 545 Lucian.
1334 507 1382 544 de
1396 509 1583 560 Gymnas.
1600 522 1631 546 c.
1652 510 1691 548 2.
1717 509 1802 546 V11.
1831 514 1873 558 p‘.

364 573 455 614 156.
487 575 576 625 Bip.
634 576 692 612 Cf.
722 577 900 615 Perizon.
931 573 981 611 ad
1007 576 1160 612 Aelian.
1187 576 1233 612 V.
1259 576 1308 610 H.
1335 575 1382 622 9,
1407 576 1446 615 3.
1504 578 1633 627 Heyn·
1665 572 1716 610 ad
1742 575 1870 624 Epict-

360 639 564 678 Enehirid.
587 641 663 689 29,
685 643 724 682 3.
758 648 796 678 et
817 641 980 682 Orellius
1017 641 1067 678 ad
1098 642 1275 679 Sentent.
1309 654 1408 678 mor.
1440 648 1516 678 vet.
1554 643 1621 681 Gr.
1642 641 1692 677 Π.
1719 654 1758 691 p.
1777 640 1874 680 581.

362 708 464 744 Hinc
484 708 670 744 nonnulli
688 720 751 744 vv.
780 706 884 745 docti
908 715 1065 746 auctore
1085 709 1307 745 Mercuriali
1335 708 1383 745 de
1405 710 1499 745 Arte
1526 709 1730 759 Gymnast.
1762 707 1783 746 1
1797 735 1807 753 ‚
1834 706 1874 745 8.

361 773 404 810 in
423 775 561 811 Polen.
585 772 710 811 Thes.
732 775 802 811 III.
824 788 863 825 p.
888 773 983 815 484.
1011 776 1246 813 formulam:
1276 776 1358 811 sine
1383 775 1548 824 pulvere
1558 802 1572 820 ,
1602 775 1783 812 Pliniauo
1804 773 1874 810 illo

362 845 401 876 et
433 838 511 878 hoc
545 841 760 878 Horatiano
793 842 856 878 usi
884 843 972 880 loco
1006 844 1335 893 interpretantur:
1385 843 1468 878 sine
1502 841 1651 877 auxilio
1681 842 1878 889 inspersae

362 919 506 943 arenae
516 921 533 954 ,·
563 919 683 958 quam
701 907 749 944 ob
774 921 858 944 rem
886 908 1075 959 Orreryzcs
1088 911 1156 946 ille
1176 910 1378 945 notionem
1393 910 1554 956 majoris
1575 907 1707 944 laudis·
1723 913 1760 943 et
1787 905 1876 943 Ceb-

362 971 488 1009 larius
503 973 546 1009 in
569 974 790 1010 Dissertatt.
810 973 1034 1011 Academic.
1055 987 1094 1024 p.
1112 974 1206 1015 255.
1238 981 1276 1011 et
1302 977 1462 1021 majoris
1481 975 1613 1012 laudis
1642 981 1681 1011 et
1703 986 1878 1011 summae

362 1040 520 1076 virtutis
538 1037 603 1077 hic
623 1041 821 1077 invenisse
841 1042 916 1078 sibi
933 1041 1010 1077 visi
1026 1047 1129 1077 sunt.
1159 1041 1352 1079 Similiter
1369 1042 1503 1078 locum
1523 1042 1736 1092 explicavit
1754 1040 1794 1077 J.
1821 1040 1873 1076 G.

360 1106 657 1144 Bidermannzis
671 1107 714 1142 in
735 1108 868 1157 Progr.
890 1105 1038 1144 schol-2
1065 1106 1196 1155 Quam
1214 1109 1263 1144 sit
1282 1107 1449 1144 conditio
1473 1108 1602 1145 duleis
1618 1109 1701 1144 sine
1715 1105 1878 1156 pulvere

359 1172 554 1223 palmae?
581 1173 776 1223 Freiberg.
808 1173 927 1214 1758.
985 1173 1219 1224 Quanquam
1242 1175 1357 1211 illum
1385 1174 1559 1212 certandi
1589 1173 1674 1211 sine
1703 1173 1877 1224 pulveris

364 1241 589 1290 aspersione
616 1239 782 1276 modum
807 1253 889 1277 non
921 1240 1083 1277 omnino
1113 1238 1374 1291 denegamus,
1405 1254 1427 1278 a
1451 1242 1602 1292 potiore
1629 1247 1763 1277 tamen
1794 1239 1878 1276 fieri

364 1306 632 1344 denominatio
658 1307 778 1354 solet,
807 1313 852 1343 ut
875 1313 979 1343 recte
1003 1305 1195 1342 Budaeus
1217 1308 1301 1343 sine
1322 1306 1487 1358 pulvere
1507 1307 1762 1357 explicaverit
1782 1303 1880 1346 ἄνευ

363 1370 518 1426 α’γῶνος
528 1390 540 1422 3
571 1373 677 1424 quod
703 1374 912 1424 contigisse
936 1372 1120 1419 Herculi,
1149 1373 1340 1422 Dromeo,
1369 1375 1534 1422 Dorieo,
1563 1375 1762 1424 Dioxippo
1786 1386 1880 1410 nar-

365 1447 453 1478 rant
478 1439 638 1477 Diodor.
670 1441 793 1478 Sicul.
821 1441 862 1476 in
891 1440 996 1477 Bibl.
1028 1440 1097 1477 lib.
1126 1438 1164 1479 4.
1187 1453 1226 1490 p.
1252 1441 1346 1479 222.
1390 1443 1559 1478 Pausan.
1579 1442 1620 1477 in
1639 1441 1762 1477 Eliac.
1782 1441 1880 1488 2,.7,

367 1509 433 1548 11.
454 1514 492 1544 et
507 1509 660 1544 Plinius
682 1508 709 1544 1.
729 1508 779 1555 l.3
809 1506 860 1544 ad
882 1519 1003 1559 quam
1028 1519 1111 1543 rem
1134 1507 1253 1542 etiam
1277 1506 1452 1544 alludere
1478 1507 1633 1544 videtur
1656 1508 1806 1546 Seneca
1831 1505 1880 1543 de

365 1574 525 1612 Provid.
545 1571 608 1613 4.:
639 1574 889 1611 Descendisti
905 1574 963 1610 ad
990 1573 1204 1623 Olympia5
1230 1573 1303 1621 sed,
1321 1587 1430 1610 nemo
1443 1581 1602 1624 praeter
1617 1581 1669 1619 te,
1699 1586 1882 1610 coronam

365 1640 503 1687 habes,
532 1642 738 1678 victoriam
757 1654 835 1678 non
852 1640 986 1677 habes.
1047 1640 1106 1676 Cf.
1140 1641 1266 1677 Beier.
1287 1639 1338 1677 ad
1362 1642 1440 1678 Cic.
1463 1640 1536 1678 Off.
1565 1643 1602 1689 1,
1633 1639 1696 1680 18.
1719 1653 1758 1690 p.
1787 1637 1879 1679 143.

366 1709 519 1746 Erasm.
552 1707 706 1758 Adagg.
736 1709 782 1755 2,
812 1709 857 1754 6,
886 1708 952 1747 23.
981 1713 1020 1743 et
1051 1709 1220 1759 interpp.
1250 1706 1300 1744 ad
1327 1707 1512 1758 Thucyd.
1542 1707 1588 1755 4,
1617 1707 1685 1746 73.
1743 1705 1882 1742 Cetera

367 1781 471 1811 recte
491 1773 654 1826 quidem
673 1774 931 1824 Doeringizcs,
959 1780 999 1810 at
1016 1775 1221 1824 pulverem
1241 1786 1262 1810 a
1279 1775 1546 1824 pugnantibus
1566 1773 1775 1810 collectum
1791 1770 1880 1822 (Od.

369 1843 408 1890 1,
431 1842 468 1890 1,
485 1840 543 1892 3.)
565 1841 765 1891 intelligit.

477 1909 523 1947 V.
554 1906 747 1948 52-58.
805 1905 1098 1944 Sententiarum
1126 1917 1277 1943 nexus:
1325 1935 1350 1955 „
1366 1907 1577 1944 Summum
1604 1904 1707 1942 illud
1732 1905 1882 1943 bonum

367 1977 454 2028 ipsa
478 1977 603 2013 virtus
638 1981 698 2012 est
724 1974 907 2011 omnibus
932 1971 1126 2010 thesauris
1158 1973 1300 2021 major,
1350 1986 1579 2025 quanquam
1608 1973 1720 2009 aliter
1760 1973 1882 2022 vulgo

369 2045 545 2082 sentiunt
570 2042 774 2089 homines,
806 2039 962 2078 divitias
983 2053 1054 2090 pro
1074 2052 1230 2077 sulmno
1252 2040 1355 2077 bono
1377 2038 1607 2076 habentes.“
1662 2040 1727 2076 Ex
1749 2046 1883 2076 mente

370 2117 504 2148 autem
540 2110 705 2148 Gesneri
737 2110 861 2146 Poeta
890 2120 993 2144 novo
1026 2106 1139 2157 quasi
1177 2105 1339 2143 exordio
1379 2105 1551 2143 declarat
1580 2107 1883 2143 inconstantiam

369 2177 592 2226 hominum,
616 2177 684 2229 qui
702 2177 744 2212 in
764 2188 829 2212 ore
848 2173 1011 2225 quidem
1032 2171 1203 2209 habeant
1230 2174 1474 2223 praeclaram
1492 2173 1730 2209 sententiam
1753 2171 1884 2209 Vilius

370 2252 580 2297 argentum
597 2251 691 2290 eta,
718 2244 790 2281 sub
812 2241 953 2279 eodem
971 2235 1162 2290 tempore,
1182 2241 1216 2276 si
1241 2253 1321 2277 non
1345 2238 1511 2276 totidem
1529 2240 1679 2286 verbis,
1707 2244 1790 2275 toto
1819 2245 1883 2274 ta-

372 2326 465 2350 men
486 2313 589 2349 vitae
613 2319 750 2348 tenore
780 2311 976 2347 clament:
1028 2307 1064 2344 Ο
1089 2308 1190 2343 cives
1222 2314 1293 2343 etc.
1350 2307 1599 2356 Neutiquam.
1625 2307 1760 2356 Neque
1777 2306 1883 2342 enim

372 2381 567 2417 sententia
591 2376 844 2416 distrahenda
870 2381 929 2412 est
958 2374 1005 2410 ab
1034 2375 1100 2420 iis,
1130 2386 1229 2425 quae
1262 2372 1516 2419 antecedunt3
1552 2373 1697 2409 Poetae
1725 2374 1884 2423 sapien-

372 2447 481 2495 tiori,
512 2460 597 2484 rem
622 2459 735 2483 suam
754 2443 944 2481 sermonis
967 2441 1140 2489 vulgaris
1165 2442 1314 2478 ratione
1334 2439 1532 2490 modoque
1555 2428 1792 2489 proponenti
1820 2453 1885 2476 re-

375 2515 521 2551 clamat
549 2514 661 2565 quasi
697 2523 863 2549 aureum
895 2507 998 2545 illud
1032 2507 1126 2544 Jani
1158 2514 1434 2557 praeceptum:
1479 2506 1514 2543 O
1545 2507 1647 2541 cives·
1658 2533 1675 2550 ,
1701 2507 1803 2543 cives
1830 2528 1886 2535 —

375 2579 532 2630 (Simile
554 2580 703 2616 dictum
720 2579 864 2628 legitur
884 2574 989 2626 apud
1006 2572 1220 2611 Goethium
1243 2575 1331 2610 XX.
1360 2586 1399 2623 p.
1421 2573 1511 2612 133.
1526 2601 1536 2619 ,
1565 2571 1744 2610 Dideroti
1767 2573 1886 2610 verba

375 2647 417 2683 in
439 2647 610 2696 patrium
633 2657 857 2683 sermonem
884 2644 1084 2692 eleganter
1109 2647 1348 2678 vertentem:
1379 2641 1494 2687 „Nur
1513 2638 1636 2687 Gold,
1664 2653 1740 2676 nur
1757 2637 1883 2677 Gold!

377 2711 482 2750 Gold
502 2713 552 2749 ist
571 2714 680 2749 Alles
701 2711 784 2749 und
803 2710 871 2748 das
891 2709 1052 2759 Uibrige
1071 2709 1124 2746 ist
1139 2707 1288 2746 Nichts.
1302 2705 1356 2756 “)
1386 2707 1546 2745 Veteres
1571 2705 1674 2744 hanc
1691 2705 1886 2744 humilem

377 2780 690 2830 illiberalemque
712 2776 908 2815 sentiendi
930 2777 1122 2812 rationem
1147 2776 1256 2812 omni
1281 2773 1400 2812 modo
1428 2774 1662 2824 impugnant
1683 2780 1800 2826 atque
1824 2773 1887 2810 di-

378 2849 514 2886 latant.
573 2845 617 2882 Si
638 2847 679 2881 in
703 2858 863 2882 sensum
885 2857 923 2880 v.
947 2843 1013 2883 52.
1075 2841 1204 2879 Vilius
1225 2864 1278 2873 -
1301 2853 1447 2877 aarum
1467 2846 1618 2877 veteres
1643 2839 1808 2889 ethnici,
1842 2846 1886 2877 ut

379 2910 617 2964 Phocylides
647 2908 729 2964 (ap.
747 2913 848 2949 Plat.
869 2910 917 2948 de
937 2911 1034 2960 Rep.
1054 2909 1093 2950 3.
1110 2921 1149 2960 p.
1168 2904 1305 2961 623.):
1336 2908 1399 2949 δεῖ
1421 2903 1517 2948 ὅταν
1541 2922 1596 2962 τῳ
1622 2904 1701 2959 ἤδη
1724 2907 1813 2958 βίος
1834 2901 1865 2962 ᾗ
1874 2933 1885 2952 ,
