2028 3268
161 261 245 302 117
322 257 703 298 COMMENTARH
723 258 780 296 IN
800 255 1023 297 HORATII
1042 255 1139 296 LIB.
1159 257 1190 296 Ι.
1210 255 1374 295 EPIST.
1391 254 1540 294 SEPT.
1616 253 1699 296 389

154 383 250 438 περὶ
283 398 326 425 τε
362 385 445 423 τῶν
483 383 619 437 ῥητῶν
658 380 714 431 ὥς
753 378 999 437 οἷποῤῥήτων
1038 378 1270 424 ἀνακοινοῖ.
1326 381 1448 432 Soph.
1479 380 1579 420 Oed.
1609 382 1696 420 Col.

156 452 280 495 1001.
320 449 445 507 ρητόν
479 446 657 505 ἅῤῥητόν
685 466 726 491 τε
755 450 864 500 ἔπος.
923 451 1035 490 Pers.
1063 448 1118 501 4,
1162 451 1201 492 5.
1245 450 1416 488 dicenda
1451 449 1699 502 tacendaque

153 520 291 559 ealles.
347 521 474 566 Quum
503 517 605 572 ῥητοὶ
633 521 716 558 fere
745 533 792 558 ea
820 521 917 571 sint,
956 533 1053 571 quae
1081 520 1163 557 sine
1193 520 1413 571 cujusquam
1439 518 1572 557 fraude
1604 519 1698 557 effe-

83 601 86 604 '
152 592 307 639 rantur,
334 602 413 627 non
440 587 604 627 absurde
633 588 672 626 h.
703 588 727 626 l.
755 588 976 639 intelligitur
1005 587 1125 626 libera
1151 588 1216 626 illa
1248 592 1288 627 et
1316 587 1508 625 familiaris
1538 588 1577 626 in
1605 601 1698 626 con-

151 657 250 695 vivio
279 657 566 707 sermocinatio,
595 657 635 695 in
663 669 738 707 qua
767 657 874 707 quis,
915 657 1141 707 praesertim
1169 657 1258 694 vino
1290 660 1544 708 provocatus,
1575 657 1700 695 omnia

151 723 272 763 libere
300 725 488 776 eloquitur
517 730 556 764 et
583 725 642 764 vel
669 732 806 776 operta
830 725 1018 772 recludit,
1047 729 1091 763 ut
1118 724 1159 774 5,
1191 726 1258 766 16.
1317 726 1378 763 Cf.
1404 725 1576 764 Turneb.
1600 724 1697 763 Adv.

152 791 204 842 5,
235 792 300 834 13.
357 794 496 845 Neque
524 794 701 845 displicet
728 793 848 832 altera
875 795 971 832 ratio
1002 807 1026 832 a
1053 794 1248 846 plerisque
1275 793 1510 845 approbata,
1539 807 1613 845 qua
1639 794 1698 832 his

150 861 278 900 verbis
307 861 446 901 Menae
486 867 529 901 ut
566 863 706 915 plebeji
747 876 871 901 sermo
910 864 1062 914 ineptus
1102 863 1347 913 significatur.
1406 860 1507 913 Apte
1546 863 1700 900 laudant

149 928 256 980 Virg.
284 929 382 969 Aen.
413 930 455 980 9,
485 927 582 971 594.
613 930 742 982 digna
769 939 891 983 atque
917 931 1091 983 indigna
1122 929 1168 969 V
1164 931 1374 983 oefferam.
1439 930 1598 969 Petron.
1629 928 1697 969 44.

150 997 364 1045 Narratis,
393 998 503 1051 quod
528 1012 600 1035 nec
627 998 688 1036 ad
717 999 889 1045 coelum,
918 1013 990 1036 nec
1019 1000 1079 1037 ad
1104 1006 1251 1037 terram
1272 1000 1460 1051 pertinet.
1518 999 1699 1036 Similiter

148 1065 340 1105 Lucianus
369 1068 408 1105 in
434 1067 586 1118 Nigrin.
617 1070 709 1118 22.,
749 1082 862 1120 quem
895 1068 1023 1107 locum
1052 1067 1100 1107 ab
1139 1068 1290 1106 Orellio
1319 1073 1543 1120 occupatum
1572 1068 1698 1116 video,

149 1135 247 1174 tales
275 1137 514 1175 convictores
545 1136 746 1175 describit:
793 1132 913 1177 Πόσα
953 1135 1026 1189 μὲν
1058 1134 1331 1191 ἐμφαγόντες,
1374 1133 1477 1178 πόσα
1517 1134 1561 1177 δὲ
1589 1132 1700 1189 παρὰ

147 1200 318 1258 γνώμην
340 1200 563 1257 ἐμπιόντες,
589 1201 699 1246 πόσα
721 1203 766 1246 δὲ
795 1199 853 1246 ὧν
883 1201 961 1246 ov’n
993 1204 1126 1259 ἐχρῆν,
1156 1201 1482 1258 ἀπολαλήσαντες
1514 1228 1563 1233 -
1596 1203 1699 1244 α’πί-

148 1284 242 1313 ασιν
270 1277 345 1312 etc.
376 1294 434 1302 —
461 1273 521 1311 Cf.
551 1274 680 1312 Schol.
713 1274 830 1326 Cruq.
863 1278 903 1312 et
930 1274 1047 1312 Both.
1081 1277 1133 1313 ad
1159 1275 1229 1313 Fo.
1262 1279 1299 1312 et
1331 1274 1451 1312 Gesn.
1519 1273 1699 1311 Tandem

147 1339 276 1378 dorm.
303 1340 532 1380 dimittitur.
594 1342 817 1394 „Politioris
848 1345 964 1382 moris
994 1345 1150 1394 ignarus
1181 1357 1295 1394 quum
1316 1343 1457 1393 largius
1478 1356 1521 1381 se
1543 1344 1700 1380 invitas-

148 1414 223 1460 set,
244 1409 408 1461 benigne
427 1417 616 1463 monetur,
638 1417 681 1451 ut
701 1413 856 1452 tandem
875 1413 1027 1450 domum
1046 1412 1155 1450 eat.“
1214 1412 1277 1450 Sic
1305 1410 1500 1456 Orellius,
1521 1424 1696 1460 quocum,

147 1481 191 1516 ut
211 1478 306 1516 alios
327 1483 473 1517 taceam
485 1507 498 1529 ,
519 1483 713 1519 consentit
739 1480 973 1519 Gis'ntlzerus
987 1496 1000 1518 .-
1029 1508 1057 1531 „
1069 1480 1231 1518 Endlieh
1251 1479 1400 1517 schickt
1420 1492 1506 1516 man
1524 1479 1588 1516 ihu
1607 1480 1699 1528 fort,

147 1559 211 1584 um
230 1547 306 1584 den
322 1546 479 1585 Rausch
499 1562 546 1586 zu
573 1549 869 1587 verschlafen.“
926 1550 1028 1587 Sane
1055 1551 1171 1587 miror
1201 1548 1278 1587 tale
1308 1550 1699 1600 interpretamentum,

146 1629 222 1666 quo
242 1616 282 1654 in
299 1615 439 1653 bonum
458 1616 612 1654 Menam
630 1617 720 1655 vitia
741 1619 963 1668 conferunt,
984 1631 1080 1670 quae
1101 1618 1149 1655 ab
1172 1631 1217 1655 eo
1238 1617 1375 1654 abesse
1395 1617 1511 1655 voluit
1530 1617 1698 1668 prudens

145 1682 279 1722 Poeta.
337 1684 392 1722 Ut
410 1697 487 1722 non
507 1685 650 1736 politus
673 1686 911 1725 describatur
930 1687 1028 1725 illius
1050 1700 1176 1725 sermo
1190 1713 1202 1735 ,
1230 1689 1270 1723 at
1300 1686 1414 1723 homo
1446 1686 1527 1737 ipse
1548 1685 1699 1722 minime

144 1752 347 1804 impudens
367 1757 483 1803 atque
502 1755 804 1807 inverecundus,
834 1758 939 1808 quod
959 1756 1158 1794 declarant
1178 1767 1238 1792 vv.
1261 1751 1330 1793 74.
1351 1753 1419 1793 75.
1477 1753 1594 1791 Immo
1616 1765 1698 1789 ver-

145 1820 236 1859 bum
253 1820 344 1859 illud
364 1821 527 1859 tandem
546 1826 649 1862 tecte
668 1824 858 1874 signifieat
870 1852 883 1875 ,
912 1825 1051 1863 Menae
1070 1824 1211 1862 diutius
1231 1836 1276 1860 ac
1298 1826 1433 1860 contra
1451 1821 1571 1872 ipsius
1594 1834 1697 1858 com-

143 1889 259 1927 moda
276 1890 316 1927 in
336 1890 506 1928 convivio
526 1894 678 1929 retento
705 1893 843 1933 factam
863 1907 950 1932 esse
967 1896 1204 1946 potestatem
1216 1919 1230 1941 ,
1261 1896 1302 1929 ut
1322 1903 1364 1927 se
1386 1891 1588 1928 dormitum
1608 1901 1699 1927 con-

144 1957 278 1995 ferret.
336 1956 443 1995 Bene
463 1959 536 1997 hoc
557 1962 679 1998 sensit
707 1962 918 2001 Victorius.
980 1961 1041 1999 Cf.
1072 1962 1121 1998 de
1149 1960 1256 1998 verb.
1285 1958 1432 1996 dimitt.
1468 1959 1549 1999 Cic.
1583 1958 1695 1995 offic.

148 2027 188 2076 1,
211 2026 280 2073 11,
299 2025 369 2064 36.
429 2025 595 2065 Terent.
618 2027 716 2066 Eun.
738 2027 779 2078 4,
802 2031 844 2079 7,
863 2028 933 2070 44.
957 2034 998 2067 et
1019 2041 1134 2079 supra
1154 2041 1188 2064 v.
1214 2028 1282 2067 18.

258 2092 304 2131 V.
326 2088 530 2134 74—76.
590 2095 675 2132 Hic
693 2117 750 2124 —
770 2096 948 2134 Latinis.
1010 2097 1098 2132 Hic
1119 2096 1144 2131 i.
1167 2107 1201 2131 e.
1222 2094 1389 2142 „Mena,
1408 2092 1494 2140 ubi,
1515 2096 1697 2142 tanquam

146 2162 278 2214 piscis,
300 2161 480 2199 conviviis
495 2160 660 2213 Philippi
675 2163 843 2214 opiparis
859 2164 1058 2214 aliquoties
1073 2163 1263 2199 inescatus
1277 2161 1382 2209 est,“
1403 2166 1444 2197 ut
1461 2164 1565 2197 recte
1578 2160 1699 2196 Bers-

147 2243 325 2268 mannus
349 2230 621 2281 interpretatur
640 2230 751 2268 aliter
773 2233 960 2269 sentiente
983 2228 1187 2267 Lambino
1197 2256 1213 2274 ,
1245 2229 1308 2278 qui
1328 2241 1446 2278 saepe
1472 2229 1521 2266 ad
1550 2228 1698 2265 Occul-

149 2306 236 2336 tum
254 2299 397 2347 refert,
417 2298 442 2335 i.
466 2312 500 2337 e.
522 2298 602 2350 „ad
622 2299 770 2337 hamum
791 2313 907 2351 saepe
928 2299 1179 2346 occultatum,
1212 2309 1286 2345 quo
1307 2295 1422 2333 Mena
1440 2300 1620 2346 tanquam
1638 2297 1697 2347 pi-

146 2367 224 2406 scis
245 2367 494 2417 caperetmf‘
531 2367 596 2405 Sic
615 2366 738 2405 Plaut.
760 2368 912 2407 Curcul.
932 2369 973 2417 3,
996 2369 1063 2410 61.
1111 2366 1231 2402 Meus
1251 2363 1318 2401 lu’c
1337 2371 1418 2419 est:
1441 2364 1607 2401 hamum
1626 2377 1699 2401 νο-

146 2441 226 2473 rat.
283 2434 328 2473 In
356 2420 585 2473 contrariam
603 2436 831 2474 sententiam
850 2437 932 2474 Sat.
956 2439 996 2486 2,
1019 2437 1059 2487 5,
1081 2435 1147 2477 25.
1168 2437 1207 2472 et
1224 2423 1348 2470 Plaut'.
1371 2433 1452 2471 Mil.
1471 2434 1568 2484 glor.
1592 2436 1632 2482 2,
1654 2434 1696 2483 6,

146 2501 214 2543 98.
263 2502 496 2554 Nunquam
516 2502 647 2540 hercle
668 2516 714 2540 ex
733 2504 811 2541 ista
831 2519 953 2542 nassa
971 2519 1042 2556 ego
1062 2503 1180 2541 hodie
1200 2515 1330 2538 escam
1343 2510 1497 2551 petam.
1549 2502 1696 2539 Eadem

147 2570 414 2621 similitudine,
446 2573 494 2610 de
516 2585 590 2622 qua
609 2572 682 2610 dixi
711 2574 760 2610 ad
786 2575 832 2622 1,
867 2574 889 2613 1
903 2600 915 2623 ,
943 2574 970 2612 7
973 2573 1029 2622 9.,
1055 2574 1095 2610 in
1123 2572 1255 2609 eadem
1275 2583 1316 2607 re
1336 2572 1452 2608 utitur
1469 2570 1626 2612 Lucian.
1646 2572 1694 2608 de

145 2637 317 2678 Merced.
338 2639 513 2678 conduct.
534 2641 575 2680 3.
595 2639 660 2678 111.
681 2654 720 2692 p.
743 2642 825 2682 216
848 2654 906 2691 sq.
928 2641 1014 2692 Bip.
1066 2641 1160 2679 Inde
1181 2638 1442 2691 proverbiales
1462 2638 1692 2678 locutiones:

147 2708 326 2745 inescare
344 2706 524 2746 homines
544 2713 583 2747 et
602 2722 742 2746 vorare
761 2709 946 2754 hamum,
967 2710 1016 2748 de
1037 2707 1172 2758 quibus
1189 2707 1281 2744 dixit
1290 2707 1471 2745 Erasmus
1490 2707 1529 2744 in
1543 2705 1690 2758 Adagg.

148 2778 190 2826 2,
211 2775 254 2826 5,
274 2776 343 2816 73.
366 2777 434 2816 74.
469 2777 531 2815 Ita
555 2779 695 2816 Graeci
716 2774 924 2827 δελεάζειν,
947 2777 1020 2814 w‘d.
1042 2775 1211 2814 Irmisch.
1232 2776 1281 2812 ad
1299 2775 1443 2814 Herod.
1468 2777 1506 2825 1,
1530 2778 1596 2826 12,
1624 2777 1690 2816 10.

149 2842 340 2882 Wetsten.
369 2845 419 2882 ad
445 2845 499 2883 N.
522 2846 572 2884 T.
603 2846 650 2884 II.
681 2861 719 2898 p.
740 2847 821 2887 661
844 2858 930 2894 sqq.
952 2845 1119 2895 interpp.
1141 2844 1189 2881 ad
1210 2841 1354 2880 Aelian.
1376 2843 1422 2881 V.
1440 2843 1489 2883 H.
1513 2842 1591 2893 14,
1622 2846 1690 2884 17.

146 2910 218 2951 Hic
236 2914 365 2949 autem
384 2913 493 2950 simul
513 2914 697 2952 indicatur
716 2915 855 2951 Menae
876 2914 1018 2950 animus
1040 2925 1115 2949 non
1134 2911 1336 2963 providuS,
1368 2925 1443 2962 quo
1471 2913 1559 2963 quid
1577 2912 1646 2949 sibi
1668 2926 1689 2949 a

147 2978 311 3032 Philippi
340 2980 425 3020 lusu
455 2982 692 3034 impenderet
721 2982 832 3032 mali,
865 2980 1065 3033 ignoravit.
1122 2980 1242 3019 Porro
1264 2979 1448 3030 observa,
1478 2980 1687 3031 Philippum
