2054 3268
219 267 593 308 COMMENTARII
621 269 674 305 IN
703 266 927 306 HORATII
957 265 1130 305 EPIST.
1159 266 1304 304 PRIM.
1332 267 1435 305 LIB.
1465 268 1498 306 1.
1579 263 1633 306 31

79 381 205 420 diszrii
220 394 254 420 s.
275 383 524 420 exauctorati
547 379 751 419 interdum
779 387 848 418 aut
870 379 1001 431 pretio
1022 386 1091 416 aut
1116 386 1260 432 sponte
1289 378 1342 418 ad
1367 378 1635 432 pugnandum

82 449 387 488 inducebantur.
466 450 634 488 Sueton.
673 449 767 487 Tib.
806 450 846 489 7.
903 448 1012 485 Plin.
1039 449 1091 486 H.
1120 450 1168 488 Ν.
1205 447 1254 498 8,
1283 449 1326 489 7.
1394 449 1636 502 Ceteroquin

83 517 221 558 Schol.
246 519 368 571 Cruq.
390 518 518 557 bene:
549 518 772 570 „Antiquo
794 516 891 555 ludo
905 533 917 555 :
948 518 1103 557 alludit
1119 519 1179 557 ad
1205 517 1327 556 libros
1351 518 1635 565 carminum“,·

83 601 207 641 quare
217 588 384 641 Cruquii
402 587 796 639 interpretationem:
822 587 990 638 ‚‚Cupis‚
1012 600 1035 625 o
1048 589 1274 636 Maecenas,
1290 600 1358 625 me
1374 586 1579 625 continere
1591 586 1636 622 in

82 664 239 695 assueta
253 656 339 707 jam
353 655 449 693 inde
465 656 514 693 ab
527 654 794 694 adolescentia
805 654 968 706 jocandi
987 654 1236 709 ludendique
1256 656 1437 694 ratione“
1456 668 1528 707 pro
1540 666 1637 691 vera

82 723 296 773 haberem,
326 725 362 762 si
390 725 578 762 Horatius
610 736 650 761 v.
674 725 740 766 10.
765 736 902 762 versus·
929 725 1201 762 intellexisset
1225 725 1334 762 solos
1362 722 1538 761 ludicros
1571 729 1636 760 at-

83 806 161 846 que
194 794 421 831 amatorios.
479 784 726 830 Kirchnerus
751 793 960 844 ingeniose
990 793 1159 844 conjecit
1196 792 1300 845 (Qu.
1329 794 1436 830 Ilor.
1468 806 1510 844 p.
1529 788 1634 843 36.),

82 863 358 900 Maecenatem
378 863 542 900 Horatio
554 861 641 912 jam
658 862 882 898 senescenti
906 861 963 914 (v.
987 861 1047 914 8.)
1072 860 1246 914 ideoque
1269 862 1398 899 invito
1426 861 1635 898 celebran-

85 929 178 966 dam
207 930 382 967 carmine
409 931 534 982 lyrico
561 930 785 980 injunxisse
812 930 934 968 Drusi
966 931 1136 968 Neronis
1165 931 1341 981 Augusti
1379 930 1555 982 privigni
1585 928 1635 966 de

84 996 304 1036 Vindelicis
325 1010 361 1035 a.
379 998 476 1038 739.
499 999 722 1037 victoriam.
790 1000 839 1036 In
867 1011 953 1036 rem
971 1000 1155 1051 Propert.
1183 998 1231 1047 3,
1260 1001 1311 1048 7,
1340 998 1382 1039 3.
1413 1000 1636 1036 Maecenas

84 1088 141 1094 -—
168 1065 280 1115 Quid
293 1079 355 1103 me
372 1065 573 1104 scribendi
587 1074 672 1103 tam
691 1073 851 1104 vastum
870 1069 995 1105 mittis
1015 1068 1059 1105 in
1077 1066 1256 1119 aequor?
1312 1067 1411 1105 Non
1425 1073 1518 1104 sunt
1535 1073 1636 1117 apta

83 1147 194 1172 meae
215 1134 395 1186 grandia
422 1134 513 1173 vela
538 1137 633 1173 rati.
696 1135 887 1186 Calpurn.
904 1137 992 1174 Ecl.
1014 1136 1063 1185 8,
1091 1137 1141 1185 9,
1169 1136 1237 1176 10.
1293 1136 1386 1173 Hos
1411 1148 1539 1172 annos
1564 1149 1636 1172 ca-

85 1216 258 1255 namque
277 1217 437 1250 meam,
467 1203 570 1241 mihi
594 1217 712 1249 care,
749 1211 950 1241 senectam
987 1205 1027 1241 T
1020 1219 1049 1242 a
1063 1205 1232 1252 juvenis
1268 1218 1465 1256 carusque
1489 1203 1574 1241 cleis
1591 1205 1637 1241 in

83 1273 265 1309 carmina
289 1271 428 1323 cogis?
451 1273 551 1325 ibiq.
569 1271 765 1311 Wernsd.
784 1275 836 1310 ΙΙ.
857 1286 898 1324 Ρ.
914 1273 1010 1313 177.

196 1341 244 1379 V.
272 1338 313 1380 4.
345 1339 386 1380 5.
443 1340 542 1378 Non
573 1363 631 1368 —
658 1355 772 1393 agro.
829 1343 882 1379 Et
912 1349 1085 1380 aetatem
1112 1342 1310 1380 senectuti
1338 1342 1569 1393 propiorem
1596 1346 1636 1378 et

83 1407 180 1446 inde
204 1415 401 1446 mutatam
422 1409 674 1446 voluntatem
697 1409 976 1463 sentiendique
995 1413 1214 1460 rationem,
1243 1423 1347 1463 quae
1377 1411 1514 1448 lusum
1534 1413 1636 1462 poe-

83 1479 210 1515 ticum
234 1478 406 1515 missum
433 1477 611 1526 faciunt,
633 1475 690 1529 (v.
712 1479 799 1532 10.)
832 1480 917 1517 sive
950 1481 1077 1518 serius
1109 1481 1194 1518 sive
1224 1478 1400 1530 jocosius
1434 1480 1636 1530 praetexit

83 1547 220 1584 Poeta.
291 1547 508 1597 Perperam
538 1546 660 1596 igitur
688 1546 993 1599 HabetfelcluS,
1028 1547 1247 1586 Sanadono
1285 1547 1409 1596 duce,
1443 1548 1636 1598 intelligit

81 1614 234 1665 ingenii
250 1614 357 1662 vim,
397 1626 477 1665 qua
497 1615 684 1653 Horatius
705 1629 749 1653 se
779 1617 978 1668 iinparem
1001 1614 1108 1654 dicat
1128 1617 1370 1654 carminibus
1389 1615 1634 1663 scribendis3

82 1683 134 1721 cf.
153 1696 192 1721 V.
217 1683 272 1724 10
293 1695 382 1734 sqq.
424 1680 498 1720 Od.
524 1680 575 1732 4,
603 1684 675 1732 10,
695 1684 738 1723 7.
782 1685 913 1736 Epist.
935 1685 976 1733 2,
1014 1686 1051 1734 1,
1074 1685 1169 1726 108.
1202 1692 1241 1722 et
1258 1687 1551 1736 Morgenstern.
1585 1684 1636 1722 de

86 1751 246 1789 Satirae
267 1758 388 1804 atque
405 1751 537 1802 Epist.
558 1751 665 1789 Hor.
690 1752 809 1790 discr.
836 1766 878 1804 p.
902 1753 970 1793 18.
1007 1775 1064 1781 —
1106 1755 1271 1792 Minoi
1289 1754 1333 1790 in
1363 1752 1475 1791 hisce
1501 1753 1632 1790 verbis

81 1821 338 1872 proverbium
373 1825 488 1856 vetus
516 1818 692 1869 videnti,
722 1827 788 1858 ut:
832 1821 951 1870 „Alia
985 1829 1093 1860 aetas
1127 1823 1228 1861 alios
1266 1835 1398 1860 mores
1426 1822 1633 1873 postulat“

81 1900 163 1926 non
182 1887 300 1925 valde
318 1888 636 1938 repugnaverim.
694 1890 788 1927 Alia
816 1889 1006 1943 quidem,
1045 1898 1085 1929 at
1114 1905 1198 1930 non
1230 1892 1352 1943 paulo
1381 1890 1538 1928 diversa
1567 1903 1634 1927 ra-

82 1956 190 1992 tione
209 1954 419 1992 Ausonius
441 1957 570 2007 Epist.
592 1958 632 2005 9,
652 1957 677 1996 9
704 1970 819 2010 sqq.:
849 1966 962 1997 vetus
989 1960 1091 1997 milii
1109 1961 1244 1998 Paule
1272 1960 1450 2006 sodalis,
1476 1960 1635 1997 Assue-

70 2022 189 2073 facte
211 2024 307 2060 meis
313 2024 495 2070 joculari
518 2027 694 2062 carmine
711 2028 845 2078 nugis,
902 2028 1141 2079 Aggrediar
1150 2045 1165 2076 ;
1190 2030 1376 2081 quamvis
1395 2042 1538 2066 curam
1554 2041 1635 2065 non

83 2091 160 2127 ista
179 2090 341 2127 senilem
367 2092 591 2129 Sollicitent
607 2094 809 2144 frugique
828 2095 912 2132 viro
932 2096 1145 2147 dignanda
1157 2105 1366 2148 putentur.
1391 2120 1448 2124 —-
1512 2097 1558 2134 V
1550 2099 1636 2142 eja-

84 2159 200 2203 nius,
236 2159 347 2208 cujus
371 2173 519 2197 nomen
551 2163 682 2212 magis
702 2163 889 2199 Italicmn
915 2176 1038 2215 quam
1054 2166 1285 2202 Romanum
1314 2179 1423 2213 esse,
1455 2166 1634 2203 Varrone

83 2233 243 2264 auctore
265 2225 326 2276 [R.
346 2229 392 2266 R.
415 2228 455 2276 3,
479 2230 544 2269 16.
566 2243 605 2280 p.
625 2227 723 2268 238.
742 2229 832 2279 Bip.
853 2229 956 2268 adde
979 2233 1100 2270 Orell.
1119 2235 1243 2271 Inscr.
1265 2247 1326 2273 nr.
1350 2233 1478 2283 2172]
1493 2263 1502 2280 ,
1538 2232 1634 2270 dicit

81 2295 340 2344 Torrentius,
385 2296 484 2345 fuit,
519 2295 796 2348 Porphyrione
829 2298 1068 2351 interprete,
1111 2300 1257 2338 nobilis
1288 2301 1525 2352 gladiator,
1564 2302 1636 2352 qai

74 2371 168 2414 post
203 2363 353 2402 multas
375 2364 544 2414 palmas
574 2367 812 2403 consecratis
834 2367 1012 2404 Herculi
1040 2369 1242 2407 bicndano
1268 2371 1393 2407 armis
1407 2397 1422 2415 ‚
1471 2370 1634 2407 landem

81 2433 125 2468 in
145 2430 324 2482 agellam
343 2447 384 2469 se
407 2434 641 2471 contulerat.
711 2435 836 2482 Cujus
856 2437 1031 2487 exemplo
1050 2437 1146 2474 dicit
1165 2445 1335 2475 aetatem
1351 2452 1468 2475 suam
1486 2446 1525 2475 et
1532 2452 1634 2489 pro—

74 2500 254 2549 positum
273 2497 486 2552 impediri,
508 2516 558 2539 ne
578 2504 621 2540 in
646 2502 861 2540 scribendis
881 2505 931 2541 iis
956 2505 1202 2543 carminibus
1215 2513 1456 2557 perseverat.
1518 2505 1633 2544 Idem

81 2568 230 2618 legitur
246 2569 289 2606 in
309 2571 498 2609 Auctario
522 2570 660 2612 Schol.
680 2575 801 2627 Cruq.
832 2587 855 2612 a
873 2575 1010 2612 Dousa
1038 2575 1219 2613 consecto
1250 2589 1291 2627 p.
1312 2576 1408 2616 692.
1444 2573 1631 2627 OEothius

81 2649 291 2687 perperam
321 2639 522 2677 Acronem
551 2643 770 2695 nominat).
829 2645 939 2680 Bene
972 2642 1021 2680 de
1051 2644 1218 2694 Vejanio
1240 2643 1291 2681 ad
1321 2657 1360 2681 v.
1379 2644 1419 2684 6.
1453 2643 1632 2696 disputat

81 2704 302 2756 Cruquius‚
332 2719 455 2758 quem
484 2708 591 2747 vide.
662 2711 886 2763 Templum
906 2712 1090 2748 Herculis
1120 2710 1306 2749 Fundani
1330 2718 1576 2751 memoratur
1608 2725 1632 2750 a

81 2773 253 2824 Vopisco
282 2775 326 2810 in
352 2775 538 2815 Floriano
569 2791 604 2815 c.
626 2775 667 2818 4.
697 2785 737 2816 et
767 2780 811 2816 in
832 2778 1008 2832 quadam
1037 2781 1295 2832 inscriptione
1324 2793 1388 2833 ap.
1413 2781 1535 2819 Orell.
1567 2794 1630 2819 nr.

84 2839 207 2881 1539.
265 2843 318 2879 Ut
334 2850 486 2882 veteres
507 2845 684 2898 quadam
701 2849 850 2900 pietate
868 2849 1042 2900 permoti
1058 2849 1124 2886 vel
1145 2848 1368 2887 devotionis
1390 2862 1509 2887 causa
1522 2879 1532 2898 ‚
1563 2850 1631 2887 vel

81 2908 124 2944 in
144 2912 382 2949 memoriam
403 2911 580 2958 defuncti
601 2918 771 2967 periculi
790 2918 856 2954 vel
875 2917 925 2954 ob
947 2923 1145 2955 mutatam
1161 2917 1268 2955 vitae
1288 2918 1485 2956 rationem
1501 2918 1630 2956 inter-

80 2977 326 3032 missamque
354 2988 479 3019 artem
498 2981 574 3022 diis
594 2986 678 3024 suis
707 2999 841 3036 arma,
870 2981 1139 3039 ἀναθήματα,
1167 2985 1327 3028 aliaque
1351 2987 1447 3025 artis
1476 2987 1630 3025 instru-
