2028 3268
446 231 531 273 336
601 230 976 273 COMMENTARII
994 230 1050 271 IN
1068 228 1284 272 HORATII
1305 230 1403 271 LIB.
1422 232 1452 271 I.
1473 230 1637 272 EPIST.
1651 231 1802 273 SEXT.
1909 230 1964 272 64

446 356 567 408 Epist.
586 358 625 406 2,
655 358 696 404 2,
725 353 837 404 101.)
866 353 971 402 hujus
1003 354 1197 404 praecepti
1225 355 1331 403 quasi
1358 359 1486 392 auctor
1510 354 1759 405 perhibeatur,
1792 358 1963 392 accurate

448 425 622 462 enodavit
650 422 708 461 N.
735 419 916 457 Baclzius
949 423 989 457 et
1014 421 1054 457 in
1081 421 1168 458 edit.
1206 433 1245 470 p.
1282 420 1351 461 20.
1383 425 1422 458 et
1447 422 1486 458 in
1518 421 1726 459 Zimmerm.
1764 421 1962 472 „Allgem

445 490 623 529 5611111Ζῆς
651 489 698 525 II.
731 487 852 526 1833.
883 499 923 536 p-
939 486 1018 526 561
1050 498 1149 535 sqq.,
1176 485 1238 523 ubi
1266 486 1371 524 simul
1400 499 1527 524 eorum
1555 487 1745 538 explosum
1777 493 1836 526 est
1864 501 1965 526 com-

443 562 628 604 mentum,
663 554 749 602 qui,
786 557 828 590 ut
865 552 1120 590 IsVielandius
1142 553 1190 590 ad
1216 553 1251 590 h.
1278 553 1303 589 l.
1339 553 1392 591 N.
1424 554 1513 601 10.,
1537 558 1686 603 poetam
1716 554 1818 592 illum
1843 557 1882 592 in
1913 555 1966 591 ci-

445 624 599 662 tharista
622 621 779 670 quadam
802 621 1070 670 sexagesimum
1092 633 1225 657 annum
1252 624 1425 669 agentem
1452 621 1590 657 arsisse
1618 622 1756 671 opinati
1783 626 1888 668 sunt3
1916 621 1965 658 cf.

445 688 668 728 Paldamzis
695 687 733 723 in
763 686 923 735 „Roem.
940 685 1105 722 Erotik“
1128 700 1165 737 p.
1188 689 1252 728 12.
1283 691 1320 724 et
1355 687 1406 724 G.
1430 687 1490 723 Η.
1514 686 1626 723 Bode
1650 687 1690 724 in
1710 687 1966 736 „Geschichte

446 758 513 794 der
540 752 802 794 Hellenischen
829 751 1084 791 Dichtkunst“
1110 753 1155 791 II.
1183 766 1222 803 p.
1243 751 1325 794 247
1355 766 1438 802 sqq.
1464 754 1640 803 imprimis
1668 766 1707 803 p.
1729 752 1822 794 250.
1849 752 1901 790 N.
1927 754 1963 792 1.

445 838 483 875 p.
514 824 608 864 251.
637 821 690 859 N.
720 817 759 858 4.
792 819 985 870 Porphyr.
1015 832 1060 858 ex
1086 832 1156 856 ms·
1183 819 1332 857 Monac.
1363 821 1500 857 rectius
1530 832 1640 869 quam
1670 820 1709 856 in
1741 819 1839 869 vulg.
1870 819 1965 856 edd:

445 890 716 941 „Mimnermus
747 887 948 937 elegiarum
986 888 1145 938 scriptor
1180 887 1248 925 fuit
1259 913 1272 935 ,
1319 887 1381 935 qui
1412 887 1449 923 in
1482 887 1640 936 quadam
1675 885 1804 936 ecloga
1830 885 1967 923 Hiero—

444 957 544 1007 nymi
584 959 726 993 sectam
763 955 1025 992 commendans
1067 966 1245 991 summum
1284 953 1421 990 bonum
1452 953 1691 990 indolentiam
1733 951 1805 1000 ait,
1858 963 1968 1000 quam

446 1025 582 1062 Graeci
615 1019 856 1075 ἀναλγησίαν
885 1021 1112 1058 nominant“
1149 1025 1220 1058 etc.
1276 1019 1450 1058 Laudant
1486 1019 1654 1070 plerique
1693 1030 1821 1056 omnes
1849 1017 1964 1068 Prop.

445 1094 494 1142 1,
537 1090 585 1140 9,
629 1091 693 1130 11.
727 1091 792 1130 12.
851 1087 953 1126 Plus
983 1088 1026 1123 in
1052 1100 1184 1124 amore
1210 1086 1317 1124 valet
1342 1087 1572 1124 Mimnermi
1604 1098 1737 1123 «versus
1769 1086 1966 1132 Homero,-

444 1159 624 1196 carmina
647 1161 875 1193 mansuetus
907 1154 1013 1191 lenia
1045 1156 1198 1206 qaaerit
1229 1153 1366 1192 Amor.
1423 1153 1534 1197 Quod
1562 1153 1666 1190 addit
1691 1151 1869 1190 Horatius
1894 1153 1968 1198 jo-

443 1227 592 1276 cisque,
625 1227 684 1262 est
712 1227 753 1260 ut
779 1222 903 1272 Epist.
933 1223 974 1271 2,
1004 1223 1045 1270 2,
1075 1221 1158 1271 56.,
1190 1221 1253 1258 ubi
1273 1223 1402 1268 jocos,
1436 1232 1630 1264 venerem,
1659 1219 1868 1264 convivia,
1900 1217 1967 1254 lw-

443 1293 540 1331 dum
571 1291 773 1341 conjungit.
832 1289 874 1326 In
904 1290 1059 1326 eandem
1095 1290 1315 1327 sententiam
1341 1287 1462 1337 Epist.
1499 1288 1538 1334 1,
1569 1284 1635 1335 14,
1663 1285 1729 1325 36.
1789 1284 1876 1322 Nee
1905 1284 1966 1321 ἰιι-

441 1362 536 1398 sisse
552 1359 694 1410 pudet,
742 1357 815 1394 secl
843 1370 922 1394 non
949 1355 1120 1394 incidere
1148 1356 1301 1393 ludum.
1360 1355 1420 1393 De
1450 1354 1596 1392 Horatii
1622 1354 1737 1403 ipsius
1765 1350 1965 1400 amoribus,

441 1427 574 1478 quibus
601 1439 643 1464 se
669 1424 858 1462 militasse
886 1437 966 1460 non
993 1424 1077 1460 sine
1100 1422 1234 1473 gloria
1260 1422 1455 1474 profitetur
1482 1420 1557 1458 Od.
1585 1420 1627 1469 3,
1661 1421 1735 1469 26,
1765 1421 1819 1468 1.,
1846 1431 1966 1468 nuper

444 1495 555 1532 docte
583 1493 755 1544 exposuit
790 1489 947 1542 Teuffel
978 1490 1016 1526 in
1041 1489 1207 1527 Seebod.
1247 1488 1465 1538 „Archiv“
1502 1483 1626 1528 1840.
1656 1485 1718 1524 VI.
1745 1486 1785 1526 3.
1815 1481 1852 1536 p.
1882 1485 1965 1527 325

440 1574 527 1611 sqq.
561 1582 617 1588 —
651 1559 695 1596 V.
727 1559 795 1598 67.
859 1557 975 1602 Vive,
1003 1555 1104 1594 vale.
1158 1557 1216 1594 Ita
1242 1554 1382 1594 Auson.
1411 1554 1533 1604 Epist.
1563 1553 1631 1603 20,
1664 1554 1728 1594 13.
1759 1566 1804 1591 ex
1830 1552 1965 1590 usitata

440 1627 673 1664 valedicendi
699 1623 855 1662 formula
887 1627 927 1661 ut
955 1624 1037 1660 Sat.
1073 1625 1113 1672 2,
1145 1623 1185 1671 5,
1217 1623 1314 1662 110.
1343 1623 1431 1659 vive
1451 1621 1626 1672 valeque,
1649 1620 1739 1670 ibiq.
1766 1619 1904 1658 Heind.
1925 1622 1965 1655 et

442 1693 596 1742 Forbig.
627 1692 675 1728 ad
703 1691 805 1740 Virg.
836 1689 917 1727 Ecl.
950 1691 997 1738 8,
1045 1689 1113 1729 58.
1169 1689 1296 1726 Burm.
1326 1690 1376 1726 ad
1403 1688 1515 1726 Anth.
1544 1688 1608 1725 lat.
1638 1687 1687 1724 Π.
1717 1700 1756 1737 p.
1786 1686 1879 1726 196.
1906 1706 1964 1713 -—

440 1761 582 1798 rectius
608 1758 705 1797 istis.
763 1757 858 1794 Sunt
886 1757 949 1806 qui
981 1755 1044 1793 his
1070 1755 1222 1806 proprie
1254 1755 1448 1792 dicendum
1476 1755 1590 1792 fuisse
1619 1754 1838 1804 opinentur,
1889 1751 1962 1789 vid.

438 1827 575 1867 Heind.
605 1826 652 1862 ad
681 1825 761 1861 Sat.
794 1825 840 1872 1,
879 1825 930 1871 2,
969 1823 1060 1872 73„
1105 1823 1174 1859 sed
1207 1834 1288 1858 voc.
1322 1822 1407 1857 istis
1435 1834 1539 1858 suum
1567 1821 1626 1858 hic
1653 1820 1796 1860 obtinet
1826 1820 1963 1869 locum,

439 1906 551 1943 quum
583 1892 636 1929 uti
672 1889 842 1927 Orellizis
869 1889 1143 1938 interpreteris:
1188 1899 1323 1936 „quae
1351 1892 1392 1924 tu
1425 1900 1522 1924 nunc
1549 1889 1667 1938 ipsum
1694 1887 1843 1937 legis.“
1901 1887 1960 1923 Cf.

420 1959 574 2009 'Wagm
607 1958 679 2002 Qu.
706 1957 808 2006 Virg.
824 1954 977 1992 XVIIII.
1005 1973 1062 1982 --
1089 1953 1300 1998 candidus,
1335 1957 1376 1990 ut
1403 1953 1598 1990 candidus
1613 1954 1743 2001 judex
1768 1953 1890 2002 Epist.
1922 1954 1960 2000 1,

439 2024 482 2075 4,
518 2028 571 2074 1.,
598 2025 623 2061 i.
661 2036 694 2061 e.
731 2023 793 2072 qui
828 2021 983 2071 simplici
1011 2020 1132 2056 animo
1166 2021 1389 2057 sententiam
1419 2033 1523 2058 suam
1547 2021 1723 2059 declarat.
1781 2020 1823 2057 In
1848 2019 1962 2058 totius

440 2093 648 2131 sententiae
683 2089 954 2128 similitudinem
980 2087 1131 2125 laudant
1157 2087 1276 2124 Isocr.
1296 2088 1343 2124 ad
1375 2086 1512 2124 Nicloi.
1542 2089 1609 2127 86.
1639 2089 1722 2139 χρῶ
1746 2090 1829 2133 τοῖς
1858 2086 1963 2139 εἰρη-

440 2158 594 2213 μένοις,
624 2155 652 2210 ἢ
680 2152 784 2208 ζήτει
813 2155 951 2207 βελτίω
978 2150 1144 2202 τούτων,
1173 2153 1305 2191 Isidor.
1335 2152 1513 2192 Pelusiot.
1544 2155 1585 2205 3,
1613 2154 1682 2195 95.
1741 2153 1823 2194 Καὶ
1841 2155 1963 2192 ταῦτα

440 2225 511 2278 μὲν
548 2220 638 2277 παρ’
672 2223 803 2276 ἡμῶν.
871 2222 929 2261 Εἰ
964 2219 1007 2261 δέ
1043 2236 1100 2268 τις
1137 2219 1215 2273 ἔχοι
1249 2222 1405 2273 βελτίον
1442 2220 1590 2274 λέγειν,
1641 2219 1709 2261 καὶ
1739 2217 1964 2260 ἄκουέσθω.

439 2293 559 2331 Plaut.
588 2291 700 2342 Epid.
728 2292 778 2340 2,
814 2291 864 2338 2,
897 2289 966 2329 80.
1022 2286 1174 2334 Immo,
1201 2289 1237 2325 si
1256 2287 1460 2338 placebit,
1494 2290 1613 2325 utitor
1647 2287 1885 2326 Consilium:
1927 2287 1964 2323 si

441 2373 520 2397 non
542 2357 747 2409 placebit,
779 2356 979 2406 reperitote
1005 2356 1160 2393 rectius.
1217 2355 1286 2394 His
1315 2357 1411 2393 adde
1438 2355 1535 2393 Plat.
1566 2356 1613 2392 de
1639 2353 1763 2405 Legg.
1793 2356 1836 2403 7,
1863 2353 1960 2393 796.

439 2427 567 2477 (quem
594 2425 716 2462 locum
741 2423 895 2461 contulit
928 2422 1202 2459 Grosmannus
1212 2450 1229 2468 ,
1256 2421 1299 2460 V.
1326 2423 1435 2472 Exc.,
1463 2423 1501 2459 in
1519 2420 1689 2471 Epistola
1715 2425 1788 2459 etc.
1817 2433 1857 2470 p.
1893 2420 1960 2459 10.

441 2494 526 2531 coll.
548 2506 619 2531 van
637 2492 782 2530 Heusd.
805 2495 844 2529 et
862 2488 998 2527 Stallb.
1019 2489 1067 2526 ad
1086 2487 1229 2527 Phileb.
1251 2491 1327 2539 60,
1347 2491 1406 2535 d.;
1424 2488 1586 2539 Republ.
1608 2486 1713 2536 430,
1733 2486 1772 2524 b.
1793 2483 1890 2535 497,
1910 2486 1963 2537 a.)

441 2560 479 2600 εἰ
513 2558 556 2600 δὲ
589 2556 678 2599 τινοὲ
710 2554 858 2609 ταύτης
894 2555 1008 2608 ’ὑμεῖς
1043 2554 1143 2607 ἔχετε
1176 2545 1337 2606 βελτίὼ,
1383 2553 1522 2602 θέντες
1563 2554 1619 2602 εἷς
1655 2549 1795 2594 κοινὸν
1825 2551 1962 2605 λέγετε.

443 2627 522 2664 Cic.
554 2624 671 2665 Tusc.
703 2626 743 2676 5,
781 2626 849 2675 28,
880 2625 948 2666 82.
1006 2621 1145 2660 Habes
1176 2634 1278 2673 quae
1293 2621 1510 2672 fortissime
1542 2622 1590 2659 de
1623 2620 1736 2658 beata
1769 2620 1852 2657 vita
1881 2618 1965 2656 dici

431 2700 593 2743 putem.-
625 2700 663 2729 et
693 2706 769 2744 quo
798 2691 910 2728 modo
939 2704 1046 2728 nunc·
1073 2696 1145 2735 est,
1173 2689 1252 2726 nisi
1278 2689 1378 2739 quid
1401 2696 1445 2727 ιιι
1463 2688 1603 2726 melias
1623 2687 1818 2732 attuleris,
1844 2687 1962 2722 etiam

440 2761 662 2797 verissume.
725 2759 794 2809 [Ex
821 2758 891 2796 hoc
918 2758 1003 2795 loco
1032 2761 1071 2795 et
1098 2768 1143 2794 ex
1173 2756 1270 2793 omni
1298 2769 1437 2805 genere
1466 2755 1596 2793 summi
1623 2754 1726 2803 boni,
1754 2753 1853 2802 quod
1871 2765 1962 2803 pro-

442 2828 568 2878 posuit
593 2826 725 2874 Poeta,
756 2826 852 2863 haud
882 2826 959 2863 scio
989 2837 1037 2862 an
1064 2824 1174 2861 liceat
1202 2822 1346 2872 conjici,
1373 2835 1455 2859 eum
1482 2825 1670 2860 recentem
1695 2821 1852 2858 lectione
1879 2818 1963 2855 libri

440 2895 556 2944 quinti
583 2892 879 2931 Tusculanorum
908 2891 1052 2943 fuisse]
1107 2890 1350 2931 Horatianum
1374 2889 1497 2928 locum
1524 2889 1683 2928 imitatus
1710 2887 1852 2926 videtur
1868 2885 1960 2924 Hie-
