2028 3268
151 268 204 309 11

612 267 755 305 LIBRI
782 267 815 304 I.
873 264 1141 304 EPISTOLA
1170 268 1222 305 11.

1620 262 1700 305 117

218 379 272 430 Si
305 381 428 428 noles
465 395 625 443 sanuS,
660 394 808 428 curres
844 379 1138 440 hydropicus3
1180 385 1224 428 et
1256 383 1301 427 ni

217 459 381 508 Posces
415 467 517 510 ante
551 462 664 508 diem
690 463 844 508 librum
872 475 967 507 cum
993 461 1178 523 lumine,
1214 463 1253 507 si
1282 476 1369 508 non

150 641 254 686 cepta
270 640 435 686 majorem
456 639 566 676 habet
591 640 789 676 disserendi
814 639 899 677 vim.

89 697 93 699 ”
151 695 236 731 vid.
253 697 372 733 Hand.
394 698 422 733 l.
438 698 465 734 l.
492 711 530 745 Ρ.
557 699 662 746 519.,
686 699 748 745 qui
773 701 902 746 probat

150 754 273 790 Vossii
298 755 653 803 interpretationem:
678 757 772 791 wohl
797 757 902 800 denn,

149 811 259 847 willst
290 813 338 848 du
367 815 504 859 gesund
535 815 634 850 nicht
663 814 795 850 laufen.
821 815 900 860 (ΓΞ)

149 869 206 904 De
237 871 445 907 confusione
481 872 668 918 utriusque
704 872 900 919 particulae

150 927 318 964 dixerunt
341 930 460 965 Bentl.
485 934 521 965 et
543 929 675 965 Heind.
702 930 747 964 ad
769 930 846 965 Sat.
866 931 899 976 1,

154 986 211 1031 10,
228 981 288 1026 32.
319 986 431 1022 Drak.
449 987 495 1023 ad
510 987 594 1022 Liv.
611 986 645 1031 5,
666 985 700 1033 4,
720 989 754 1022 1.
777 986 899 1023 Klotz.

151 1045 199 1080 ad
216 1045 294 1080 Cic.
321 1044 432 1080 Tusc.
450 1045 492 1090 5,
519 1046 584 1090 10,
614 1045 674 1079 28.
706 1043 823 1085 Kritz.
855 1046 902 1080 ad

150 1102 298 1138 Sallust.
314 1103 395 1138 Cat.
413 1104 471 1149 51,
488 1104 547 1139 35.
573 1107 610 1138 et
625 1103 671 1137 de
686 1114 752 1138 usu
769 1103 901 1138 utrius-

150 1171 222 1206 que
237 1161 411 1196 interdum
426 1173 540 1208 paene
565 1161 736 1196 communi
761 1166 903 1207 praeter

150 1218 258 1265 alios,
285 1231 373 1265 quos
409 1219 556 1254 laudant
579 1218 714 1253 Ochsn.
747 1219 792 1253 ad
824 1219 903 1253 Cic.

151 1275 234 1312 Ecl.
270 1289 308 1324 p.
342 1277 423 1313 131.
471 1277 639 1314 Frotsch.
674 1277 718 1311 ad
751 1276 904 1318 Quintil.

136 1334 242 1370 lust.
261 1336 317 1380 10,
333 1336 370 1380 3,
388 1336 459 1380 22.,
483 1335 629 1369 Voorda
654 1335 788 1380 (Lectt.
807 1334 905 1370 Tull.

154 1403 188 1426 c.
205 1391 261 1437 8.)
293 1403 352 1439 ap.
370 1391 448 1427 Cic.
465 1393 511 1428 de
527 1392 636 1428 Offic.
653 1393 689 1439 3,
702 1394 756 1439 11,
768 1393 827 1429 48.
846 1393 904 1431 ed.

152 1449 273 1486 Beier.

199 1552 248 1589 V.
274 1551 334 1589 34.
364 1553 478 1588 noles.
513 1553 604 1588 Mss.
621 1554 747 1590 Lamb.
766 1555 799 1600 1,
816 1565 851 1590 a.
867 1555 904 1590 2.

153 1611 191 1647 6.
222 1610 337 1645 Pulm.
364 1611 451 1646 m).
467 1612 503 1647 3.
530 1613 586 1647 10.
611 1613 647 1647 4.
670 1613 706 1648 7.
740 1612 852 1658 Cruq.
871 1612 905 1657 1,

155 1668 279 1704 a—d.
311 1668 348 1704 9.
372 1667 408 1703 4.
434 1669 562 1714 (unus)
593 1669 629 1703 7.
654 1669 690 1704 3.
718 1674 816 1714 quat.
843 1681 905 1715 ap.

153 1726 291 1762 Bersm.
322 1725 389 1772 (in
420 1738 490 1761 uno
522 1726 662 1770 nolles)
704 1727 828 1762 Oberl.
861 1728 906 1762 C.

156 1783 282 1819 Comb.
305 1783 350 1818 A.
366 1784 410 1819 B.
427 1784 473 1819 D.
491 1784 538 1818 F.
557 1785 606 1818 G.
638 1783 738 1820 Pott.
766 1787 799 1820 1.
817 1786 854 1821 2.
872 1786 906 1820 6.

153 1842 192 1878 7.
209 1842 246 1877 9.
265 1842 320 1877 12.
341 1842 398 1877 13.
418 1841 474 1878 14.
498 1843 556 1877 20.
587 1841 655 1876 Bn.
672 1842 716 1876 A.
734 1843 778 1877 Β.
796 1843 840 1878 C.
857 1843 906 1877 E.

157 1899 207 1934 G.
239 1898 361 1934 Guelf.
395 1899 430 1935 3.
471 1899 575 1934 Dess.
604 1902 638 1935 1.
665 1900 702 1935 3.
743 1901 844 1936 Gott.
869 1902 904 1936 2.

154 1956 259 2003 Lips.
278 1958 313 1992 1.
330 1957 366 1992 2.
384 1957 420 1992 3.
453 1957 566 1992 Dorv.
585 1958 619 1993 1.
652 1961 689 1992 et
703 1957 781 1992 sine
798 1957 906 1993 dubio

155 2013 330 2056 Mentel.;
361 2014 451 2048 adde
483 2014 563 2049 cod.
591 2015 735 2050 Monac.
777 2016 904 2060 (Seeb.

156 2070 207 2106 N.
235 2069 381 2105 Archiv.
411 2072 513 2107 1830.
541 2085 578 2118 p.
607 2073 684 2118 60.)
716 2076 754 2107 et
784 2073 906 2107 Schol.

158 2128 272 2174 Cruq.
296 2127 335 2161 in
365 2127 539 2164 lemmate.
580 2130 686 2165 nolis.
729 2130 819 2166 Mss.
846 2132 909 2166 alii

158 2185 319 2230 aliorum,
336 2184 441 2220 etiam
461 2186 585 2220 Guelf.
606 2188 639 2222 1.
655 2189 691 2223 2.
709 2188 744 2222 4.
775 2190 844 2224 Bn.
861 2189 908 2223 D.

157 2244 205 2279 F.
236 2242 342 2278 Dess.
361 2244 397 2278 2.
430 2243 541 2278 Goth.
573 2244 677 2279 Gott.
704 2247 738 2280 1.
773 2251 810 2281 et
832 2247 910 2281 sine

156 2300 266 2335 dubio
278 2300 432 2343 Corvei3
446 2300 626 2348 Porphyr.
636 2302 674 2336 in
690 2302 911 2339 lemmate.—

158 2370 295 2394 συντ-οε.
326 2358 415 2392 Mss-
442 2358 512 2403 alq.
530 2370 587 2404 ap.
603 2359 728 2395 Lamb.
744 2361 856 2401 Pulm.
876 2363 908 2397 1.

158 2417 195 2453 2.
214 2416 249 2452 3.
267 2417 325 2452 10.
359 2415 469 2461 Cruq.
488 2418 505 2451 1
518 2443 527 2460 ‚
545 2418 665 2452 a—d.
682 2419 718 2453 9.
742 2419 778 2455 4.
812 2419 911 2464 (un.)

157 2474 195 2509 7.
220 2474 256 2509 3.
295 2477 369 2508 tres
394 2484 453 2520 ap.
475 2474 612 2509 Bersm.
646 2475 770 2511 Oberl.
796 2478 840 2512 C.
864 2478 910 2513 D.

160 2531 285 2566 Comb.
304 2543 396 2565 omn.
415 2535 455 2566 ut
469 2531 647 2578 videntur,
664 2533 711 2568 al.
729 2546 789 2580 ap.
803 2535 910 2570 Talb.

160 2587 278 2623 Bentl.
302 2588 372 2623 Fe.
396 2588 519 2624 Jaeck.
545 2589 643 2625 Pott.
670 2593 704 2627 1.
731 2593 768 2627 7.
795 2592 830 2628 9.
853 2595 909 2628 10.

162 2645 221 2680 12.
239 2644 295 2680 15.
315 2645 372 2680 19.
395 2646 496 2682 etita
511 2647 645 2694 Porph.
665 2654 772 2695 atque
788 2651 910 2685 Schol-

161 2703 276 2748 Cruq.
293 2703 415 2739 Guelf.
433 2705 469 2740 3.
483 2705 551 2740 Bn.
568 2705 616 2740 D.
632 2706 679 2741 Ε.
704 2708 810 2742 Dess.
829 2710 862 2743 1.
874 2709 910 2743 3.

161 2760 276 2795 Goth.
302 2760 404 2795 Gott.
427 2762 464 2796 2.
495 2762 596 2808 Lips.
622 2765 657 2799 1.
679 2764 716 2799 2.
733 2765 769 2800 3.
797 2765 912 2801 Dorv.

162 2818 252 2854 1.·2.
286 2818 350 2863 (in
367 2819 400 2853 1.
414 2831 492 2854 var.
515 2819 597 2856 lect.
613 2833 672 2856 res
687 2825 747 2867 et)
774 2828 810 2858 et
835 2824 914 2859 sine

162 2874 248 2910 dub.
281 2876 428 2911 Corvei.
457 2889 574 2914 cures.
606 2879 698 2915 Mss.
725 2881 771 2916 al.
790 2893 849 2929 ap.
865 2883 912 2918 al.

162 2932 308 2980 [viginti
323 2933 470 2980 ap.Val.
485 2940 559 2971 tres
576 2947 636 2984 ap.
649 2938 787 2974 Bersm.
800 2939 914 2974 Pulm.

163 2987 203 3023 4.
218 2991 270 3034 7.]
300 2991 424 3028 Guelf.
452 2993 485 3028 1.
507 2995 545 3030 2.
565 2994 604 3030 4.
642 2995 711 3031 Bn.
737 2996 782 3033 A.
805 2998 849 3033 Β.
868 2998 913 3033 C.

1646 461 1701 504 35

955 638 1002 674 F.
1032 639 1082 674 G.
1115 638 1180 684 (in
1203 639 1271 675 hoc
1298 641 1407 686 gloss.
1431 639 1492 686 te)
1532 639 1639 676 Dess.
1666 641 1703 675 2.

957 698 1062 732 Gott.
1082 699 1116 733 1.
1150 698 1297 733 Mentel.
1329 698 1480 732 nolis—
1496 709 1611 733 cures.
1644 698 1707 733 Sic

955 758 1100 802 praeter
1121 755 1199 790 illos
1211 757 1284 801 jam
1299 756 1473 791 indicatos
1489 767 1571 790 mss.
1587 756 1706 791 Bentl.

957 814 992 848 1.
1025 814 1200 857 (Broukh.
1216 814 1255 848 in
1271 814 1338 848 hoc
1352 815 1587 849 tantummodo
1604 826 1708 849 cures

955 871 1136 916 annotat.)
1160 873 1195 907 2.
1220 871 1256 907 4.
1280 871 1317 907 6.
1347 871 1441 906 Altd.
1469 884 1528 918 ap.
1554 871 1706 907 Habet-f.

956 933 994 963 et
1021 929 1143 964 Jaeck.
1174 929 1210 964 5.
1244 930 1279 964 6.
1324 929 1420 965 Edd.
1456 931 1613 975 (vetust.
1647 941 1708 976 ap.

955 987 1077 1022 Maitt.
1089 987 1170 1022 474.
1182 991 1218 1022 et
1227 987 1324 1022 Med.
1335 988 1418 1023 476.
1431 999 1490 1034 ap.
1503 988 1591 1032 Fe.)
1606 987 1708 1023 Flor-

956 1045 1039 1080 482.
1074 1045 1166 1080 Ven.
1183 1045 1264 1081 479.
1283 1046 1342 1080 81.
1358 1046 1415 1081 83.
1434 1046 1484 1089 (a.
1501 1045 1556 1089 b.)
1574 1046 1632 1080 86.
1649 1046 1708 1080 90.

957 1103 1018 1138 92.
1035 1101 1115 1138 509.
1142 1104 1251 1148 (teste
1266 1103 1360 1148 Fea)
1392 1103 1504 1138 Loch.
1530 1102 1609 1137 Ald.
1627 1103 1710 1138 501.

959 1159 1106 1195 Ascens.
1122 1160 1224 1207 Lips.
1236 1161 1320 1196 492.
1337 1162 1394 1196 98.
1412 1161 1492 1196 508.
1507 1162 1563 1195 10.
1582 1159 1637 1195 14.
1653 1160 1709 1195 19.

960 1218 1086 1252 Colon.
1103 1217 1185 1253 510.
1218 1220 1366 1254 Ersord.
1382 1219 1465 1254 517.
1497 1217 1609 1252 Pulm.
1627 1217 1710 1253 557.

959 1276 1045 1313 Bas.
1062 1275 1143 1311 580.
1163 1276 1208 1311 al.
1227 1289 1247 1312 e
1262 1280 1410 1312 recentt.
1422 1276 1508 1310 San.
1528 1275 1605 1320 (qui
1617 1274 1711 1319 def.)

960 1334 1077 1369 Merv.
1106 1333 1204 1369 Sivr.
1233 1334 1396 1368 Praedic.
1430 1338 1466 1368 et
1488 1332 1604 1367 Paris.
1629 1331 1710 1367 752.

960 1391 1065 1426 Hanc
1079 1392 1287 1438 scripturam
1314 1395 1457 1438 praeter
1479 1390 1568 1425 alios
1584 1389 1713 1436 partim

962 1449 1153 1496 explicant,
1169 1450 1298 1496 partim
1315 1453 1459 1485 tuentur
1474 1449 1594 1483 Nann.
1604 1447 1711 1482 Misc.

961 1506 996 1552 4,
1015 1507 1069 1544 15.
1103 1508 1226 1552 (Grut.
1242 1507 1367 1553 Lamp.
1389 1507 1468 1542 crit.
1485 1507 1516 1541 Ι.
1535 1519 1572 1552 Ρ.
1592 1505 1714 1550 1283.)

961 1565 1087 1600 Barth.
1108 1565 1202 1600 Adv.
1226 1566 1290 1610 37,
1315 1566 1371 1600 19.
1405 1569 1441 1599 et
1462 1563 1644 1609 Bentlejus
1669 1562 1715 1597 ad

962 1623 999 1657 h.
1026 1622 1096 1657 loc.
1121 1624 1283 1664 noles—
1307 1635 1422 1658 cures.
1455 1623 1550 1656 Edd.
1579 1620 1713 1655 Sandb.

962 1680 1135 1716 Baskerv.
1165 1680 1256 1715 Bod.
1318 1681 1374 1716 Ita
1412 1681 1519 1716 etiam
1550 1679 1714 1713 Turneb.

962 1738 1056 1773 Adv.
1074 1739 1131 1783 26,
1152 1739 1224 1782 27„
1254 1737 1316 1783 qui
1334 1743 1451 1772 tamen
1469 1749 1592 1772 curres
1610 1748 1716 1783 prae-

962 1796 1059 1830 ferre
1077 1807 1149 1831 non
1166 1795 1319 1836 dubitat.
1338 1796 1396 1830 cf.
1413 1795 1552 1830 Marcil.
1569 1795 1717 1829 nolis—-

963 1865 1100 1888 curres.
1146 1853 1243 1888 Edd.
1268 1854 1360 1888 Ven.
1382 1853 1465 1889 495.
1499 1855 1607 1898 (teste
1623 1853 1717 1896 Fea)

963 1911 1043 1946 Ald.
1060 1911 1142 1947 509.
1162 1912 1219 1947 19.
1249 1912 1346 1946 Iunt.
1363 1911 1444 1946 514.
1462 1912 1545 1946 Bas.
1563 1911 1644 1946 517.
1657 1911 1716 1945 20.

962 1970 1056 2006 ven.
1072 1970 1153 2005 520.
1187 1969 1288 2003 Glar.
1306 1968 1439 2003 Muret.
1458 1969 1571 2003 Pulm.
1600 1968 1718 2013 (581.)

964 2029 1035 2067 Ge.
1051 2028 1164 2062 Fabr.
1182 2027 1263 2063 578.
1297 2027 1409 2072 Cruq.
1435 2027 1543 2061 Torr.
1571 2026 1616 2060 de
1636 2024 1717 2059 Ma-

962 2085 1044 2120 roll.
1061 2084 1213 2129 Dorigh.
1230 2085 1299 2118 Fe.
1322 2083 1444 2119 Jaeck.
1471 2084 1595 2129 Camp.
1611 2082 1716 2117 Jahn.

965 2143 1073 2177 Web.
1093 2141 1139 2176 al.
1157 2142 1275 2187 plures
1287 2168 1297 2185 ,
1321 2153 1410 2186 quos
1424 2142 1489 2175 ldt.
1507 2141 1596 2175 Fea.
1618 2141 1719 2174 noles

966 2218 1014 2224 —
1030 2210 1166 2233 curres.
1215 2200 1311 2233 Edd.
1343 2199 1468 2233 Lamb.
1504 2198 1591 2243 (qui
1617 2197 1718 2242 def.)

965 2255 1057 2290 Min.
1075 2255 1210 2290 Piscat.
1235 2255 1285 2290 H.
1307 2256 1433 2301 Steph.
1453 2256 1566 2290 Chab.
1580 2256 1717 2290 Bersm.

967 2334 1014 2339 —
1028 2314 1147 2349 Bentl.
1162 2313 1282 2348 Maitt.
1299 2315 1391 2348 Cun.
1409 2314 1490 2348 Val.
1500 2314 1580 2348 Jon.
1593 2312 1717 2348 Oberl.

968 2373 1082 2406 Gesn.
1100 2371 1225 2406 Comb.
1250 2371 1394 2406 Wakef.
1422 2372 1535 2406 Hunt.
1560 2371 1718 2406 Schmid.

969 2436 1006 2466 et
1030 2430 1076 2464 al.
1105 2428 1314 2475 complures.
1372 2429 1413 2463 Si
1435 2440 1509 2463 non
1537 2429 1568 2463 is
1595 2441 1719 2475 sanus,

968 2499 1093 2524 curres
1124 2487 1228 2531 hydr.
1269 2487 1373 2532 Conj.
1405 2487 1452 2521 D.
1484 2487 1611 2522 Heins.
1647 2487 1719 2522 Pro

968 2557 1094 2581 curres
1110 2544 1262 2589 conjecit
1287 2556 1439 2589 quaeres
1465 2545 1624 2580 Clericus
1649 2557 1720 2580 van

966 2605 1099 2640 Jevern
1123 2603 1169 2637 ad
1184 2603 1319 2637 Lucan.
1343 2603 1385 2647 3,
1413 2602 1493 2638 657.
1516 2604 1548 2638 Ι.
1581 2616 1618 2650 p.
1634 2604 1718 2639 438.

969 2662 1026 2697 ed.
1044 2662 1149 2696 Web.
1174 2660 1201 2694 i.
1220 2673 1252 2695 e.
1270 2660 1486 2706 hydropicus
1502 2661 1619 2696 factus
1630 2664 1719 2706 fru-

970 2726 1050 2756 stra
1076 2719 1282 2765 expergisci
1306 2718 1506 2765 conaberis,
1536 2719 1656 2766 Epod.
1682 2720 1717 2765 2,

968 2780 1028 2815 70.
1048 2779 1104 2823 16,
1123 2776 1180 2813 16.
1212 2776 1297 2811 Vid.
1313 2777 1507 2812 comment.

1016 2881 1063 2915 V.
1092 2879 1151 2917 35.
1199 2881 1342 2916 Poenas.
1389 2881 1460 2917 Ms.
1492 2882 1591 2917 Feae
1622 2883 1654 2927 1,
1678 2893 1715 2927 q.

970 2940 1038 2974 Bn.
1061 2938 1108 2972 D.
1135 2939 1182 2972 G.
1219 2938 1350 2974 Poscis.
1397 2939 1470 2975 Ms.
1502 2940 1590 2975 ibid.
1616 2942 1655 2983 1,
1680 2939 1715 2972 k.

969 2996 1082 3032 Dorv.
1098 2997 1134 3032 2.
1161 3016 1207 3023 -
1236 2997 1268 3032 εἰ
1294 3009 1350 3034 ne.
1391 2999 1462 3034 Ms.
1479 2998 1547 3034 Fe.
1564 2998 1599 3045 6,
1623 3010 1655 3033 c.
1672 3018 1718 3023 —
