2028 3268
427 230 511 273 266
560 231 934 273 COMMENTARII
962 230 1019 270 IN
1042 229 1267 269 HORATII
1295 229 1431 270 LIB.I.
1457 231 1620 271 EPIST.
1641 232 1822 279 QUINT.
1880 235 1933 273 76

427 355 479 395 H.
497 353 546 394 N.
565 356 615 396 21
629 383 642 403 ,
672 359 708 396 1.
739 354 894 404 epulari
915 366 1005 389 cum
1025 352 1330 389 duodevicesimo
1357 355 1493 390 comite
1504 381 1521 399 ,
1550 356 1647 393 adde
1679 355 1764 392 Juv.
1790 357 1837 403 1,
1867 353 1932 394 64.

427 428 535 458 sexta
564 421 710 457 cervice
730 421 844 470 ferri.
876 439 930 446 -—
961 419 1010 456 V.
1034 419 1102 459 31.
1129 419 1241 469 salle
1267 418 1468 464 clientem,
1507 420 1529 458 i.
1557 432 1590 459 e.
1632 420 1932 470 qualemcumque

427 486 666 536 „consulendi
696 489 735 523 te
766 484 823 522 vel
854 496 923 521 sua
951 483 1017 521 tibi
1047 485 1324 523 commendendi
1344 485 1487 535 gratia,
1513 485 1570 522 vel
1587 487 1697 523 etiam
1721 490 1764 524 ut
1782 487 1932 523 honoris

427 565 515 602 ergo
545 555 583 588 te
613 550 847 588 comitetur.“
906 551 966 588 Sic
997 551 1205 602 Cruqzcizcs,
1262 551 1366 588 Haec
1400 552 1547 600 quidem
1585 554 1633 589 ad
1662 552 1933 590 observantiam

427 618 636 655 testandam
655 616 774 654 officia
792 617 970 654 intellexit
989 616 1046 654 hic
1073 618 1189 666 Casp.
1213 617 1420 667 Scioppius
1435 619 1473 655 in
1491 617 1658 657 Verisim.
1679 620 1716 667 1,
1734 619 1772 657 8.
1798 633 1838 669 p.
1854 620 1932 668 26.‚

425 685 515 723 illud
535 684 670 721 rectius
698 683 951 733 C'lzarpentier
968 687 1006 720 et
1036 682 1219 720 Orellius.
1280 682 1402 720 Atria
1436 688 1559 721 autem
1589 691 1804 721 servantem
1825 685 1934 722 intel-

426 751 499 800 lige
518 752 646 800 „intus
660 750 862 799 stantem“,
890 761 966 787 non
985 749 1079 788 atria
1099 750 1329 788 obsidentem
1353 754 1391 788 et
1413 754 1499 788 ante
1515 762 1559 788 ea
1575 750 1680 788 anxie
1703 752 1850 800 patroni
1867 752 1933 788 ad-

425 822 577 854 ventum
595 817 870 866 observantem,
900 819 943 853 ut
960 815 1090 854 Voss-z
1129 816 1338 865 „wiihrend
1362 829 1420 855 am
1436 817 1592 854 Vorsaal
1614 816 1734 854 lauert
1743 817 1770 840 “
1798 821 1837 854 et
1858 817 1931 856 alii.

426 883 637 922 simillimus
667 888 724 921 est
754 882 856 920 locus
887 895 950 933 ap.
979 882 1108 920 Senec.
1141 885 1188 920 de
1210 883 1349 921 Brevit.
1366 884 1431 924 vit.
1453 881 1518 923 14.
1584 883 1715 932 Quam
1733 883 1851 920 multi
1859 896 1935 933 per

427 950 611 1000 refertum
635 949 841 986 clientibus
861 951 1009 986 atrium
1022 949 1184 999 prodire
1207 949 1391 986 vitabunt
1419 957 1455 985 et
1474 963 1547 999 per
1575 949 1756 987 obscuros
1777 949 1936 987 aedium

426 1016 559 1053 aditus
583 1015 850 1067 profugient?
884 1015 946 1053 Cf.
968 1014 1127 1066 Rupert.
1145 1018 1194 1054 ad
1210 1017 1295 1054 Juv.
1314 1018 1362 1066 7,
1391 1018 1431 1057 7.
1465 1037 1521 1044 —-
1546 1018 1711 1066 postico.
1767 1016 1826 1055 Ita
1842 1017 1936 1054 Sue-

427 1088 506 1124 ton.
527 1083 659 1121 Claud.
686 1085 753 1123 18.
791 1095 861 1119 nec
885 1083 963 1119 nisi
971 1084 1122 1131 postico
1140 1083 1300 1120 evadere
1318 1085 1360 1120 in
1382 1082 1590 1120 Palatium
1615 1083 1796 1120 valuerit.
1858 1082 1936 1121 Ta·-

426 1150 486 1187 cit.
509 1149 609 1187 Hist.
632 1149 671 1199 2,
692 1149 756 1189 51.
794 1149 1004 1199 Verginius
1012 1163 1087 1198 per
1106 1163 1286 1187 aversam
1304 1150 1442 1187 domas
1457 1157 1610 1199 partem
1618 1149 1768 1199 furtim
1783 1150 1935 1199 digres—

425 1230 493 1253 sus
520 1218 775 1265 irrumpentes
782 1216 1008 1266 sius-tratas
1027 1223 1093 1253 est.
1146 1213 1269 1253 Locos
1292 1216 1496 1267 complures
1516 1216 1744 1265 collegerunt
1765 1215 1934 1267 Haberf.

427 1287 465 1320 et
497 1283 675 1319 Selzmc'cl.
692 1311 703 1327 ‚
733 1282 951 1332 quibuscum
984 1283 1029 1322 cf.
1062 1282 1242 1332 Stieglitz
1269 1281 1489 1332 „ArchaeoL
1515 1283 1552 1319 d.
1576 1282 1799 1319 Baukunst“
1823 1282 1870 1321 Π.
1897 1285 1933 1323 2.

427 1362 465 1399 p.
489 1348 582 1389 169.
641 1350 704 1387 Sic
718 1346 879 1389 αὕλείον
906 1355 945 1386 et
964 1347 1200 1401 παραθύρον
1227 1349 1410 1388 contraria
1430 1361 1491 1398 ap.
1511 1347 1701 1396 Graecos3
1728 1349 1802 1391 vid.
1825 1348 1934 1389 Torr.

428 1417 476 1452 ad
497 1415 532 1453 h.
550 1416 574 1454 l.
593 1420 632 1453 et
654 1415 816 1466 interpp.
834 1416 883 1453 ad
903 1414 1056 1454 Lucian.
1092 1415 1237 1466 Nigrin.
1257 1416 1288 1456 I.
1317 1430 1354 1467 p.
1381 1415 1475 1456 283.
1499 1415 1558 1456 ed.
1580 1414 1663 1465 Bip·
