2028 3268
107 249 161 292 13
215 244 599 287 COMMENTARH
625 243 684 284 IN
711 241 939 284 HORATII
978 241 1079 286 LIB.
1096 241 1128 281 Ι.
1155 240 1324 281 EPIST.
1349 239 1511 281 TERT.
1570 239 1654 281 203

100 385 230 424 parvo
266 370 350 408 sale
376 369 656 407 discernantur
665 396 683 415 ,
729 368 787 405 Et
819 368 955 406 vicina
992 365 1072 404 sibi
1103 365 1245 403 lambit
1273 366 1449 415 confinia
1482 372 1651 416 pontus.

105 439 303 480 Strabonis
331 438 452 476 locum
480 437 622 489 primus
650 437 921 487 interpretum,
966 435 1070 483 quod
1101 435 1238 485 sciam,
1276 435 1423 486 aperuit
1463 434 1655 479 onmem,

105 507 318 548 Hollandus
348 505 408 543 ille
436 506 566 556 magni
594 505 779 555 nominis,
809 516 920 554 quem
945 506 1097 540 secutus
1130 506 1190 540 est
1212 501 1489 548 VVeiclzertus,
1518 505 1656 554 postea

105 576 146 614 in
169 575 330 613 eundem
367 574 498 612 incidit
528 573 775 625 pluribusque
803 585 910 610 suam
942 571 1169 608 sententiam
1198 575 1307 609 acute
1335 571 1510 623 probavit
1543 583 1656 620 argu-

105 643 241 682 mentis
275 641 507 680 Selzmidius
533 642 570 679 in
605 640 739 692 Progr.
767 639 907 691 schol.,
945 640 1047 688 quod
1069 651 1185 689 supra
1203 639 1409 678 indicatum
1430 642 1508 689 est,
1538 641 1656 687 atque

105 710 192 749 huic
207 711 317 761 hujus
339 710 410 748 loci
426 710 728 761 interpretationi
747 707 862 761 plane
890 707 1096 745 assentitur
1123 707 1310 745 Orellius.
1372 706 1502 746 Habet
1529 709 1656 744 tamen

106 779 158 818 ad
187 791 311 817 meum
349 778 501 827 quidem
537 791 689 816 sensum
717 776 1011 817 Scholiastarum
1045 774 1268 826 explicatio,
1315 788 1391 825 quo
1420 788 1462 813 se
1494 778 1656 813 tueatur.

107 846 232 886 Urbes
257 847 356 885 enim
376 847 584 884 maritimae
604 859 719 896 quum
735 850 886 896 praeter
903 849 1049 884 ceteras
1076 842 1260 881 haberent
1287 843 1453 881 aedificia
1473 844 1512 881 in
1540 843 1658 881 altum

108 918 301 953 exstructa
317 915 356 952 in
378 914 622 966 plurimisque
641 913 846 953 eminentes
863 928 885 953 c
904 913 1014 952 tectis
1034 912 1352 962 contignationes,
1382 912 1484 951 unde
1499 912 1539 949 in
1554 923 1658 949 mare

107 995 299 1033 navesque
327 982 519 1020 venientes
546 986 586 1019 et
610 982 792 1020 abeuntes
822 981 987 1035 prospici
1018 985 1168 1032 posset,
1204 980 1283 1018 fieri
1313 980 1462 1030 potuit,
1500 984 1544 1018 ut
1574 979 1658 1018 illae

107 1050 219 1088 urbes
242 1045 326 1090 κατ’
354 1047 494 1102 ε’ξοχήν
523 1057 650 1086 turres
681 1050 904 1091 dicerentur.
965 1049 1071 1099 Virg.
1093 1048 1162 1086 Ge.
1194 1046 1239 1099 4,
1275 1048 1368 1088 125.
1391 1047 1459 1100 (ib.
1480 1046 1658 1100 Forbig.)

107 1118 182 1156 sub
208 1117 401 1156 Oebaliae
418 1140 473 1146 —-
495 1116 673 1155 turribus
693 1119 802 1156 altis.
838 1118 926 1158 Tib.
945 1119 983 1169 1,
1006 1121 1046 1169 7,
1069 1119 1139 1170 [8],
1166 1119 1234 1158 19.
1269 1116 1455 1170 (Broukh.
1478 1121 1517 1154 et
1534 1115 1657 1168 Diss.)

116 1187 246 1238 thue
300 1187 426 1222 maris
465 1193 627 1223 vastum
665 1194 889 1237 prospectet
920 1187 1098 1224 turribus
1144 1200 1294 1238 aequor
1344 1187 1490 1223 Prima
1531 1192 1656 1222 ratem

108 1257 234 1293 ventis
258 1254 411 1291 credere
432 1254 550 1291 docta
574 1255 709 1305 Tyros.
771 1254 904 1296 Avien.
930 1256 1050 1296 deser.
1075 1255 1124 1297 Ο.
1142 1254 1192 1295 Τ.
1223 1255 1333 1295 1076
1354 1253 1463 1306 (ibiq.
1481 1253 1657 1292 Wernsd.

107 1322 155 1360 V.
185 1336 226 1373 p.
251 1320 380 1373 1104)
412 1322 563 1358 Litoris
594 1329 761 1359 extremo
789 1331 913 1374 caput
939 1324 1036 1361 altis
1067 1323 1243 1360 turribus
1268 1323 1381 1375 effert
1408 1321 1587 1360 Laodice
1623 1328 1660 1358 et

106 1390 251 1442 glauci
270 1390 570 1439 praelambitar
599 1391 783 1440 aequoris
821 1393 948 1429 unda.
1010 1392 1188 1430 Priscian.
1214 1390 1362 1441 Perieg.
1390 1389 1488 1431 858.
1546 1391 1655 1427 Lao-

109 1459 224 1496 dicen
238 1459 394 1508 pariter
403 1459 580 1508 positam
593 1471 721 1508 prope
742 1458 839 1497 litus
860 1475 1073 1499 amoenum
1092 1468 1130 1498 et
1139 1459 1283 1498 Posidi
1304 1466 1430 1496 turres
1452 1465 1489 1495 et
1507 1458 1658 1509 Daph-

108 1541 178 1564 nes
211 1527 362 1576 optima
396 1527 552 1576 Tempe.
615 1526 711 1567 Plin.
748 1527 801 1569 H.
830 1528 882 1569 N.
911 1529 959 1579 5,
999 1530 1064 1570 13.
1126 1529 1325 1566 Stratonis
1347 1528 1490 1573 turris,
1522 1527 1658 1564 eadem

114 1595 309 1633 Caesarea
330 1592 383 1630 ab
398 1594 561 1631 Herode
584 1595 760 1632 condita.
824 1596 938 1637 Ovid.
957 1597 1115 1638 Heroid.
1137 1598 1205 1647 18,
1234 1596 1298 1637 12.
1326 1595 1374 1633 de
1390 1595 1476 1647 ipsa
1498 1593 1656 1645 Abydo:

106 1675 231 1715 quum
263 1652 427 1699 vinciela
456 1676 606 1712 prorae
642 1664 846 1710 Solveret,
879 1666 922 1701 in
944 1665 1117 1716 speculis
1138 1665 1267 1701 omnis
1284 1661 1460 1714 Abydus
1478 1670 1563 1700 erat
1580 1664 1603 1702 i.
1624 1675 1657 1702 e.

105 1731 144 1768 in
166 1729 354 1780 turribus,
393 1730 448 1767 uti
467 1735 627 1782 apparet
646 1745 667 1769 e
683 1732 781 1771 Stat.
806 1731 930 1772 Theb.
954 1735 994 1784 6,
1015 1730 1111 1773 546.
1181 1732 1329 1770 Contra
1349 1731 1658 1782 autemfiastra

104 1798 212 1836 sedet
239 1798 363 1834 anxia
392 1804 499 1834 turre
529 1813 716 1848 suprema
752 1801 903 1838 Sestias
933 1802 977 1838 in
1010 1800 1195 1851 speculis.
1257 1800 1359 1838 Hinc
1376 1799 1524 1836 urbium
1541 1799 1656 1837 simu-

105 1866 205 1905 lacra
222 1867 301 1903 fere
329 1865 463 1903 turrita
486 1865 523 1903 vi
542 1871 698 1915 suntur,
729 1874 772 1906 ut
792 1869 968 1907 observat
985 1869 1152 1907 Clericus
1169 1869 1194 1906 1.
1216 1869 1238 1907 l.
1255 1872 1294 1906 et
1311 1868 1419 1906 Cort.
1439 1868 1488 1905 ad
1508 1866 1654 1908 Lucan.

108 1934 155 1984 1,
181 1933 276 1973 188.
332 1934 454 1983 Quid,
489 1936 592 1983 quod
621 1934 797 1975 Lucanus
817 1938 866 1989 9,
897 1936 993 1979 954.
1020 1940 1067 1977 de
1086 1939 1143 1977 his
1164 1938 1257 1989 ipsis
1279 1936 1454 1974 urbibus:
1515 1935 1656 1973 Threi-

106 2003 268 2052 ciasque
301 2000 398 2052 legit
414 2001 568 2052 fauces
593 2011 630 2040 et
655 2018 791 2041 amore
809 2013 992 2043 notatum
1009 2008 1179 2058 Aequor
1211 2013 1249 2042 et
1271 2005 1413 2042 heroas
1436 2003 1657 2055 lacrymoso

107 2070 220 2106 litore
255 2076 392 2108 turres.
459 2069 703 2121 Quapropter
736 2073 846 2110 valde
892 2074 981 2111 mihi
1014 2074 1198 2125 probatur
1229 2072 1453 2111 Weicherti
1490 2072 1658 2110 sobrium

107 2138 211 2188 quod
243 2138 290 2174 de
317 2136 389 2174 hoc
424 2135 506 2173 loco
532 2137 622 2174 facit
645 2139 845 2188 judicium:
877 2142 994 2190 „Sed
1025 2142 1203 2191 quicquid
1226 2141 1326 2191 est4‘,
1350 2139 1474 2189 inquit
1492 2152 1528 2189 p.
1559 2140 1656 2190 380,

106 2206 174 2256 „id
205 2205 296 2243 mihi
321 2204 423 2243 omni
455 2209 670 2254 exemptum
693 2207 843 2245 videtur
873 2209 1129 2259 dubitatione,
1175 2208 1272 2259 plur.
1304 2207 1427 2246 Codd.
1460 2207 1659 2245 lectionem

107 2281 235 2310 turres
269 2273 376 2310 unice
408 2284 534 2310 veram
561 2276 600 2309 et
631 2273 678 2311 de
710 2275 822 2314 Sesto
862 2279 902 2314 et
929 2277 1068 2326 Abydo
1093 2276 1245 2314 urbibus
1271 2274 1533 2326 explicandam
1560 2288 1658 2327 esse,

106 2353 202 2391 quas
223 2341 334 2379 urbes
350 2340 464 2377 etiam
483 2353 506 2378 a
521 2339 677 2378 Lucano
698 2341 721 2380 l.
742 2357 776 2381 c.
799 2343 940 2381 heroas
956 2351 1083 2382 turres
1101 2344 1284 2395 appellari
1302 2345 1543 2383 manifestum
1559 2347 1658 2388 est.“

108 2409 236 2455 Quum
253 2409 370 2459 igitur
390 2407 572 2446 alterutra
589 2412 777 2449 sententia
793 2411 922 2449 lectori
947 2412 1076 2450 talium
1093 2425 1216 2450 rerum
1237 2412 1462 2462 intelligenti
1485 2413 1659 2465 eligenda

107 2477 304 2526 videatur,
339 2476 400 2514 vix
426 2488 565 2527 operae
593 2478 757 2528 pretium
786 2483 867 2531 est,
897 2480 989 2519 alias
1013 2481 1280 2532 explicationes
1304 2493 1508 2519 recensere.
1566 2482 1659 2522 Fert

109 2546 237 2580 tamen
263 2543 372 2593 hujus
400 2543 572 2581 editionis
604 2546 723 2596 ratio,
752 2552 796 2586 ut
813 2548 1006 2587 hominum
1026 2550 1064 2586 in
1084 2549 1200 2586 literis
1227 2549 1512 2599 conspicuorum
1531 2555 1656 2590 tenta-

109 2610 231 2659 mina,
267 2614 448 2659 quantum
486 2616 616 2662 potest
650 2614 750 2665 fieri,
787 2629 871 2654 cum
910 2617 1112 2656 lectoribus
1149 2617 1472 2655 communicemus.
1528 2620 1656 2666 Quare

110 2677 302 2727 cohibete,
330 2678 363 2715 si
392 2678 457 2728 qui
483 2680 573 2717 estis
590 2694 717 2721 morae
743 2684 1006 2736 impatienteS,
1043 2684 1317 2722 incommodam
1343 2689 1508 2725 vestram
1536 2689 1656 2728 accla-

110 2746 334 2783 mationem:
390 2746 496 2796 „ohe
535 2748 616 2798 jam
660 2753 754 2789 satis
800 2756 860 2790 est
870 2754 915 2790 “!
981 2753 1042 2792 Ne
1079 2752 1205 2803 plura!
1281 2753 1560 2802 Wakefieldus
1604 2759 1655 2796 ad

110 2812 230 2864 soph.
261 2812 398 2853 Trach.
432 2811 526 2855 274.
558 2817 616 2856 ed.
645 2818 728 2858 Erf.
755 2819 786 2861 I.
821 2835 860 2871 p.
879 2822 975 2863 220.
1020 2828 1146 2858 turres
1175 2820 1350 2871 intelligit
1375 2828 1525 2862 montes
1550 2826 1653 2866 laud.

110 2879 217 2931 Virg.
236 2880 307 2923 Ge.
327 2879 368 2931 4,
401 2881 511 2931 125.,
539 2883 816 2937 Haberfeldas
835 2889 912 2927 alta
928 2890 1039 2928 litora
1054 2889 1093 2926 in
1110 2902 1190 2927 rem
1207 2902 1314 2927 suam
1332 2891 1492 2930 afferens
1508 2892 1653 2932 Lucan.

111 2947 155 2998 9,
170 2948 281 3000 955„
307 2949 372 2999 qui
389 2947 492 2988 locus
509 2949 619 2990 aliam
637 2955 752 2995 modo
771 2956 915 2995 invenit
929 2958 1289 3011 interpretationem.
1339 2959 1422 2998 Fea
1449 2963 1654 3002 assentitur
