<?xml version="1.0" encoding="UTF-8"?>
<!DOCTYPE html PUBLIC "-//W3C//DTD XHTML 1.0 Transitional//EN"
    "http://www.w3.org/TR/xhtml1/DTD/xhtml1-transitional.dtd">
<html xmlns="http://www.w3.org/1999/xhtml" xml:lang="en" lang="en">
 <head>
  <title>
</title>
<meta http-equiv="Content-Type" content="text/html;charset=utf-8" />
  <meta name='ocr-system' content='tesseract 3.04.00' />
  <meta name='ocr-capabilities' content='ocr_page ocr_carea ocr_par ocr_line ocrx_word'/>
</head>
<body>
  <div class='ocr_page' id='page_1' title='image "./epistolascomment01horauoft_0424.png"; bbox 0 0 2028 3268; ppageno 0'>
   <div class='ocr_carea' id='block_1_1' title="bbox 424 278 1936 325">
    <p class='ocr_par' dir='ltr' id='par_1_1' title="bbox 424 278 1936 325">
     <span class='ocr_line' id='line_1_1' title="bbox 424 278 1936 325; baseline 0.004 -6"><span class='ocrx_word' id='word_1_1' title='bbox 424 278 506 320; x_wconf 84' lang='lat'><strong>402</strong></span> <span class='ocrx_word' id='word_1_2' title='bbox 709 280 980 320; x_wconf 88' lang='lat' dir='ltr'><strong>EXCURSUS</strong></span> <span class='ocrx_word' id='word_1_3' title='bbox 1010 278 1390 319; x_wconf 85' lang='lat' dir='ltr'><strong>GRAMMATICUS</strong></span> <span class='ocrx_word' id='word_1_4' title='bbox 1419 278 1486 318; x_wconf 90' lang='lat' dir='ltr'><strong>AD</strong></span> <span class='ocrx_word' id='word_1_5' title='bbox 1515 281 1560 319; x_wconf 92' lang='lat' dir='ltr'><strong>V.</strong></span> <span class='ocrx_word' id='word_1_6' title='bbox 1594 284 1657 324; x_wconf 89' lang='grc'><strong>18.</strong></span> <span class='ocrx_word' id='word_1_7' title='bbox 1855 285 1936 325; x_wconf 86' lang='grc'><strong>130</strong></span> 
     </span>
    </p>
   </div>
   <div class='ocr_carea' id='block_1_2' title="bbox 414 400 1934 2990">
    <p class='ocr_par' dir='ltr' id='par_1_2' title="bbox 414 400 1934 2990">
     <span class='ocr_line' id='line_1_2' title="bbox 426 400 1934 455; baseline 0.001 -14"><span class='ocrx_word' id='word_1_8' title='bbox 426 404 658 454; x_wconf 69' lang='lat' dir='ltr'><strong>exposuerit.</strong></span> <span class='ocrx_word' id='word_1_9' title='bbox 706 402 870 440; x_wconf 86' lang='lat' dir='ltr'><strong>Praeivit</strong></span> <span class='ocrx_word' id='word_1_10' title='bbox 894 402 1162 453; x_wconf 78' lang='lat' dir='ltr'><strong>Lafontanius</strong></span> <span class='ocrx_word' id='word_1_11' title='bbox 1187 403 1238 439; x_wconf 87' lang='lat' dir='ltr'><strong>ad</strong></span> <span class='ocrx_word' id='word_1_12' title='bbox 1265 400 1439 451; x_wconf 84' lang='lat' dir='ltr'><strong>Aeschyl.</strong></span> <span class='ocrx_word' id='word_1_13' title='bbox 1468 402 1497 439; x_wconf 92' lang='grc' dir='ltr'><strong>Ι.</strong></span> <span class='ocrx_word' id='word_1_14' title='bbox 1519 415 1557 453; x_wconf 90' lang='lat' dir='ltr'><strong>p.</strong></span> <span class='ocrx_word' id='word_1_15' title='bbox 1578 403 1715 444; x_wconf 87' lang='lat' dir='ltr'>XCVII</span> <span class='ocrx_word' id='word_1_16' title='bbox 1734 417 1792 455; x_wconf 86' lang='lat' dir='ltr'><strong>sq.</strong></span> <span class='ocrx_word' id='word_1_17' title='bbox 1855 406 1934 443; x_wconf 88' lang='lat' dir='ltr'><strong>Sed</strong></span> 
     </span>
     <span class='ocr_line' id='line_1_3' title="bbox 425 467 1934 521; baseline 0.001 -14"><span class='ocrx_word' id='word_1_18' title='bbox 425 472 620 508; x_wconf 79' lang='lat' dir='ltr'><strong>redeamus</strong></span> <span class='ocrx_word' id='word_1_19' title='bbox 649 471 697 507; x_wconf 92' lang='lat' dir='ltr'><strong>ad</strong></span> <span class='ocrx_word' id='word_1_20' title='bbox 725 482 804 506; x_wconf 92' lang='lat' dir='ltr'><strong>rem</strong></span> <span class='ocrx_word' id='word_1_21' title='bbox 828 470 1072 520; x_wconf 84' lang='lat' dir='ltr'><strong>propositam.</strong></span> <span class='ocrx_word' id='word_1_22' title='bbox 1127 467 1272 506; x_wconf 90' lang='lat' dir='ltr'><strong>Locum</strong></span> <span class='ocrx_word' id='word_1_23' title='bbox 1295 467 1559 518; x_wconf 81' lang='lat' dir='ltr'><strong>Horatianum,</strong></span> <span class='ocrx_word' id='word_1_24' title='bbox 1603 470 1724 508; x_wconf 87' lang='lat' dir='ltr'><strong>donec</strong></span> <span class='ocrx_word' id='word_1_25' title='bbox 1751 472 1934 521; x_wconf 82' lang='lat' dir='ltr'><strong>quispiam</strong></span> 
     </span>
     <span class='ocr_line' id='line_1_4' title="bbox 426 534 1931 588; baseline 0.001 -15"><span class='ocrx_word' id='word_1_26' title='bbox 426 536 496 573; x_wconf 91' lang='lat' dir='ltr'><strong>sibi</strong></span> <span class='ocrx_word' id='word_1_27' title='bbox 522 537 746 586; x_wconf 77' lang='lat' dir='ltr'><strong>persuadet,</strong></span> <span class='ocrx_word' id='word_1_28' title='bbox 789 534 1008 572; x_wconf 89' lang='lat' dir='ltr'><strong>vocabulum</strong></span> <span class='ocrx_word' id='word_1_29' title='bbox 1035 535 1135 572; x_wconf 84' lang='lat' dir='ltr'><strong>dono</strong></span> <span class='ocrx_word' id='word_1_30' title='bbox 1164 536 1211 572; x_wconf 91' lang='lat' dir='ltr'><strong>ad</strong></span> <span class='ocrx_word' id='word_1_31' title='bbox 1244 535 1400 572; x_wconf 90' lang='lat' dir='ltr'><strong>alteram</strong></span> <span class='ocrx_word' id='word_1_32' title='bbox 1428 537 1610 573; x_wconf 87' lang='lat' dir='ltr'><strong>enunciati</strong></span> <span class='ocrx_word' id='word_1_33' title='bbox 1638 541 1781 586; x_wconf 85' lang='lat' dir='ltr'><strong>partem</strong></span> <span class='ocrx_word' id='word_1_34' title='bbox 1815 538 1931 588; x_wconf 87' lang='lat' dir='ltr'><strong>perti-</strong></span> 
     </span>
     <span class='ocr_line' id='line_1_5' title="bbox 426 599 1931 653; baseline 0.001 -13"><span class='ocrx_word' id='word_1_35' title='bbox 426 615 529 650; x_wconf 82' lang='lat' dir='ltr'><strong>nere,</strong></span> <span class='ocrx_word' id='word_1_36' title='bbox 560 614 670 651; x_wconf 88' lang='lat' dir='ltr'><strong>quum</strong></span> <span class='ocrx_word' id='word_1_37' title='bbox 689 599 922 650; x_wconf 85' lang='lat' dir='ltr'><strong>Adjectivum</strong></span> <span class='ocrx_word' id='word_1_38' title='bbox 940 608 1103 638; x_wconf 74' lang='lat' dir='ltr'><strong>onustas</strong></span> <span class='ocrx_word' id='word_1_39' title='bbox 1130 601 1230 651; x_wconf 81' lang='lat' dir='ltr'><strong>nihil,</strong></span> <span class='ocrx_word' id='word_1_40' title='bbox 1260 602 1306 639; x_wconf 90' lang='lat' dir='ltr'><strong>ad</strong></span> <span class='ocrx_word' id='word_1_41' title='bbox 1335 603 1436 651; x_wconf 90' lang='lat' dir='ltr'><strong>quod</strong></span> <span class='ocrx_word' id='word_1_42' title='bbox 1463 603 1659 653; x_wconf 78' lang='lat' dir='ltr'><strong>referatur,</strong></span> <span class='ocrx_word' id='word_1_43' title='bbox 1687 602 1836 653; x_wconf 88' lang='lat' dir='ltr'><strong>habeat,</strong></span> <span class='ocrx_word' id='word_1_44' title='bbox 1864 617 1931 641; x_wconf 85' lang='lat' dir='ltr'><strong>suo</strong></span> 
     </span>
     <span class='ocr_line' id='line_1_6' title="bbox 424 668 1931 719; baseline 0.001 -13"><span class='ocrx_word' id='word_1_45' title='bbox 424 670 535 706; x_wconf 89' lang='lat' dir='ltr'><strong>nitori</strong></span> <span class='ocrx_word' id='word_1_46' title='bbox 566 669 730 705; x_wconf 89' lang='lat' dir='ltr'><strong>nondum</strong></span> <span class='ocrx_word' id='word_1_47' title='bbox 760 668 851 704; x_wconf 85' lang='lat' dir='ltr'><strong>satis</strong></span> <span class='ocrx_word' id='word_1_48' title='bbox 879 668 1088 705; x_wconf 81' lang='lat' dir='ltr'><strong>restituisse</strong></span> <span class='ocrx_word' id='word_1_49' title='bbox 1123 668 1207 705; x_wconf 90' lang='lat' dir='ltr'><strong>mihi</strong></span> <span class='ocrx_word' id='word_1_50' title='bbox 1244 669 1383 704; x_wconf 89' lang='lat' dir='ltr'><strong>videor.</strong></span> <span class='ocrx_word' id='word_1_51' title='bbox 1443 669 1682 719; x_wconf 84' lang='lat' dir='ltr'>Quapropter</span> <span class='ocrx_word' id='word_1_52' title='bbox 1709 669 1931 707; x_wconf 86' lang='lat' dir='ltr'><strong>Grammati—</strong></span> 
     </span>
     <span class='ocr_line' id='line_1_7' title="bbox 426 734 1931 787; baseline 0.001 -16"><span class='ocrx_word' id='word_1_53' title='bbox 426 748 552 772; x_wconf 87' lang='lat' dir='ltr'><strong>corum</strong></span> <span class='ocrx_word' id='word_1_54' title='bbox 587 735 705 772; x_wconf 87' lang='lat' dir='ltr'><strong>instar</strong></span> <span class='ocrx_word' id='word_1_55' title='bbox 741 734 867 782; x_wconf 81' lang='lat' dir='ltr'><strong>edico,</strong></span> <span class='ocrx_word' id='word_1_56' title='bbox 917 734 1074 771; x_wconf 66' lang='lat' dir='ltr'><strong>verbam</strong></span> <span class='ocrx_word' id='word_1_57' title='bbox 1110 734 1229 771; x_wconf 76' lang='lat' dir='ltr'><strong>semel</strong></span> <span class='ocrx_word' id='word_1_58' title='bbox 1249 734 1424 785; x_wconf 79' lang='lat' dir='ltr'><strong>positum</strong></span> <span class='ocrx_word' id='word_1_59' title='bbox 1451 748 1565 786; x_wconf 76' lang='lat' dir='ltr'><strong>saepe</strong></span> <span class='ocrx_word' id='word_1_60' title='bbox 1592 735 1650 774; x_wconf 70' lang='lat' dir='ltr'><strong>bis</strong></span> <span class='ocrx_word' id='word_1_61' title='bbox 1678 735 1931 787; x_wconf 80' lang='lat' dir='ltr'><strong>cogitandum</strong></span> 
     </span>
     <span class='ocr_line' id='line_1_8' title="bbox 425 801 1931 854; baseline 0.001 -17"><span class='ocrx_word' id='word_1_62' title='bbox 425 815 503 838; x_wconf 79' lang='lat' dir='ltr'><strong>esse</strong></span> <span class='ocrx_word' id='word_1_63' title='bbox 512 829 529 846; x_wconf 73' lang='grc'>,</span> <span class='ocrx_word' id='word_1_64' title='bbox 573 803 674 850; x_wconf 87' lang='lat' dir='ltr'><strong>quod</strong></span> <span class='ocrx_word' id='word_1_65' title='bbox 708 801 857 850; x_wconf 80' lang='lat' dir='ltr'><strong>quidem</strong></span> <span class='ocrx_word' id='word_1_66' title='bbox 892 805 1132 851; x_wconf 86' lang='lat' dir='ltr'><strong>praeceptum</strong></span> <span class='ocrx_word' id='word_1_67' title='bbox 1168 801 1225 839; x_wconf 86' lang='lat' dir='ltr'><strong>vel</strong></span> <span class='ocrx_word' id='word_1_68' title='bbox 1263 802 1471 851; x_wconf 88' lang='lat' dir='ltr'><strong>ignoratum</strong></span> <span class='ocrx_word' id='word_1_69' title='bbox 1499 805 1556 842; x_wconf 84' lang='lat' dir='ltr'><strong>vel</strong></span> <span class='ocrx_word' id='word_1_70' title='bbox 1585 803 1792 854; x_wconf 87' lang='lat' dir='ltr'><strong>neglectum</strong></span> <span class='ocrx_word' id='word_1_71' title='bbox 1816 801 1931 840; x_wconf 89' lang='lat' dir='ltr'><strong>multa</strong></span> 
     </span>
     <span class='ocr_line' id='line_1_9' title="bbox 424 867 1931 922; baseline 0.001 -17"><span class='ocrx_word' id='word_1_72' title='bbox 424 881 536 918; x_wconf 89' lang='lat' dir='ltr'><strong>saepe</strong></span> <span class='ocrx_word' id='word_1_73' title='bbox 565 867 828 918; x_wconf 83' lang='lat' dir='ltr'><strong>interpretibus</strong></span> <span class='ocrx_word' id='word_1_74' title='bbox 864 880 1086 917; x_wconf 83' lang='lat' dir='ltr'><strong>procreasse</strong></span> <span class='ocrx_word' id='word_1_75' title='bbox 1112 870 1347 906; x_wconf 91' lang='lat' dir='ltr'><strong>incommoda</strong></span> <span class='ocrx_word' id='word_1_76' title='bbox 1383 870 1572 909; x_wconf 87' lang='lat' dir='ltr'><strong>docebunt</strong></span> <span class='ocrx_word' id='word_1_77' title='bbox 1605 884 1700 922; x_wconf 88' lang='lat' dir='ltr'><strong>quae</strong></span> <span class='ocrx_word' id='word_1_78' title='bbox 1727 874 1931 920; x_wconf 82' lang='lat' dir='ltr'><strong>sequuntur</strong></span> 
     </span>
     <span class='ocr_line' id='line_1_10' title="bbox 424 933 1930 987; baseline -0.001 -15"><span class='ocrx_word' id='word_1_79' title='bbox 424 933 604 984; x_wconf 86' lang='lat' dir='ltr'><strong>exempla.</strong></span> <span class='ocrx_word' id='word_1_80' title='bbox 662 934 703 970; x_wconf 92' lang='lat' dir='ltr'><strong>In</strong></span> <span class='ocrx_word' id='word_1_81' title='bbox 733 935 804 971; x_wconf 91' lang='lat' dir='ltr'><strong>hoc</strong></span> <span class='ocrx_word' id='word_1_82' title='bbox 840 933 924 971; x_wconf 93' lang='lat' dir='ltr'><strong>loco</strong></span> <span class='ocrx_word' id='word_1_83' title='bbox 956 947 1036 971; x_wconf 90' lang='lat' dir='ltr'><strong>rem</strong></span> <span class='ocrx_word' id='word_1_84' title='bbox 1074 934 1170 972; x_wconf 87' lang='lat' dir='ltr'><strong>bene</strong></span> <span class='ocrx_word' id='word_1_85' title='bbox 1211 937 1384 975; x_wconf 85' lang='lat' dir='ltr'><strong>enodavit</strong></span> <span class='ocrx_word' id='word_1_86' title='bbox 1426 937 1616 987; x_wconf 73' lang='lat' dir='ltr'><strong>Orellius,</strong></span> <span class='ocrx_word' id='word_1_87' title='bbox 1661 950 1775 987; x_wconf 90' lang='lat' dir='ltr'><strong>quum</strong></span> <span class='ocrx_word' id='word_1_88' title='bbox 1809 933 1930 972; x_wconf 88' lang='lat' dir='ltr'><strong>verbis</strong></span> 
     </span>
     <span class='ocr_line' id='line_1_11' title="bbox 422 1000 1932 1051; baseline 0.001 -14"><span class='ocrx_word' id='word_1_89' title='bbox 422 1013 536 1051; x_wconf 89' lang='lat' dir='ltr'><strong>supra</strong></span> <span class='ocrx_word' id='word_1_90' title='bbox 558 1000 717 1037; x_wconf 85' lang='lat' dir='ltr'><strong>laudatis</strong></span> <span class='ocrx_word' id='word_1_91' title='bbox 746 1002 921 1039; x_wconf 82' lang='lat' dir='ltr'><strong>adderet:</strong></span> <span class='ocrx_word' id='word_1_92' title='bbox 970 1014 1120 1050; x_wconf 78' lang='lat' dir='ltr'><strong>„quam</strong></span> <span class='ocrx_word' id='word_1_93' title='bbox 1148 1003 1179 1039; x_wconf 88' lang='lat' dir='ltr'><strong>si</strong></span> <span class='ocrx_word' id='word_1_94' title='bbox 1213 1005 1346 1042; x_wconf 85' lang='lat' dir='ltr'><strong>eodem</strong></span> <span class='ocrx_word' id='word_1_95' title='bbox 1377 1009 1532 1042; x_wconf 88' lang='lat' dir='ltr'><strong>onustus</strong></span> <span class='ocrx_word' id='word_1_96' title='bbox 1563 1006 1711 1043; x_wconf 89' lang='lat' dir='ltr'><strong>domum</strong></span> <span class='ocrx_word' id='word_1_97' title='bbox 1739 1002 1932 1040; x_wconf 77' lang='lat' dir='ltr'><strong>rediret.“</strong></span> 
     </span>
     <span class='ocr_line' id='line_1_12' title="bbox 420 1064 1930 1122; baseline 0.001 -17"><span class='ocrx_word' id='word_1_98' title='bbox 420 1068 526 1105; x_wconf 87' lang='lat' dir='ltr'><strong>Idem</strong></span> <span class='ocrx_word' id='word_1_99' title='bbox 551 1068 599 1104; x_wconf 91' lang='lat' dir='ltr'><strong>ad</strong></span> <span class='ocrx_word' id='word_1_100' title='bbox 627 1081 661 1103; x_wconf 91' lang='lat' dir='ltr'><strong>v.</strong></span> <span class='ocrx_word' id='word_1_101' title='bbox 685 1064 752 1109; x_wconf 84' lang='lat'><strong>42.</strong></span> <span class='ocrx_word' id='word_1_102' title='bbox 791 1069 920 1119; x_wconf 76' lang='lat' dir='ltr'><strong>magis</strong></span> <span class='ocrx_word' id='word_1_103' title='bbox 948 1075 1045 1117; x_wconf 76' lang='lat' dir='ltr'><strong>apta</strong></span> <span class='ocrx_word' id='word_1_104' title='bbox 1072 1067 1145 1104; x_wconf 86' lang='lat' dir='ltr'><strong>tibi</strong></span> <span class='ocrx_word' id='word_1_105' title='bbox 1172 1076 1241 1106; x_wconf 73' lang='lat' dir='ltr'><strong>ma</strong></span> <span class='ocrx_word' id='word_1_106' title='bbox 1270 1070 1374 1107; x_wconf 81' lang='lat' dir='ltr'><strong>dona</strong></span> <span class='ocrx_word' id='word_1_107' title='bbox 1406 1071 1628 1122; x_wconf 77' lang='lat' dir='ltr'><strong>relinquam</strong></span> <span class='ocrx_word' id='word_1_108' title='bbox 1659 1075 1761 1108; x_wconf 89' lang='lat' dir='ltr'><strong>recte</strong></span> <span class='ocrx_word' id='word_1_109' title='bbox 1800 1069 1930 1107; x_wconf 89' lang='lat' dir='ltr'><strong>obser-</strong></span> 
     </span>
     <span class='ocr_line' id='line_1_13' title="bbox 421 1134 1930 1189; baseline 0.001 -17"><span class='ocrx_word' id='word_1_110' title='bbox 421 1135 534 1183; x_wconf 82' lang='lat' dir='ltr'><strong>vavit,</strong></span> <span class='ocrx_word' id='word_1_111' title='bbox 565 1134 777 1171; x_wconf 88' lang='lat' dir='ltr'><strong>Pronomen</strong></span> <span class='ocrx_word' id='word_1_112' title='bbox 798 1134 870 1170; x_wconf 80' lang='lat' dir='ltr'><strong>tibi</strong></span> <span class='ocrx_word' id='word_1_113' title='bbox 892 1139 930 1172; x_wconf 87' lang='lat' dir='ltr'><strong>et</strong></span> <span class='ocrx_word' id='word_1_114' title='bbox 958 1135 1005 1172; x_wconf 88' lang='lat' dir='ltr'><strong>ad</strong></span> <span class='ocrx_word' id='word_1_115' title='bbox 1035 1148 1068 1172; x_wconf 90' lang='lat' dir='ltr'><strong>v.</strong></span> <span class='ocrx_word' id='word_1_116' title='bbox 1091 1142 1188 1185; x_wconf 81' lang='lat' dir='ltr'><strong>apta</strong></span> <span class='ocrx_word' id='word_1_117' title='bbox 1213 1141 1251 1173; x_wconf 92' lang='lat' dir='ltr'><strong>et</strong></span> <span class='ocrx_word' id='word_1_118' title='bbox 1276 1138 1323 1174; x_wconf 88' lang='lat' dir='ltr'><strong>ad</strong></span> <span class='ocrx_word' id='word_1_119' title='bbox 1343 1149 1377 1173; x_wconf 90' lang='lat' dir='ltr'><strong>v.</strong></span> <span class='ocrx_word' id='word_1_120' title='bbox 1400 1138 1621 1189; x_wconf 72' lang='lat' dir='ltr'><strong>relinquam</strong></span> <span class='ocrx_word' id='word_1_121' title='bbox 1640 1139 1781 1178; x_wconf 85' lang='lat' dir='ltr'><strong>referri.</strong></span> <span class='ocrx_word' id='word_1_122' title='bbox 1817 1137 1930 1174; x_wconf 88' lang='lat' dir='ltr'><strong>Com-</strong></span> 
     </span>
     <span class='ocr_line' id='line_1_14' title="bbox 419 1202 1931 1255; baseline -0.001 -16"><span class='ocrx_word' id='word_1_123' title='bbox 419 1202 543 1253; x_wconf 81' lang='lat' dir='ltr'><strong>parari</strong></span> <span class='ocrx_word' id='word_1_124' title='bbox 570 1205 698 1251; x_wconf 86' lang='lat' dir='ltr'><strong>potest</strong></span> <span class='ocrx_word' id='word_1_125' title='bbox 727 1202 855 1238; x_wconf 88' lang='lat' dir='ltr'><strong>similis</strong></span> <span class='ocrx_word' id='word_1_126' title='bbox 885 1202 1082 1239; x_wconf 88' lang='lat' dir='ltr'><strong>verborum</strong></span> <span class='ocrx_word' id='word_1_127' title='bbox 1111 1205 1328 1254; x_wconf 88' lang='lat' dir='ltr'><strong>compositio</strong></span> <span class='ocrx_word' id='word_1_128' title='bbox 1351 1216 1411 1254; x_wconf 88' lang='lat' dir='ltr'><strong>ap.</strong></span> <span class='ocrx_word' id='word_1_129' title='bbox 1441 1204 1525 1242; x_wconf 93' lang='lat' dir='ltr'><strong>Tib.</strong></span> <span class='ocrx_word' id='word_1_130' title='bbox 1552 1209 1590 1255; x_wconf 89' lang='grc'><strong>1,</strong></span> <span class='ocrx_word' id='word_1_131' title='bbox 1620 1207 1660 1255; x_wconf 92' lang='grc'><strong>2,</strong></span> <span class='ocrx_word' id='word_1_132' title='bbox 1688 1204 1756 1242; x_wconf 87' lang='lat'><strong>99.</strong></span> <span class='ocrx_word' id='word_1_133' title='bbox 1819 1203 1931 1240; x_wconf 87' lang='lat' dir='ltr'><strong>Sem-</strong></span> 
     </span>
     <span class='ocr_line' id='line_1_15' title="bbox 414 1267 1932 1320; baseline 0.002 -17"><span class='ocrx_word' id='word_1_134' title='bbox 414 1283 488 1318; x_wconf 79' lang='lat' dir='ltr'><strong>per</strong></span> <span class='ocrx_word' id='word_1_135' title='bbox 517 1267 589 1304; x_wconf 83' lang='lat' dir='ltr'><strong>tibi</strong></span> <span class='ocrx_word' id='word_1_136' title='bbox 626 1267 759 1304; x_wconf 78' lang='lat' dir='ltr'><strong>dedita</strong></span> <span class='ocrx_word' id='word_1_137' title='bbox 786 1271 906 1305; x_wconf 73' lang='lat' dir='ltr'><strong>servit</strong></span> <span class='ocrx_word' id='word_1_138' title='bbox 933 1271 1052 1306; x_wconf 82' lang='lat' dir='ltr'><strong>Mens</strong></span> <span class='ocrx_word' id='word_1_139' title='bbox 1079 1282 1176 1305; x_wconf 85' lang='lat' dir='ltr'><strong>mea.</strong></span> <span class='ocrx_word' id='word_1_140' title='bbox 1234 1269 1336 1308; x_wconf 93' lang='lat' dir='ltr'><strong>Nolo</strong></span> <span class='ocrx_word' id='word_1_141' title='bbox 1366 1274 1493 1308; x_wconf 90' lang='lat' dir='ltr'><strong>tamen</strong></span> <span class='ocrx_word' id='word_1_142' title='bbox 1520 1272 1592 1309; x_wconf 91' lang='lat' dir='ltr'><strong>huc</strong></span> <span class='ocrx_word' id='word_1_143' title='bbox 1620 1271 1784 1320; x_wconf 85' lang='lat' dir='ltr'><strong>referre,</strong></span> <span class='ocrx_word' id='word_1_144' title='bbox 1823 1269 1932 1320; x_wconf 44' lang='lat' dir='ltr'><strong>‚quod</strong></span> 
     </span>
     <span class='ocr_line' id='line_1_16' title="bbox 419 1335 1930 1387; baseline 0 -15"><span class='ocrx_word' id='word_1_145' title='bbox 419 1336 567 1385; x_wconf 85' lang='lat' dir='ltr'><strong>quidem</strong></span> <span class='ocrx_word' id='word_1_146' title='bbox 595 1335 684 1372; x_wconf 84' lang='lat' dir='ltr'><strong>fecit</strong></span> <span class='ocrx_word' id='word_1_147' title='bbox 711 1335 985 1385; x_wconf 77' lang='lat' dir='ltr'><strong>Heindorjins,</strong></span> <span class='ocrx_word' id='word_1_148' title='bbox 1014 1337 1095 1373; x_wconf 88' lang='lat' dir='ltr'><strong>Sat.</strong></span> <span class='ocrx_word' id='word_1_149' title='bbox 1124 1337 1172 1385; x_wconf 88' lang='grc'><strong>2,</strong></span> <span class='ocrx_word' id='word_1_150' title='bbox 1197 1335 1248 1383; x_wconf 84' lang='grc'><strong>3,</strong></span> <span class='ocrx_word' id='word_1_151' title='bbox 1277 1335 1317 1374; x_wconf 85' lang='grc'><strong>3.</strong></span> <span class='ocrx_word' id='word_1_152' title='bbox 1376 1337 1433 1374; x_wconf 84' lang='lat' dir='ltr'><strong>Ita</strong></span> <span class='ocrx_word' id='word_1_153' title='bbox 1458 1350 1492 1374; x_wconf 93' lang='lat' dir='ltr'><strong>v.</strong></span> <span class='ocrx_word' id='word_1_154' title='bbox 1521 1338 1588 1379; x_wconf 86' lang='lat'><strong>91.</strong></span> <span class='ocrx_word' id='word_1_155' title='bbox 1619 1352 1654 1376; x_wconf 89' lang='lat' dir='ltr'><strong>v.</strong></span> <span class='ocrx_word' id='word_1_156' title='bbox 1678 1339 1795 1375; x_wconf 74' lang='lat' dir='ltr'><strong>nimis</strong></span> <span class='ocrx_word' id='word_1_157' title='bbox 1819 1337 1868 1387; x_wconf 83' lang='lat' dir='ltr'><strong>ad</strong></span> <span class='ocrx_word' id='word_1_158' title='bbox 1897 1348 1930 1373; x_wconf 91' lang='lat' dir='ltr'><strong>v.</strong></span> 
     </span>
     <span class='ocr_line' id='line_1_17' title="bbox 418 1401 1932 1455; baseline 0.002 -16"><span class='ocrx_word' id='word_1_159' title='bbox 418 1402 542 1439; x_wconf 75' lang='lat' dir='ltr'><strong>durus</strong></span> <span class='ocrx_word' id='word_1_160' title='bbox 571 1408 608 1440; x_wconf 89' lang='lat' dir='ltr'><strong>et</strong></span> <span class='ocrx_word' id='word_1_161' title='bbox 639 1409 811 1440; x_wconf 76' lang='lat' dir='ltr'><strong>attentus</strong></span> <span class='ocrx_word' id='word_1_162' title='bbox 839 1405 1014 1454; x_wconf 88' lang='lat' dir='ltr'><strong>pertinet.</strong></span> <span class='ocrx_word' id='word_1_163' title='bbox 1073 1401 1216 1439; x_wconf 88' lang='lat' dir='ltr'><strong>Eadem</strong></span> <span class='ocrx_word' id='word_1_164' title='bbox 1242 1403 1337 1440; x_wconf 88' lang='lat' dir='ltr'><strong>ratio</strong></span> <span class='ocrx_word' id='word_1_165' title='bbox 1366 1409 1424 1442; x_wconf 85' lang='lat' dir='ltr'><strong>est</strong></span> <span class='ocrx_word' id='word_1_166' title='bbox 1447 1406 1485 1442; x_wconf 90' lang='lat' dir='ltr'><strong>in</strong></span> <span class='ocrx_word' id='word_1_167' title='bbox 1516 1406 1589 1443; x_wconf 89' lang='lat' dir='ltr'><strong>Od.</strong></span> <span class='ocrx_word' id='word_1_168' title='bbox 1620 1408 1667 1455; x_wconf 89' lang='grc'><strong>2,</strong></span> <span class='ocrx_word' id='word_1_169' title='bbox 1698 1405 1772 1454; x_wconf 85' lang='grc'>17,</span> <span class='ocrx_word' id='word_1_170' title='bbox 1802 1402 1868 1445; x_wconf 84' lang='grc'><strong>23.</strong></span> <span class='ocrx_word' id='word_1_171' title='bbox 1897 1408 1932 1438; x_wconf 81' lang='lat' dir='ltr'><strong>te</strong></span> 
     </span>
     <span class='ocr_line' id='line_1_18' title="bbox 418 1468 1930 1523; baseline 0.001 -18"><span class='ocrx_word' id='word_1_172' title='bbox 418 1470 528 1507; x_wconf 73' lang='lat' dir='ltr'><strong>Jovis</strong></span> <span class='ocrx_word' id='word_1_173' title='bbox 566 1470 685 1519; x_wconf 83' lang='lat' dir='ltr'><strong>impio</strong></span> <span class='ocrx_word' id='word_1_174' title='bbox 727 1468 848 1505; x_wconf 81' lang='lat' dir='ltr'><strong>tutela</strong></span> <span class='ocrx_word' id='word_1_175' title='bbox 875 1470 1057 1523; x_wconf 19' lang='lat' dir='ltr'><strong>‘Saturno</strong></span> <span class='ocrx_word' id='word_1_176' title='bbox 1094 1469 1295 1520; x_wconf 76' lang='lat' dir='ltr'><strong>refulgens</strong></span> <span class='ocrx_word' id='word_1_177' title='bbox 1333 1473 1502 1521; x_wconf 81' lang='lat' dir='ltr'><strong>eripuit,</strong></span> <span class='ocrx_word' id='word_1_178' title='bbox 1549 1473 1573 1509; x_wconf 90' lang='lat' dir='ltr'><strong>i.</strong></span> <span class='ocrx_word' id='word_1_179' title='bbox 1603 1486 1635 1510; x_wconf 90' lang='lat' dir='ltr'><strong>e.</strong></span> <span class='ocrx_word' id='word_1_180' title='bbox 1661 1471 1821 1510; x_wconf 86' lang='lat' dir='ltr'><strong>Saturno</strong></span> <span class='ocrx_word' id='word_1_181' title='bbox 1860 1469 1930 1507; x_wconf 84' lang='lat' dir='ltr'><strong>ref.</strong></span> 
     </span>
     <span class='ocr_line' id='line_1_19' title="bbox 419 1536 1931 1587; baseline -0.001 -13"><span class='ocrx_word' id='word_1_182' title='bbox 419 1537 512 1586; x_wconf 87' lang='lat' dir='ltr'><strong>erip.</strong></span> <span class='ocrx_word' id='word_1_183' title='bbox 543 1536 730 1583; x_wconf 75' lang='lat' dir='ltr'><strong>Saturn03</strong></span> <span class='ocrx_word' id='word_1_184' title='bbox 754 1537 850 1574; x_wconf 89' lang='lat' dir='ltr'><strong>adde</strong></span> <span class='ocrx_word' id='word_1_185' title='bbox 881 1537 956 1577; x_wconf 83' lang='lat' dir='ltr'><strong>Od.</strong></span> <span class='ocrx_word' id='word_1_186' title='bbox 981 1536 1022 1586; x_wconf 86' lang='lat'><strong>3,</strong></span> <span class='ocrx_word' id='word_1_187' title='bbox 1053 1536 1120 1584; x_wconf 82' lang='lat'><strong>23,</strong></span> <span class='ocrx_word' id='word_1_188' title='bbox 1149 1536 1213 1577; x_wconf 88' lang='grc'><strong>15.</strong></span> <span class='ocrx_word' id='word_1_189' title='bbox 1273 1537 1318 1573; x_wconf 87' lang='lat' dir='ltr'><strong>C.</strong></span> <span class='ocrx_word' id='word_1_190' title='bbox 1349 1538 1389 1574; x_wconf 92' lang='lat' dir='ltr'><strong>S.</strong></span> <span class='ocrx_word' id='word_1_191' title='bbox 1419 1539 1486 1579; x_wconf 87' lang='grc'><strong>31.</strong></span> <span class='ocrx_word' id='word_1_192' title='bbox 1518 1538 1583 1579; x_wconf 83' lang='grc'><strong>55.</strong></span> <span class='ocrx_word' id='word_1_193' title='bbox 1612 1537 1679 1579; x_wconf 81' lang='lat'><strong>56.</strong></span> <span class='ocrx_word' id='word_1_194' title='bbox 1737 1538 1798 1574; x_wconf 90' lang='lat' dir='ltr'><strong>Sic</strong></span> <span class='ocrx_word' id='word_1_195' title='bbox 1827 1536 1931 1587; x_wconf 87' lang='lat' dir='ltr'><strong>cogi—</strong></span> 
     </span>
     <span class='ocr_line' id='line_1_20' title="bbox 418 1591 1932 1653; baseline -0.001 -13"><span class='ocrx_word' id='word_1_196' title='bbox 418 1605 557 1641; x_wconf 88' lang='lat' dir='ltr'><strong>tatione</strong></span> <span class='ocrx_word' id='word_1_197' title='bbox 587 1607 737 1653; x_wconf 84' lang='lat' dir='ltr'><strong>repetas</strong></span> <span class='ocrx_word' id='word_1_198' title='bbox 768 1616 839 1640; x_wconf 84' lang='lat' dir='ltr'><strong>neo</strong></span> <span class='ocrx_word' id='word_1_199' title='bbox 869 1604 943 1641; x_wconf 90' lang='lat' dir='ltr'><strong>Od.</strong></span> <span class='ocrx_word' id='word_1_200' title='bbox 975 1606 1022 1652; x_wconf 88' lang='lat'><strong>1,</strong></span> <span class='ocrx_word' id='word_1_201' title='bbox 1054 1591 1148 1652; x_wconf 66' lang='lat'><strong>13„</strong></span> <span class='ocrx_word' id='word_1_202' title='bbox 1170 1604 1234 1643; x_wconf 86' lang='lat'><strong>18.</strong></span> <span class='ocrx_word' id='word_1_203' title='bbox 1267 1616 1336 1641; x_wconf 81' lang='lat' dir='ltr'><strong>nec</strong></span> <span class='ocrx_word' id='word_1_204' title='bbox 1364 1605 1482 1643; x_wconf 71' lang='lat' dir='ltr'><strong>malis</strong></span> <span class='ocrx_word' id='word_1_205' title='bbox 1510 1604 1707 1642; x_wconf 76' lang='lat' dir='ltr'><strong>Divulsus</strong></span> <span class='ocrx_word' id='word_1_206' title='bbox 1735 1625 1791 1633; x_wconf 81' lang='lat'><strong>—·</strong></span> <span class='ocrx_word' id='word_1_207' title='bbox 1817 1604 1932 1641; x_wconf 65' lang='lat' dir='ltr'><strong>eitius</strong></span> 
     </span>
     <span class='ocr_line' id='line_1_21' title="bbox 417 1669 1930 1722; baseline 0.001 -17"><span class='ocrx_word' id='word_1_208' title='bbox 417 1669 563 1715; x_wconf 71' lang='lat' dir='ltr'><strong>solvet,</strong></span> <span class='ocrx_word' id='word_1_209' title='bbox 611 1669 675 1706; x_wconf 89' lang='lat' dir='ltr'><strong>ubi</strong></span> <span class='ocrx_word' id='word_1_210' title='bbox 699 1671 961 1719; x_wconf 84' lang='lat' dir='ltr'><strong>sagacissimus</strong></span> <span class='ocrx_word' id='word_1_211' title='bbox 988 1669 1288 1720; x_wconf 77' lang='lat' dir='ltr'><strong>Peerlkampius</strong></span> <span class='ocrx_word' id='word_1_212' title='bbox 1316 1673 1453 1709; x_wconf 88' lang='lat' dir='ltr'><strong>omissa</strong></span> <span class='ocrx_word' id='word_1_213' title='bbox 1474 1673 1511 1710; x_wconf 91' lang='lat' dir='ltr'><strong>in</strong></span> <span class='ocrx_word' id='word_1_214' title='bbox 1539 1673 1657 1710; x_wconf 87' lang='lat' dir='ltr'><strong>altera</strong></span> <span class='ocrx_word' id='word_1_215' title='bbox 1681 1675 1788 1722; x_wconf 88' lang='lat' dir='ltr'><strong>parte</strong></span> <span class='ocrx_word' id='word_1_216' title='bbox 1816 1682 1930 1708; x_wconf 88' lang='lat' dir='ltr'><strong>enun-</strong></span> 
     </span>
     <span class='ocr_line' id='line_1_22' title="bbox 419 1735 1932 1787; baseline 0.001 -14"><span class='ocrx_word' id='word_1_217' title='bbox 419 1738 503 1774; x_wconf 89' lang='lat' dir='ltr'><strong>ciati</strong></span> <span class='ocrx_word' id='word_1_218' title='bbox 528 1737 727 1785; x_wconf 84' lang='lat' dir='ltr'><strong>negatione</strong></span> <span class='ocrx_word' id='word_1_219' title='bbox 755 1736 920 1773; x_wconf 86' lang='lat' dir='ltr'><strong>offensus</strong></span> <span class='ocrx_word' id='word_1_220' title='bbox 948 1735 1058 1773; x_wconf 86' lang='lat' dir='ltr'><strong>scribi</strong></span> <span class='ocrx_word' id='word_1_221' title='bbox 1082 1735 1190 1784; x_wconf 88' lang='lat' dir='ltr'><strong>jubet</strong></span> <span class='ocrx_word' id='word_1_222' title='bbox 1216 1735 1332 1772; x_wconf 79' lang='lat' dir='ltr'><strong>haud</strong></span> <span class='ocrx_word' id='word_1_223' title='bbox 1357 1739 1490 1787; x_wconf 78' lang='lat' dir='ltr'><strong>citius,</strong></span> <span class='ocrx_word' id='word_1_224' title='bbox 1517 1740 1584 1776; x_wconf 88' lang='lat' dir='ltr'><strong>sed</strong></span> <span class='ocrx_word' id='word_1_225' title='bbox 1614 1751 1738 1776; x_wconf 87' lang='lat' dir='ltr'><strong>verum</strong></span> <span class='ocrx_word' id='word_1_226' title='bbox 1762 1737 1813 1775; x_wconf 91' lang='lat' dir='ltr'><strong>ibi</strong></span> <span class='ocrx_word' id='word_1_227' title='bbox 1841 1737 1932 1775; x_wconf 89' lang='lat' dir='ltr'><strong>vidit</strong></span> 
     </span>
     <span class='ocr_line' id='line_1_23' title="bbox 418 1801 1927 1854; baseline -0.001 -15"><span class='ocrx_word' id='word_1_228' title='bbox 418 1801 756 1839; x_wconf 73' lang='lat' dir='ltr'><strong>Mitsclzerliclzius</strong></span> <span class='ocrx_word' id='word_1_229' title='bbox 765 1829 782 1847; x_wconf 79' lang='lat'><strong>,</strong></span> <span class='ocrx_word' id='word_1_230' title='bbox 827 1804 1026 1839; x_wconf 87' lang='lat' dir='ltr'><strong>acerrimus</strong></span> <span class='ocrx_word' id='word_1_231' title='bbox 1055 1802 1284 1851; x_wconf 88' lang='lat' dir='ltr'><strong>poeticarum</strong></span> <span class='ocrx_word' id='word_1_232' title='bbox 1309 1802 1495 1842; x_wconf 80' lang='lat' dir='ltr'><strong>venerum</strong></span> <span class='ocrx_word' id='word_1_233' title='bbox 1523 1805 1719 1854; x_wconf 85' lang='lat' dir='ltr'><strong>indagator</strong></span> <span class='ocrx_word' id='word_1_234' title='bbox 1747 1808 1785 1842; x_wconf 89' lang='lat' dir='ltr'><strong>et</strong></span> <span class='ocrx_word' id='word_1_235' title='bbox 1802 1805 1927 1851; x_wconf 78' lang='lat' dir='ltr'><strong>judex.</strong></span> 
     </span>
     <span class='ocr_line' id='line_1_24' title="bbox 417 1868 1930 1918; baseline -0.002 -11"><span class='ocrx_word' id='word_1_236' title='bbox 417 1870 519 1907; x_wconf 87' lang='lat' dir='ltr'><strong>Idem</strong></span> <span class='ocrx_word' id='word_1_237' title='bbox 541 1868 841 1918; x_wconf 75' lang='lat' dir='ltr'><strong>Peerlkampias</strong></span> <span class='ocrx_word' id='word_1_238' title='bbox 861 1869 936 1906; x_wconf 92' lang='lat' dir='ltr'><strong>Od.</strong></span> <span class='ocrx_word' id='word_1_239' title='bbox 959 1871 998 1918; x_wconf 83' lang='lat'><strong>2,</strong></span> <span class='ocrx_word' id='word_1_240' title='bbox 1022 1869 1062 1916; x_wconf 88' lang='grc'>6,</span> <span class='ocrx_word' id='word_1_241' title='bbox 1087 1870 1126 1908; x_wconf 91' lang='grc'><strong>7.</strong></span> <span class='ocrx_word' id='word_1_242' title='bbox 1187 1869 1250 1905; x_wconf 81' lang='lat' dir='ltr'><strong>Sit</strong></span> <span class='ocrx_word' id='word_1_243' title='bbox 1276 1869 1414 1906; x_wconf 73' lang='lat' dir='ltr'><strong>modas</strong></span> <span class='ocrx_word' id='word_1_244' title='bbox 1437 1869 1542 1906; x_wconf 76' lang='lat' dir='ltr'><strong>lasso</strong></span> <span class='ocrx_word' id='word_1_245' title='bbox 1569 1870 1690 1906; x_wconf 68' lang='lat' dir='ltr'><strong>maris</strong></span> <span class='ocrx_word' id='word_1_246' title='bbox 1714 1875 1751 1904; x_wconf 86' lang='lat' dir='ltr'><strong>et</strong></span> <span class='ocrx_word' id='word_1_247' title='bbox 1774 1868 1930 1905; x_wconf 69' lang='lat' dir='ltr'><strong>viarum</strong></span> 
     </span>
     <span class='ocr_line' id='line_1_25' title="bbox 418 1935 1930 1986; baseline -0.002 -13"><span class='ocrx_word' id='word_1_248' title='bbox 418 1937 465 1974; x_wconf 90' lang='lat' dir='ltr'><strong>de</strong></span> <span class='ocrx_word' id='word_1_249' title='bbox 495 1935 734 1986; x_wconf 84' lang='lat' dir='ltr'><strong>ambiguitate</strong></span> <span class='ocrx_word' id='word_1_250' title='bbox 766 1936 877 1985; x_wconf 79' lang='lat' dir='ltr'><strong>dicit,</strong></span> <span class='ocrx_word' id='word_1_251' title='bbox 905 1940 1076 1973; x_wconf 88' lang='lat' dir='ltr'><strong>utrumne</strong></span> <span class='ocrx_word' id='word_1_252' title='bbox 1105 1935 1244 1971; x_wconf 81' lang='lat' dir='ltr'><strong>modus</strong></span> <span class='ocrx_word' id='word_1_253' title='bbox 1273 1937 1429 1972; x_wconf 72' lang='lat' dir='ltr'><strong>viarum</strong></span> <span class='ocrx_word' id='word_1_254' title='bbox 1458 1949 1505 1972; x_wconf 87' lang='lat' dir='ltr'><strong>an</strong></span> <span class='ocrx_word' id='word_1_255' title='bbox 1533 1935 1635 1971; x_wconf 77' lang='lat' dir='ltr'><strong>lasso</strong></span> <span class='ocrx_word' id='word_1_256' title='bbox 1664 1936 1820 1971; x_wconf 71' lang='lat' dir='ltr'><strong>viarum</strong></span> <span class='ocrx_word' id='word_1_257' title='bbox 1843 1935 1930 1983; x_wconf 87' lang='lat' dir='ltr'><strong>jun-</strong></span> 
     </span>
     <span class='ocr_line' id='line_1_26' title="bbox 419 2001 1931 2054; baseline -0.001 -14"><span class='ocrx_word' id='word_1_258' title='bbox 419 2005 543 2054; x_wconf 86' lang='lat' dir='ltr'><strong>genda</strong></span> <span class='ocrx_word' id='word_1_259' title='bbox 573 2003 669 2050; x_wconf 78' lang='lat' dir='ltr'><strong>sint,</strong></span> <span class='ocrx_word' id='word_1_260' title='bbox 718 2001 913 2039; x_wconf 82' lang='lat' dir='ltr'><strong>Genitivos</strong></span> <span class='ocrx_word' id='word_1_261' title='bbox 948 2005 1073 2039; x_wconf 88' lang='lat' dir='ltr'><strong>autem</strong></span> <span class='ocrx_word' id='word_1_262' title='bbox 1100 2001 1148 2038; x_wconf 92' lang='lat' dir='ltr'><strong>ad</strong></span> <span class='ocrx_word' id='word_1_263' title='bbox 1181 2004 1375 2052; x_wconf 87' lang='lat' dir='ltr'><strong>utrumque</strong></span> <span class='ocrx_word' id='word_1_264' title='bbox 1405 2001 1558 2039; x_wconf 84' lang='lat' dir='ltr'><strong>verbum</strong></span> <span class='ocrx_word' id='word_1_265' title='bbox 1593 2001 1812 2039; x_wconf 86' lang='lat' dir='ltr'><strong>referendos</strong></span> <span class='ocrx_word' id='word_1_266' title='bbox 1845 2013 1931 2038; x_wconf 87' lang='lat' dir='ltr'><strong>esse</strong></span> 
     </span>
     <span class='ocr_line' id='line_1_27' title="bbox 417 2067 1930 2119; baseline -0.001 -12"><span class='ocrx_word' id='word_1_267' title='bbox 417 2071 512 2107; x_wconf 87' lang='lat' dir='ltr'><strong>bene</strong></span> <span class='ocrx_word' id='word_1_268' title='bbox 540 2069 751 2106; x_wconf 84' lang='lat' dir='ltr'><strong>observavit</strong></span> <span class='ocrx_word' id='word_1_269' title='bbox 785 2067 968 2105; x_wconf 71' lang='lat' dir='ltr'><strong>Orellius.</strong></span> <span class='ocrx_word' id='word_1_270' title='bbox 1031 2068 1107 2105; x_wconf 90' lang='lat' dir='ltr'><strong>od.</strong></span> <span class='ocrx_word' id='word_1_271' title='bbox 1138 2069 1187 2116; x_wconf 89' lang='grc'><strong>2,</strong></span> <span class='ocrx_word' id='word_1_272' title='bbox 1222 2069 1300 2118; x_wconf 86' lang='lat'><strong>11,</strong></span> <span class='ocrx_word' id='word_1_273' title='bbox 1334 2070 1398 2109; x_wconf 91' lang='grc'><strong>11.</strong></span> <span class='ocrx_word' id='word_1_274' title='bbox 1427 2068 1527 2119; x_wconf 78' lang='lat' dir='ltr'><strong>quid</strong></span> <span class='ocrx_word' id='word_1_275' title='bbox 1551 2069 1717 2105; x_wconf 75' lang='lat' dir='ltr'><strong>aeternis</strong></span> <span class='ocrx_word' id='word_1_276' title='bbox 1743 2069 1930 2105; x_wconf 84' lang='lat' dir='ltr'><strong>minorem</strong></span> 
     </span>
     <span class='ocr_line' id='line_1_28' title="bbox 424 2132 1930 2186; baseline -0.001 -12"><span class='ocrx_word' id='word_1_277' title='bbox 424 2136 604 2175; x_wconf 80' lang='lat' dir='ltr'><strong>Consiliis</strong></span> <span class='ocrx_word' id='word_1_278' title='bbox 631 2137 812 2172; x_wconf 79' lang='lat' dir='ltr'><strong>animum</strong></span> <span class='ocrx_word' id='word_1_279' title='bbox 832 2132 1019 2186; x_wconf 74' lang='lat' dir='ltr'><strong>fatigas?</strong></span> <span class='ocrx_word' id='word_1_280' title='bbox 1041 2133 1102 2172; x_wconf 90' lang='lat' dir='ltr'><strong>ubi</strong></span> <span class='ocrx_word' id='word_1_281' title='bbox 1124 2133 1238 2172; x_wconf 85' lang='lat' dir='ltr'><strong>verba</strong></span> <span class='ocrx_word' id='word_1_282' title='bbox 1267 2141 1413 2172; x_wconf 81' lang='lat' dir='ltr'><strong>aetem.</strong></span> <span class='ocrx_word' id='word_1_283' title='bbox 1447 2148 1551 2172; x_wconf 86' lang='lat' dir='ltr'><strong>cons.</strong></span> <span class='ocrx_word' id='word_1_284' title='bbox 1584 2139 1621 2172; x_wconf 87' lang='lat' dir='ltr'><strong>et</strong></span> <span class='ocrx_word' id='word_1_285' title='bbox 1649 2147 1672 2171; x_wconf 91' lang='lat' dir='ltr'><strong>a</strong></span> <span class='ocrx_word' id='word_1_286' title='bbox 1700 2147 1735 2172; x_wconf 85' lang='lat' dir='ltr'><strong>v.</strong></span> <span class='ocrx_word' id='word_1_287' title='bbox 1763 2136 1859 2174; x_wconf 82' lang='lat' dir='ltr'><strong>min.</strong></span> <span class='ocrx_word' id='word_1_288' title='bbox 1891 2139 1930 2173; x_wconf 79' lang='lat' dir='ltr'><strong>et</strong></span> 
     </span>
     <span class='ocr_line' id='line_1_29' title="bbox 417 2201 1926 2255; baseline -0.001 -15"><span class='ocrx_word' id='word_1_289' title='bbox 417 2218 441 2243; x_wconf 82' lang='lat' dir='ltr'><strong>a</strong></span> <span class='ocrx_word' id='word_1_290' title='bbox 466 2218 502 2242; x_wconf 88' lang='lat' dir='ltr'><strong>v.</strong></span> <span class='ocrx_word' id='word_1_291' title='bbox 525 2204 683 2255; x_wconf 81' lang='lat' dir='ltr'><strong>fatigas</strong></span> <span class='ocrx_word' id='word_1_292' title='bbox 712 2206 800 2253; x_wconf 90' lang='lat' dir='ltr'><strong>apta</strong></span> <span class='ocrx_word' id='word_1_293' title='bbox 826 2206 934 2250; x_wconf 90' lang='lat' dir='ltr'><strong>sunt,</strong></span> <span class='ocrx_word' id='word_1_294' title='bbox 972 2203 1011 2238; x_wconf 90' lang='lat' dir='ltr'><strong>in</strong></span> <span class='ocrx_word' id='word_1_295' title='bbox 1039 2213 1149 2251; x_wconf 89' lang='lat' dir='ltr'><strong>quam</strong></span> <span class='ocrx_word' id='word_1_296' title='bbox 1176 2213 1255 2239; x_wconf 86' lang='lat' dir='ltr'><strong>rem</strong></span> <span class='ocrx_word' id='word_1_297' title='bbox 1282 2201 1456 2240; x_wconf 83' lang='lat' dir='ltr'><strong>Liibker.</strong></span> <span class='ocrx_word' id='word_1_298' title='bbox 1486 2206 1676 2253; x_wconf 80' lang='lat' dir='ltr'><strong>comparat</strong></span> <span class='ocrx_word' id='word_1_299' title='bbox 1702 2202 1751 2251; x_wconf 89' lang='grc'>3,</span> <span class='ocrx_word' id='word_1_300' title='bbox 1782 2203 1831 2252; x_wconf 93' lang='grc'><strong>1,</strong></span> <span class='ocrx_word' id='word_1_301' title='bbox 1860 2202 1926 2243; x_wconf 84' lang='grc'>22.</span> 
     </span>
     <span class='ocr_line' id='line_1_30' title="bbox 418 2268 1928 2320; baseline -0.002 -13"><span class='ocrx_word' id='word_1_302' title='bbox 418 2272 498 2320; x_wconf 84' lang='grc'><strong>29,</strong></span> <span class='ocrx_word' id='word_1_303' title='bbox 536 2269 600 2311; x_wconf 83' lang='grc'><strong>14.</strong></span> <span class='ocrx_word' id='word_1_304' title='bbox 659 2270 720 2306; x_wconf 89' lang='lat' dir='ltr'><strong>Sic</strong></span> <span class='ocrx_word' id='word_1_305' title='bbox 752 2269 952 2306; x_wconf 89' lang='lat' dir='ltr'><strong>haeserunt</strong></span> <span class='ocrx_word' id='word_1_306' title='bbox 977 2269 1050 2307; x_wconf 87' lang='lat' dir='ltr'><strong>Od.</strong></span> <span class='ocrx_word' id='word_1_307' title='bbox 1080 2268 1130 2318; x_wconf 84' lang='lat'><strong>3,</strong></span> <span class='ocrx_word' id='word_1_308' title='bbox 1161 2269 1239 2318; x_wconf 88' lang='grc'><strong>10,</strong></span> <span class='ocrx_word' id='word_1_309' title='bbox 1271 2269 1339 2308; x_wconf 90' lang='grc'><strong>10.</strong></span> <span class='ocrx_word' id='word_1_310' title='bbox 1398 2268 1463 2305; x_wconf 91' lang='lat' dir='ltr'><strong>Ne</strong></span> <span class='ocrx_word' id='word_1_311' title='bbox 1492 2275 1792 2307; x_wconf 79' lang='lat' dir='ltr'><strong>currente.retro</strong></span> <span class='ocrx_word' id='word_1_312' title='bbox 1812 2268 1928 2319; x_wconf 67' lang='lat' dir='ltr'><strong>funis</strong></span> 
     </span>
     <span class='ocr_line' id='line_1_31' title="bbox 420 2332 1927 2387; baseline -0.003 -12"><span class='ocrx_word' id='word_1_313' title='bbox 420 2345 483 2375; x_wconf 86' lang='lat' dir='ltr'><strong>eat</strong></span> <span class='ocrx_word' id='word_1_314' title='bbox 514 2344 600 2375; x_wconf 86' lang='lat' dir='ltr'><strong>rota</strong></span> <span class='ocrx_word' id='word_1_315' title='bbox 634 2337 726 2387; x_wconf 88' lang='lat' dir='ltr'><strong>(vid.</strong></span> <span class='ocrx_word' id='word_1_316' title='bbox 762 2334 949 2374; x_wconf 85' lang='lat' dir='ltr'><strong>Vanderb.</strong></span> <span class='ocrx_word' id='word_1_317' title='bbox 978 2335 1022 2374; x_wconf 91' lang='lat' dir='ltr'><strong>II.</strong></span> <span class='ocrx_word' id='word_1_318' title='bbox 1059 2348 1098 2386; x_wconf 73' lang='lat' dir='ltr'><strong>p,</strong></span> <span class='ocrx_word' id='word_1_319' title='bbox 1126 2332 1262 2386; x_wconf 83' lang='grc'>334.),</span> <span class='ocrx_word' id='word_1_320' title='bbox 1309 2340 1349 2373; x_wconf 85' lang='lat' dir='ltr'><strong>at</strong></span> <span class='ocrx_word' id='word_1_321' title='bbox 1386 2343 1485 2373; x_wconf 86' lang='lat' dir='ltr'><strong>retro</strong></span> <span class='ocrx_word' id='word_1_322' title='bbox 1522 2349 1590 2386; x_wconf 87' lang='lat' dir='ltr'><strong>per</strong></span> <span class='ocrx_word' id='word_1_323' title='bbox 1618 2341 1813 2385; x_wconf 83' lang='lat' dir='ltr'><strong>utrumque</strong></span> <span class='ocrx_word' id='word_1_324' title='bbox 1847 2335 1927 2372; x_wconf 83' lang='lat' dir='ltr'><strong>fieri</strong></span> 
     </span>
     <span class='ocr_line' id='line_1_32' title="bbox 419 2399 1928 2456; baseline -0.005 -13"><span class='ocrx_word' id='word_1_325' title='bbox 419 2407 500 2456; x_wconf 86' lang='lat' dir='ltr'><strong>quis</strong></span> <span class='ocrx_word' id='word_1_326' title='bbox 529 2408 601 2454; x_wconf 75' lang='lat' dir='ltr'><strong>est,</strong></span> <span class='ocrx_word' id='word_1_327' title='bbox 631 2405 720 2454; x_wconf 90' lang='lat' dir='ltr'><strong>quin</strong></span> <span class='ocrx_word' id='word_1_328' title='bbox 747 2402 898 2441; x_wconf 73' lang='lat' dir='ltr'><strong>videat?</strong></span> <span class='ocrx_word' id='word_1_329' title='bbox 925 2402 1066 2440; x_wconf 86' lang='lat' dir='ltr'><strong>Eadem</strong></span> <span class='ocrx_word' id='word_1_330' title='bbox 1094 2403 1178 2453; x_wconf 84' lang='lat' dir='ltr'><strong>lege</strong></span> <span class='ocrx_word' id='word_1_331' title='bbox 1206 2402 1444 2453; x_wconf 84' lang='lat' dir='ltr'><strong>explicandus</strong></span> <span class='ocrx_word' id='word_1_332' title='bbox 1465 2403 1658 2441; x_wconf 79' lang='lat' dir='ltr'><strong>Genitivus</strong></span> <span class='ocrx_word' id='word_1_333' title='bbox 1684 2399 1928 2438; x_wconf 72' lang='lat' dir='ltr'><strong>sacerdotum</strong></span> 
     </span>
     <span class='ocr_line' id='line_1_33' title="bbox 421 2467 1928 2521; baseline -0.003 -11"><span class='ocrx_word' id='word_1_334' title='bbox 421 2474 494 2510; x_wconf 87' lang='lat' dir='ltr'><strong>od.</strong></span> <span class='ocrx_word' id='word_1_335' title='bbox 527 2473 566 2521; x_wconf 83' lang='lat'><strong>1,</strong></span> <span class='ocrx_word' id='word_1_336' title='bbox 599 2471 665 2520; x_wconf 89' lang='grc'>16,</span> <span class='ocrx_word' id='word_1_337' title='bbox 698 2472 737 2510; x_wconf 92' lang='grc'><strong>6.</strong></span> <span class='ocrx_word' id='word_1_338' title='bbox 797 2469 908 2507; x_wconf 89' lang='lat' dir='ltr'><strong>Conf.</strong></span> <span class='ocrx_word' id='word_1_339' title='bbox 938 2469 1094 2508; x_wconf 85' lang='lat' dir='ltr'><strong>Dorvill.</strong></span> <span class='ocrx_word' id='word_1_340' title='bbox 1125 2471 1172 2507; x_wconf 88' lang='lat' dir='ltr'><strong>ad</strong></span> <span class='ocrx_word' id='word_1_341' title='bbox 1202 2470 1342 2507; x_wconf 83' lang='lat' dir='ltr'><strong>Charit.</strong></span> <span class='ocrx_word' id='word_1_342' title='bbox 1372 2484 1411 2520; x_wconf 86' lang='lat' dir='ltr'><strong>p.</strong></span> <span class='ocrx_word' id='word_1_343' title='bbox 1442 2469 1534 2511; x_wconf 86' lang='lat'><strong>521.</strong></span> <span class='ocrx_word' id='word_1_344' title='bbox 1595 2469 1669 2507; x_wconf 89' lang='lat' dir='ltr'><strong>od.</strong></span> <span class='ocrx_word' id='word_1_345' title='bbox 1698 2468 1751 2517; x_wconf 87' lang='grc'><strong>3,</strong></span> <span class='ocrx_word' id='word_1_346' title='bbox 1779 2469 1831 2518; x_wconf 89' lang='grc'><strong>8,</strong></span> <span class='ocrx_word' id='word_1_347' title='bbox 1862 2467 1928 2507; x_wconf 87' lang='grc'><strong>19.</strong></span> 
     </span>
     <span class='ocr_line' id='line_1_34' title="bbox 421 2535 1926 2588; baseline -0.003 -12"><span class='ocrx_word' id='word_1_348' title='bbox 421 2539 569 2576; x_wconf 73' lang='lat' dir='ltr'><strong>Medus</strong></span> <span class='ocrx_word' id='word_1_349' title='bbox 603 2537 768 2588; x_wconf 73' lang='lat' dir='ltr'><strong>infestus</strong></span> <span class='ocrx_word' id='word_1_350' title='bbox 804 2535 881 2573; x_wconf 82' lang='lat' dir='ltr'><strong>sibi</strong></span> <span class='ocrx_word' id='word_1_351' title='bbox 917 2536 1104 2574; x_wconf 74' lang='lat' dir='ltr'><strong>luctuosis</strong></span> <span class='ocrx_word' id='word_1_352' title='bbox 1130 2537 1307 2574; x_wconf 76' lang='lat' dir='ltr'><strong>Dissidet</strong></span> <span class='ocrx_word' id='word_1_353' title='bbox 1332 2537 1474 2584; x_wconf 73' lang='lat' dir='ltr'><strong>armi-5,</strong></span> <span class='ocrx_word' id='word_1_354' title='bbox 1524 2549 1599 2585; x_wconf 91' lang='lat' dir='ltr'><strong>quo</strong></span> <span class='ocrx_word' id='word_1_355' title='bbox 1632 2536 1668 2572; x_wconf 91' lang='lat' dir='ltr'><strong>in</strong></span> <span class='ocrx_word' id='word_1_356' title='bbox 1705 2535 1788 2572; x_wconf 87' lang='lat' dir='ltr'><strong>loco</strong></span> <span class='ocrx_word' id='word_1_357' title='bbox 1823 2537 1926 2571; x_wconf 81' lang='lat' dir='ltr'><strong>recte</strong></span> 
     </span>
     <span class='ocr_line' id='line_1_35' title="bbox 421 2601 1925 2657; baseline -0.003 -15"><span class='ocrx_word' id='word_1_358' title='bbox 421 2605 722 2657; x_wconf 79' lang='lat' dir='ltr'><strong>Dillenburger.</strong></span> <span class='ocrx_word' id='word_1_359' title='bbox 754 2603 780 2640; x_wconf 90' lang='lat' dir='ltr'><strong>l.</strong></span> <span class='ocrx_word' id='word_1_360' title='bbox 807 2602 831 2639; x_wconf 91' lang='lat' dir='ltr'><strong>l.</strong></span> <span class='ocrx_word' id='word_1_361' title='bbox 858 2616 898 2653; x_wconf 86' lang='lat' dir='ltr'><strong>p.</strong></span> <span class='ocrx_word' id='word_1_362' title='bbox 926 2605 993 2645; x_wconf 87' lang='lat'><strong>27.</strong></span> <span class='ocrx_word' id='word_1_363' title='bbox 1018 2603 1098 2641; x_wconf 72' lang='lat' dir='ltr'><strong>sibi</strong></span> <span class='ocrx_word' id='word_1_364' title='bbox 1124 2606 1172 2643; x_wconf 90' lang='lat' dir='ltr'><strong>ad</strong></span> <span class='ocrx_word' id='word_1_365' title='bbox 1196 2617 1230 2643; x_wconf 89' lang='lat' dir='ltr'><strong>v.</strong></span> <span class='ocrx_word' id='word_1_366' title='bbox 1253 2605 1415 2655; x_wconf 74' lang='lat' dir='ltr'><strong>infestus</strong></span> <span class='ocrx_word' id='word_1_367' title='bbox 1442 2607 1481 2640; x_wconf 87' lang='lat' dir='ltr'><strong>et</strong></span> <span class='ocrx_word' id='word_1_368' title='bbox 1508 2603 1557 2639; x_wconf 92' lang='lat' dir='ltr'><strong>ad</strong></span> <span class='ocrx_word' id='word_1_369' title='bbox 1585 2614 1620 2638; x_wconf 91' lang='lat' dir='ltr'><strong>v.</strong></span> <span class='ocrx_word' id='word_1_370' title='bbox 1652 2601 1839 2638; x_wconf 72' lang='lat' dir='ltr'><strong>luctuosis</strong></span> <span class='ocrx_word' id='word_1_371' title='bbox 1864 2613 1925 2638; x_wconf 88' lang='lat' dir='ltr'><strong>re-</strong></span> 
     </span>
     <span class='ocr_line' id='line_1_36' title="bbox 421 2666 1924 2723; baseline -0.003 -14"><span class='ocrx_word' id='word_1_372' title='bbox 421 2674 510 2710; x_wconf 86' lang='lat' dir='ltr'><strong>ferri</strong></span> <span class='ocrx_word' id='word_1_373' title='bbox 534 2673 640 2723; x_wconf 87' lang='lat' dir='ltr'><strong>jubet</strong></span> <span class='ocrx_word' id='word_1_374' title='bbox 663 2672 769 2710; x_wconf 88' lang='lat' dir='ltr'><strong>aliter</strong></span> <span class='ocrx_word' id='word_1_375' title='bbox 798 2670 1043 2708; x_wconf 88' lang='lat' dir='ltr'><strong>sentientibus</strong></span> <span class='ocrx_word' id='word_1_376' title='bbox 1070 2671 1216 2708; x_wconf 89' lang='lat' dir='ltr'><strong>Orellio</strong></span> <span class='ocrx_word' id='word_1_377' title='bbox 1242 2676 1280 2709; x_wconf 90' lang='lat' dir='ltr'><strong>et</strong></span> <span class='ocrx_word' id='word_1_378' title='bbox 1298 2668 1492 2708; x_wconf 73' lang='lat' dir='ltr'><strong>Liibkero.</strong></span> <span class='ocrx_word' id='word_1_379' title='bbox 1550 2669 1606 2706; x_wconf 81' lang='lat' dir='ltr'><strong>Ita</strong></span> <span class='ocrx_word' id='word_1_380' title='bbox 1623 2668 1704 2707; x_wconf 84' lang='lat' dir='ltr'><strong>Sat.</strong></span> <span class='ocrx_word' id='word_1_381' title='bbox 1725 2671 1766 2717; x_wconf 83' lang='grc'><strong>2,,</strong></span> <span class='ocrx_word' id='word_1_382' title='bbox 1798 2670 1836 2717; x_wconf 90' lang='grc'><strong>1,</strong></span> <span class='ocrx_word' id='word_1_383' title='bbox 1857 2666 1924 2708; x_wconf 86' lang='grc'><strong>85.</strong></span> 
     </span>
     <span class='ocr_line' id='line_1_37' title="bbox 429 2734 1927 2790; baseline -0.004 -13"><span class='ocrx_word' id='word_1_384' title='bbox 429 2738 662 2790; x_wconf 78' lang='lat' dir='ltr'><strong>opprobriis</strong></span> <span class='ocrx_word' id='word_1_385' title='bbox 691 2738 858 2788; x_wconf 75' lang='lat' dir='ltr'><strong>dignam</strong></span> <span class='ocrx_word' id='word_1_386' title='bbox 883 2736 1141 2784; x_wconf 72' lang='lat' dir='ltr'><strong>laceraverit,</strong></span> <span class='ocrx_word' id='word_1_387' title='bbox 1187 2740 1336 2789; x_wconf 80' lang='lat' dir='ltr'><strong>integer</strong></span> <span class='ocrx_word' id='word_1_388' title='bbox 1362 2737 1472 2787; x_wconf 77' lang='lat' dir='ltr'><strong>ipse?</strong></span> <span class='ocrx_word' id='word_1_389' title='bbox 1517 2737 1708 2786; x_wconf 88' lang='lat' dir='ltr'><strong>Scriptura</strong></span> <span class='ocrx_word' id='word_1_390' title='bbox 1729 2734 1847 2772; x_wconf 78' lang='lat' dir='ltr'><strong>lacer.</strong></span> <span class='ocrx_word' id='word_1_391' title='bbox 1876 2734 1927 2771; x_wconf 89' lang='lat' dir='ltr'><strong>ob</strong></span> 
     </span>
     <span class='ocr_line' id='line_1_38' title="bbox 425 2801 1925 2856; baseline -0.005 -11"><span class='ocrx_word' id='word_1_392' title='bbox 425 2808 646 2845; x_wconf 86' lang='lat' dir='ltr'><strong>contrariam</strong></span> <span class='ocrx_word' id='word_1_393' title='bbox 676 2819 755 2843; x_wconf 88' lang='lat' dir='ltr'><strong>rem</strong></span> <span class='ocrx_word' id='word_1_394' title='bbox 784 2806 933 2856; x_wconf 83' lang='lat' dir='ltr'><strong>integer</strong></span> <span class='ocrx_word' id='word_1_395' title='bbox 958 2806 1203 2856; x_wconf 87' lang='lat' dir='ltr'><strong>praeferenda</strong></span> <span class='ocrx_word' id='word_1_396' title='bbox 1238 2811 1276 2844; x_wconf 88' lang='lat' dir='ltr'><strong>et</strong></span> <span class='ocrx_word' id='word_1_397' title='bbox 1299 2817 1369 2842; x_wconf 82' lang='lat' dir='ltr'><strong>vox</strong></span> <span class='ocrx_word' id='word_1_398' title='bbox 1399 2802 1614 2854; x_wconf 74' lang='lat' dir='ltr'><strong>opprobriis</strong></span> <span class='ocrx_word' id='word_1_399' title='bbox 1644 2802 1700 2840; x_wconf 86' lang='lat' dir='ltr'><strong>bis</strong></span> <span class='ocrx_word' id='word_1_400' title='bbox 1730 2801 1925 2852; x_wconf 83' lang='lat' dir='ltr'><strong>cogitanda</strong></span> 
     </span>
     <span class='ocr_line' id='line_1_39' title="bbox 423 2866 1923 2922; baseline -0.003 -13"><span class='ocrx_word' id='word_1_401' title='bbox 423 2873 582 2921; x_wconf 86' lang='lat' dir='ltr'><strong>videtur,</strong></span> <span class='ocrx_word' id='word_1_402' title='bbox 607 2872 660 2910; x_wconf 85' lang='lat' dir='ltr'><strong>uti</strong></span> <span class='ocrx_word' id='word_1_403' title='bbox 686 2877 788 2910; x_wconf 87' lang='lat' dir='ltr'><strong>recte</strong></span> <span class='ocrx_word' id='word_1_404' title='bbox 816 2874 934 2912; x_wconf 87' lang='lat' dir='ltr'><strong>sensit</strong></span> <span class='ocrx_word' id='word_1_405' title='bbox 958 2873 1227 2922; x_wconf 76' lang='lat' dir='ltr'><strong>Heindorfius.</strong></span> <span class='ocrx_word' id='word_1_406' title='bbox 1283 2871 1451 2909; x_wconf 87' lang='lat' dir='ltr'><strong>Eandem</strong></span> <span class='ocrx_word' id='word_1_407' title='bbox 1477 2883 1556 2910; x_wconf 89' lang='lat' dir='ltr'><strong>rem</strong></span> <span class='ocrx_word' id='word_1_408' title='bbox 1578 2868 1768 2907; x_wconf 85' lang='lat' dir='ltr'><strong>verissime</strong></span> <span class='ocrx_word' id='word_1_409' title='bbox 1793 2866 1923 2905; x_wconf 88' lang='lat' dir='ltr'><strong>obser-</strong></span> 
     </span>
     <span class='ocr_line' id='line_1_40' title="bbox 423 2934 1926 2990; baseline -0.003 -14"><span class='ocrx_word' id='word_1_410' title='bbox 423 2939 522 2977; x_wconf 87' lang='lat' dir='ltr'><strong>vavit</strong></span> <span class='ocrx_word' id='word_1_411' title='bbox 548 2937 790 2976; x_wconf 70' lang='lat' dir='ltr'><strong>Kirclznems</strong></span> <span class='ocrx_word' id='word_1_412' title='bbox 813 2939 861 2978; x_wconf 89' lang='lat' dir='ltr'><strong>ad</strong></span> <span class='ocrx_word' id='word_1_413' title='bbox 886 2940 965 2978; x_wconf 87' lang='lat' dir='ltr'><strong>Sat.</strong></span> <span class='ocrx_word' id='word_1_414' title='bbox 998 2941 1037 2990; x_wconf 84' lang='lat'><strong>1,</strong></span> <span class='ocrx_word' id='word_1_415' title='bbox 1069 2942 1107 2990; x_wconf 90' lang='lat'><strong>1,</strong></span> <span class='ocrx_word' id='word_1_416' title='bbox 1135 2940 1201 2980; x_wconf 89' lang='lat'><strong>88.</strong></span> <span class='ocrx_word' id='word_1_417' title='bbox 1259 2938 1322 2976; x_wconf 87' lang='lat' dir='ltr'><strong>At</strong></span> <span class='ocrx_word' id='word_1_418' title='bbox 1345 2941 1382 2977; x_wconf 80' lang='lat' dir='ltr'><strong>si</strong></span> <span class='ocrx_word' id='word_1_419' title='bbox 1408 2944 1618 2990; x_wconf 72' lang='lat' dir='ltr'><strong>cognatos,</strong></span> <span class='ocrx_word' id='word_1_420' title='bbox 1646 2934 1756 2973; x_wconf 79' lang='lat' dir='ltr'><strong>nullo</strong></span> <span class='ocrx_word' id='word_1_421' title='bbox 1779 2940 1926 2972; x_wconf 84' lang='lat' dir='ltr'><strong>natura</strong></span> 
     </span>
    </p>
   </div>
  </div>
 </body>
</html>
