2028 3268
377 234 461 276 404
655 237 926 275 EXCURSUS
955 235 1334 275 GRAMMATICUS
1362 236 1430 274 AD
1459 236 1503 274 V.
1537 240 1600 279 18.
1808 241 1884 283 132

380 361 506 397 lumia
536 367 749 397 manerent.
810 358 872 395 Ob
901 359 1056 395 eandem
1085 370 1164 395 rem
1189 357 1392 395 Diltlzeius
1403 385 1417 402 ‚
1455 359 1664 406 Baebius-¹,
1711 361 1887 399 Trossius

379 427 514 466 Tacito
542 429 580 464 in
610 428 738 464 Germ.
772 427 837 466 18.
864 427 1004 476 optimo
1033 427 1117 475 jure
1147 426 1389 464 restituerunt
1416 439 1518 476 quae
1546 440 1669 464 nurus
1689 429 1889 478 accipiant

378 507 589 545 rursusque
611 493 668 529 ad
692 499 846 541 nepotes
869 492 1090 543 refhrantur
1101 521 1114 538 ,
1152 492 1214 530 ubi
1243 491 1459 542 Kiessling.
1491 506 1573 530 cum
1601 493 1680 531 aliis
1701 495 1889 546 referant,

378 562 438 598 alii
475 565 513 597 ut
549 559 718 596 Hessius
755 572 892 596 rursus
930 573 1030 610 quae
1066 561 1287 610 referantur
1324 563 1454 596 contra
1492 561 1750 599 auctoritatem
1779 563 1888 600 codd.

380 628 509 665 Turic.
540 630 578 663 et
605 625 774 663 Perizon.
803 627 1045 676 scripserunt.
1101 626 1247 676 Dignus
1277 630 1336 664 est
1361 628 1423 677 qui
1453 630 1688 678 comparetur
1711 626 1796 665 Liv.
1820 626 1888 677 24,

381 697 455 743 18,
502 696 539 734 2.
580 706 681 744 quae
711 693 831 744 (vitia)
866 693 974 730 velut
997 693 1159 729 diutinis
1185 692 1328 730 morbis
1358 707 1480 746 aegra
1505 707 1668 744 corpora
1697 707 1742 730 ex
1763 708 1804 731 se
1823 697 1892 746 gi-

375 767 534 811 gnunt,
581 767 678 797 nata
707 760 807 797 bello
837 767 962 797 erant.
1019 760 1076 798 Ex
1102 761 1160 798 his
1192 761 1392 811 exemplis,
1438 763 1475 799 in
1508 761 1640 812 quibus
1668 774 1784 798 sonus
1812 762 1892 799 sive

380 827 513 864 eadem
542 828 763 864 terminatio
782 841 896 864 suam
923 826 1044 864 habet
1069 829 1168 873 vim,
1197 831 1367 878 apparet,
1396 828 1547 867 Nomen
1574 829 1760 879 quoddam
1779 830 1892 868 modo

381 896 515 933 eodem
544 908 655 944 casu,
700 896 812 931 modo
842 895 913 931 alio
940 895 1081 945 pariter
1109 895 1328 932 terminante
1357 897 1602 945 repetendum
1630 908 1714 934 esse
1747 898 1892 947 cogita-

378 964 494 999 tione.
553 962 690 1011 Neque
720 963 817 1000 enim
844 964 892 1000 de
926 963 969 999 iis
998 962 1092 999 locis
1121 976 1218 1000 nunc
1246 962 1403 1010 loquor,
1433 963 1470 999 in
1498 962 1630 1012 quibus
1658 962 1752 1000 alius
1784 975 1892 1001 casus

379 1032 485 1080 isque
510 1029 582 1066 alia
609 1030 868 1067 terminatione
897 1029 1126 1079 intelligitur,
1156 1034 1196 1067 ut
1224 1028 1313 1066 Sall.
1346 1028 1429 1066 Cat.
1460 1026 1528 1078 54,
1559 1031 1597 1070 6.
1627 1030 1685 1066 ita
1713 1043 1789 1081 quo
1817 1031 1895 1068 mi-

381 1111 457 1134 nus
480 1096 655 1147 gloriam
674 1095 861 1146 petebat,
891 1110 933 1133 eo
961 1097 1090 1147 magis
1117 1095 1376 1147 sequebatur,
1413 1095 1493 1132 scil.
1523 1096 1662 1146 gloria3
1704 1097 1816 1135 Caes.
1846 1097 1892 1135 B.

380 1164 479 1202 Gall.
512 1165 559 1212 1,
601 1161 668 1203 40.
698 1163 932 1214 quibuscum
961 1164 1158 1214 congressi
1179 1184 1234 1192 --
1262 1163 1498 1212 superarint.
1561 1163 1640 1201 Cic.
1668 1164 1715 1201 de
1743 1163 1827 1201 Fin.
1851 1164 1892 1213 5,

379 1230 430 1280 9,
485 1231 550 1271 26.
588 1228 692 1281 (ibiq.
723 1230 835 1281 Otto)
866 1245 967 1282 quae
995 1231 1053 1268 ad
1077 1230 1289 1268 vivendum
1318 1229 1643 1282 crescendumque
1670 1230 1833 1268 valeant
1859 1238 1897 1267 ec

380 1311 451 1335 suo
477 1310 617 1348 genere
638 1299 879 1347 perveniant
904 1298 962 1335 ad
985 1304 1208 1334 extremum.
1271 1297 1380 1334 Talia
1411 1297 1602 1348 exempla,
1649 1308 1746 1347 quae
1775 1298 1895 1348 magis

381 1366 564 1402 unitatem
587 1368 627 1400 ut
657 1365 708 1401 ita
736 1366 855 1402 dicam
880 1364 1060 1414 logicam,
1084 1377 1194 1414 quam
1218 1376 1326 1401 aures
1357 1367 1583 1413 sequuntur,
1611 1363 1670 1401 vel
1695 1365 1743 1402 ad
1775 1365 1896 1415 ipsam

381 1432 558 1482 Ellipsin,
596 1431 656 1468 vel
685 1432 734 1468 ad
763 1430 1059 1480 Attractionem,
1091 1431 1148 1468 vel
1173 1433 1220 1468 ad
1246 1435 1391 1480 gratam
1418 1430 1743 1480 Breviloquentiae
1770 1431 1895 1482 negli-

381 1500 558 1550 gentiam,
587 1500 711 1549 prouti
734 1502 842 1548 sunt,
872 1499 1070 1536 referenda
1092 1497 1263 1534 arbitror.
1323 1498 1433 1534 Conf.
1464 1510 1558 1546 quae
1588 1498 1721 1549 collegi
1741 1500 1779 1536 in
1800 1500 1895 1537 See—

379 1569 471 1605 bod.
507 1566 733 1616 „Archiv.“
766 1566 887 1607 1826.
917 1579 956 1616 p.
983 1565 1062 1606 135
1093 1577 1176 1614 sqq.
1211 1569 1248 1602 et
1270 1564 1394 1602 Rudd.
1424 1564 1469 1601 ΙΙ.
1510 1578 1548 1614 p.
1574 1566 1640 1605 27.
1696 1566 1822 1604 Haase
1847 1562 1896 1603 ad

380 1635 525 1683 Reisig.
566 1632 905 1683 „Vorlesungen“
943 1632 993 1669 N.
1025 1632 1120 1672 518.
1177 1632 1303 1669 Herm.
1344 1632 1389 1668 ad
1421 1631 1503 1680 Vig.
1534 1644 1571 1680 p.
1600 1631 1695 1671 707.
1725 1632 1808 1672 870
1835 1644 1894 1682 sq.

381 1701 613 1749 Bernhardy.
638 1700 867 1737 Wissensch.
891 1701 998 1748 Synt.
1036 1713 1075 1750 p.
1105 1698 1202 1739 350.
1231 1696 1327 1738 468.
1367 1698 1451 1734 coll.
1481 1711 1520 1746 p.
1553 1695 1646 1737 466.
1704 1698 1759 1736 Ut
1785 1699 1896 1749 igitur

383 1770 576 1816 diversus,
616 1770 655 1803 at
683 1768 822 1816 pariter
849 1768 1050 1804 terminans
1080 1778 1188 1802 casus
1223 1764 1407 1802 interdum
1434 1763 1674 1812 intelligitur,
1719 1764 1772 1801 ita
1798 1765 1896 1802 idem

381 1835 531 1873 Nomen
559 1834 708 1884 paulum
732 1834 922 1870 immutata
947 1833 1230 1882 significatione,
1259 1836 1302 1868 ut
1321 1831 1399 1871 Cic.
1422 1830 1469 1866 de
1491 1829 1589 1880 Rep.
1612 1832 1651 1878 1,
1681 1829 1750 1870 40.
1795 1831 1897 1867 Tar-

383 1902 518 1952 quinio
548 1906 680 1937 exacto
709 1901 811 1936 mira
839 1899 1016 1950 quadarn
1044 1899 1256 1935 exsultasse
1276 1896 1474 1947 populum
1502 1897 1709 1933 insolentia
1735 1896 1897 1935 liberta-
1940 1910 1942 1912 ·

384 1970 446 2015 tis,
477 1969 538 2005 ubi
556 1980 687 2018 parum
708 1971 814 2004 caute
833 1967 1024 2005 intrudunt
1044 1966 1214 2012 licentia,
1242 1965 1280 2001 id
1304 1964 1406 2013 quod
1431 1967 1534 2000 recte
1563 1964 1700 2001 vidisse
1721 1964 1899 2002 Doeder-

384 2035 526 2072 linium
554 2048 676 2072 meum
704 2033 811 2084 (Syn.
835 2034 894 2071 IV.
923 2047 962 2084 p.
985 2032 1098 2084 183.)
1122 2033 1254 2070 laetor.
1312 2031 1389 2068 Sed
1417 2029 1509 2067 haec
1535 2032 1670 2068 messis
1691 2035 1768 2069 tam
1794 2031 1899 2083 larga

384 2107 464 2151 est,
512 2106 555 2139 ut
583 2104 631 2139 ad
658 2102 871 2139 metendum
904 2114 979 2138 non
1008 2113 1082 2138 una
1110 2113 1205 2150 opus
1235 2100 1284 2136 sit
1310 2097 1431 2146 falce,
1479 2102 1709 2149 quapropter
1733 2100 1898 2149 insignes

384 2170 527 2219 aliquot
553 2169 656 2206 locos
684 2172 762 2206 tum
790 2169 1003 2218 Nominum,
1033 2173 1112 2206 tum
1141 2168 1293 2204 aliarum
1322 2165 1500 2202 orationis
1528 2165 1686 2215 partium
1714 2166 1767 2203 sic
1795 2167 1898 2217 posi-

385 2242 507 2275 tarum
533 2237 720 2273 indicasse
748 2237 840 2274 satis
871 2237 954 2274 erit.
1011 2235 1106 2272 Vide
1134 2236 1247 2284 igitur
1271 2232 1406 2282 Wagn.
1431 2237 1470 2270 et
1487 2232 1596 2268 Jahn.
1624 2232 1672 2268 ad
1691 2231 1793 2282 Virg.
1824 2233 1897 2270 Ge.

389 2308 427 2354 1,
457 2301 550 2345 248.
608 2302 702 2341 Aen.
732 2304 772 2351 3,
805 2303 898 2344 250.
956 2303 1084 2342 Heinr.
1113 2303 1160 2339 ad
1190 2302 1274 2338 JuV.
1305 2301 1343 2347 1,
1376 2299 1467 2338 133.
1494 2296 1535 2347 4,
1570 2299 1610 2336 7.
1636 2299 1676 2348 8,
1707 2299 1802 2341 207.
1832 2294 1898 2347 10,

388 2370 480 2412 149.
512 2370 651 2408 Gernh.
682 2375 720 2408 et
748 2371 869 2407 Beier.
899 2371 946 2406 ad
971 2369 1050 2406 Cic.
1074 2369 1186 2406 offic.
1209 2368 1250 2415 3,
1278 2369 1318 2415 2,
1349 2368 1387 2406 6.
1442 2366 1564 2402 Beier.
1585 2366 1632 2401 ad
1665 2367 1702 2414 1,
1735 2366 1800 2414 13,
1831 2366 1897 2405 41.

386 2440 427 2488 3,
459 2441 523 2488 10,
553 2436 621 2478 44.
678 2437 844 2475 Ellendt.
874 2438 921 2474 ad
950 2437 1028 2474 Cic.
1057 2435 1168 2472 Brut.
1198 2435 1267 2482 35,
1298 2433 1392 2473 135.
1450 2431 1563 2468 Fabr.
1588 2436 1626 2469 et
1652 2431 1818 2482 Herzog.
1850 2433 1898 2469 ad

387 2506 478 2542 Sall.
507 2505 592 2555 Jug.
626 2507 699 2554 12,
743 2505 782 2544 3.
841 2504 956 2541 Fabr.
987 2509 1024 2542 et
1045 2503 1169 2543 Kritz,
1194 2503 1242 2539 ad
1269 2499 1346 2549 14,
1400 2500 1463 2538 16.
1520 2497 1638 2535 Drak.
1667 2500 1715 2535 ad
1742 2497 1826 2536 Liv.
1858 2501 1898 2548 2,

387 2569 456 2619 40,
487 2572 552 2611 10.
579 2569 646 2622 24,
679 2572 745 2619 18,
776 2573 814 2612 2.
844 2570 914 2621 38,
946 2572 1013 2620 17,
1045 2570 1083 2609 5.
1143 2567 1284 2606 Stroth.
1307 2573 1344 2605 et
1364 2566 1525 2616 Rupert.
1554 2566 1601 2602 ad
1632 2566 1700 2614 21,
1731 2564 1801 2613 50,
1834 2565 1898 2605 10.

386 2638 500 2677 Fabr.
529 2639 576 2675 ad
610 2640 688 2687 21,
719 2637 795 2687 52,
827 2639 891 2678 11.
923 2640 997 2687 22,
1027 2637 1075 2687 4,
1106 2638 1145 2676 7.
1203 2634 1366 2672 Gruber.
1393 2633 1440 2669 ad
1467 2632 1560 2669 Tac.
1590 2631 1716 2668 Germ.
1744 2631 1820 2681 18,
1859 2629 1898 2670 4.

386 2705 515 2742 Klotz.
544 2706 592 2741 ad
617 2705 695 2742 Cic.
724 2703 830 2742 Lael.
860 2704 908 2753 6,
956 2702 1023 2744 40.
1064 2708 1102 2742 et
1131 2703 1169 2740 in
1199 2703 1272 2746 Qu.
1304 2701 1401 2737 critt.
1439 2713 1477 2750 p.
1502 2698 1556 2738 43
1586 2712 1644 2748 sq.
1702 2698 1818 2737 Roth.
1851 2699 1899 2735 ad

388 2771 424 2808 T
426 2783 483 2807 ac.
512 2769 638 2820 Agric.
665 2785 703 2820 p.
736 2771 833 2812 270.
859 2771 982 2822 (cujus
1011 2770 1144 2808 librum
1165 2782 1188 2806 a
1212 2767 1391 2805 Liibkero
1420 2780 1457 2816 p.
1479 2766 1574 2806 531.
1602 2766 1791 2804 laudatum
1813 2764 1900 2803 mihi

389 2851 464 2875 non
492 2837 541 2873 ad
567 2850 713 2875 manum
741 2850 827 2875 esse
856 2837 985 2888 doleo)
1021 2842 1058 2875 et
1085 2837 1123 2874 in
1154 2835 1319 2873 Seebod.
1353 2860 1380 2882 „
1394 2833 1540 2870 Archiv.
1555 2834 1582 2856 ‘⁶
1620 2831 1738 2872 1830.
1768 2844 1807 2882 p.
1831 2832 1896 2872 28.

388 2902 580 2954 Wyttenb.
605 2905 652 2940 ad
679 2903 761 2940 Ecl.
793 2904 876 2942 hist.
903 2917 942 2955 p.
970 2902 1088 2953 400.,
1133 2915 1243 2953 quem
1271 2901 1423 2938 laudant
1451 2899 1584 2938 Matth.
1612 2900 1650 2936 in
1677 2899 1784 2937 Misc-
1808 2897 1897 2949 phil.
