2054 3268
394 243 450 285 58
535 247 901 293 COMMENTARII
921 248 973 283 IN
1002 245 1217 283 HORATII
1247 243 1416 281 EPIST.
1446 245 1586 283 PRlM.
1617 245 1714 280 LIB.
1737 245 1766 283 1.

396 356 588 394 debimus.
645 356 756 394 Idem
790 368 948 392 mecum
981 355 1100 392 sentit
1132 353 1380 391 doctissimus
1405 353 1630 390 Schmidias
1658 367 1697 404 p.
1719 353 1807 400 19.,
1840 354 1909 404 qui

395 425 589 476 probabili
614 426 733 460 etiam
753 435 869 459 causa
891 421 1035 470 docuit,
1064 422 1301 459 vocabulum
1322 428 1378 457 ter
1396 427 1435 457 et
1453 419 1503 456 ad
1519 433 1620 469 pare
1638 427 1676 456 et
1698 419 1748 456 ad
1767 419 1909 456 lectam

395 489 574 526 libellam
597 502 676 526 sec.
695 490 787 527 Tib.
806 491 848 537 1,
879 491 928 537 2,
958 487 1025 528 56.
1055 494 1093 524 et
1115 489 1221 524 Plin.
1237 489 1287 523 H.
1306 489 1353 524 N.
1376 486 1454 534 28,
1477 488 1517 526 2.
1543 486 1792 523 referendum
1810 499 1908 524 esse.

394 557 582 607 Apprime
601 556 686 593 finit
703 564 741 592 et
758 556 838 592 suis
859 556 972 607 quasi
991 555 1182 592 limitibus
1195 553 1394 592 concludit
1409 555 1531 590 Poeta
1550 553 1668 590 verbo
1691 552 1910 596 recreandi,

395 620 640 674 ἀναψύχειν,
664 620 950 672 metaphoram.
980 622 1062 659 Sat.
1081 623 1120 668 2,
1141 622 1181 668 2,
1198 619 1265 659 84.
1302 621 1381 656 Sea
1405 632 1576 656 recreare
1590 619 1691 655 volet
1708 625 1910 655 tenuatam

395 703 548 738 corpas.
610 689 691 725 Cic.
715 687 821 725 Phil.
843 688 907 735 10,
925 689 964 728 8.
987 687 1161 724 nondam
1177 700 1221 723 ex
1240 687 1524 736 longinquitate
1538 685 1768 736 gravissimi
1785 682 1912 719 morbi

394 763 614 801 reereatas;
652 754 703 791 ad
732 756 870 801 Quirit.
900 768 941 805 p.
974 752 1056 790 red.
1083 754 1121 792 1.
1162 754 1231 803 qui
1259 767 1278 789 e
1297 753 1419 804 gravi
1443 751 1574 789 morbo
1601 751 1761 788 recreati
1789 756 1909 796 ειιιιιῑ

395 821 444 859 de
477 824 631 859 Iuveut.
669 823 715 869 2,
747 821 814 861 51.
844 821 978 858 leviter
1004 821 1163 856 saucius
1179 819 1312 870 facile
1344 826 1399 855 est
1428 833 1473 856 ex
1513 818 1672 856 vnlnere
1698 823 1905 855 recreatus.

394 890 484 925 Alia
525 887 750 938 suppeditat
790 890 1039 924 Burmannus
1079 885 1130 923 ad
1158 885 1281 924 Auth.
1306 887 1375 922 lat.
1403 888 1435 922 Ι.
1472 900 1512 936 p.
1536 882 1632 925 486.
1673 885 1724 922 cf.
1747 881 1910 921 Ruhnk.

395 955 445 994 ad
466 956 590 992 Rutil.
618 956 720 1005 Lup.
750 968 789 1005 p.
820 955 888 994 68.
922 975 977 981 —-
1011 954 1247 1005 ceteroquin
1274 954 1451 990 animum
1475 950 1728 1003 philosophia
1753 951 1911 1002 purgari

393 1029 647 1073 praeceptum
671 1027 729 1057 est
751 1020 972 1056 etPlatonis
995 1026 1033 1056 et
1054 1021 1221 1056 aliorum
1243 1018 1571 1071 philosophorum
1588 1019 1781 1070 imprimis
1803 1017 1912 1054 Stoi-

396 1103 545 1127 corum.
570 1088 667 1126 Inde
681 1085 894 1125 Plutarcho
909 1084 1163 1137 philosophia
1185 1093 1244 1123 est
1259 1089 1339 1127 τῶν
1357 1089 1428 1138 τῆς
1445 1089 1578 1138 ψυχῆς
1596 1080 1912 1137 ἆρῤωστημᾶτων

394 1157 622 1208 φάρμακον,
680 1155 760 1191 Cic.
792 1154 914 1190 Tusc.
937 1153 983 1201 3,
1010 1153 1052 1192 3.
1091 1154 1167 1190 Est
1178 1154 1355 1204 projecto
1379 1154 1506 1190 animi
1525 1153 1725 1190 medicina
1736 1178 1752 1196 ,
1774 1149 1912 1200 philo-

396 1222 535 1272 sophia
547 1237 564 1269 ;
602 1224 716 1269 cujas
738 1220 934 1257 auxilinm
961 1233 1066 1264 non,
1098 1226 1143 1256 at
1165 1221 1209 1256 in
1233 1221 1405 1269 corporis
1432 1218 1595 1264 morbis,
1627 1217 1841 1268 petendum
1857 1223 1913 1253 est

383 1290 492 1341 soris
501 1304 517 1336 ;
547 1287 726 1325 omnibns
746 1286 884 1337 opibus
902 1293 939 1322 et
960 1286 1130 1332 biribas,
1154 1293 1199 1323 ut
1213 1293 1358 1322 nosmet
1383 1287 1460 1336 ipsi
1485 1284 1596 1322 nohis
1622 1284 1767 1321 mederi
1781 1283 1912 1333 posei-

395 1371 502 1401 mas‚
525 1355 808 1392 elaborandam
827 1360 893 1390 est.
954 1353 1054 1390 Ibid.
1077 1355 1121 1401 3,
1154 1355 1194 1393 6.
1222 1350 1269 1400 4,
1304 1351 1372 1391 38.
1429 1353 1581 1389 Demus
1607 1364 1697 1402 ergo
1727 1364 1798 1387 nos
1820 1349 1913 1386 haic

396 1423 637 1467 excolendos,
652 1423 935 1472 patiamurque
959 1435 1029 1457 nos
1048 1422 1200 1458 sanari.
1261 1421 1321 1456 Cf.
1342 1420 1428 1455 Fin.
1449 1421 1495 1467 3,
1525 1420 1565 1458 7.
1621 1419 1760 1456 Senec.
1785 1418 1912 1467 Epist.

400 1490 465 1530 15.
506 1491 552 1527 Si
570 1487 883 1539 philosophariS,
914 1486 1006 1524 bene
1030 1495 1096 1524 est.
1153 1487 1292 1526 Valere
1317 1487 1420 1523 enim
1442 1485 1516 1522 hoc
1538 1485 1694 1522 demum
1719 1490 1787 1520 est.
1822 1482 1910 1522 Vid.

394 1558 525 1594 Bentl.
547 1557 570 1595 1
585 1585 594 1603 ‚
624 1557 694 1602 16,
718 1553 787 1595 40.
844 1553 992 1591 Gernh.
1016 1554 1067 1591 ad
1090 1555 1170 1591 Cic.
1190 1555 1300 1591 Lael.
1323 1553 1362 1601 3,
1388 1554 1453 1593 10.
1513 1552 1722 1603 Wyttenb.
1745 1549 1796 1587 ad
1809 1551 1912 1587 Plat.

395 1621 546 1661 Phaed.
568 1636 607 1673 p.
628 1623 722 1662 172.
780 1620 928 1667 Quodsi
955 1633 1047 1657 vera
1071 1627 1187 1668 sunt,
1225 1633 1325 1672 quae
1357 1619 1436 1656 huc
1466 1631 1592 1669 usque
1614 1617 1912 1668 disputavimus,

397 1690 570 1740 eleganti
587 1701 652 1725 vv.
671 1689 739 1728 36.
749 1689 817 1728 37.
837 1688 1037 1738 proposita
1060 1689 1248 1737 allegoria
1265 1689 1387 1724 Poeta
1404 1687 1463 1723 nil
1485 1685 1594 1722 aliud
1614 1687 1691 1722 nisi
1706 1683 1783 1721 hoc
1803 1685 1911 1721 vult:

397 1757 534 1794 Etiam
554 1769 675 1793 sanas
682 1755 764 1802 fies
781 1767 826 1790 ex
841 1753 1066 1790 ambitionis
1075 1753 1224 1799 morbo,
1243 1755 1279 1791 si
1291 1755 1438 1790 sincero
1454 1754 1609 1790 virtutis
1621 1765 1751 1789 amore
1767 1751 1912 1803 (Epist.

400 1826 436 1872 1,
459 1825 499 1871 2,
518 1821 604 1874 67.)
631 1829 665 1858 et
688 1822 796 1858 omni
812 1835 909 1857 cura
926 1820 1210 1871 diligentiaque
1219 1820 1497 1870 philosophiae
1517 1819 1658 1856 stadiis
1682 1820 1710 1856 i.
1730 1833 1766 1855 e.
1788 1817 1913 1854 medi-

397 1891 510 1927 cinae
530 1890 656 1926 animi
673 1895 708 1924 te
730 1888 948 1924 tradideris.
1009 1889 1135 1933 Quare
1157 1887 1314 1934 dubito,
1337 1899 1435 1922 num
1459 1900 1552 1924 vera
1571 1888 1622 1924 sit
1639 1888 1709 1923 illa
1729 1883 1913 1922 Lambini

396 1957 678 2008 interpretatio,
698 1967 926 2007 quanquam
943 1967 1013 2004 per
1027 1967 1069 1991 se
1093 1954 1215 1991 bona:
1242 1951 1548 2004 „Philosophiae
1563 1953 1739 1990 studium
1758 1963 1913 1988 sacrum

397 2031 478 2062 est:
508 2030 547 2060 et
571 2023 663 2060 libri
686 2019 952 2072 philosophici
978 2021 1078 2058 sacri
1101 2027 1206 2057 sunt.
1263 2022 1389 2067 Quare
1407 2034 1524 2058 nemo
1544 2020 1594 2057 ad
1617 2031 1752 2056 eorum
1773 2018 1913 2055 lectio-

397 2105 492 2130 nem
511 2090 695 2128 accedere
713 2088 829 2126 debet
845 2089 967 2125 illotis
991 2094 1029 2124 et
1045 2088 1211 2138 impuris
1230 2087 1435 2125 manibus:
1451 2085 1493 2124 h.
1507 2101 1555 2135 e.,
1585 2087 1718 2124 animo
1733 2087 1911 2136 impur03

397 2161 537 2198 iccirco
560 2157 661 2195 dixit
682 2170 780 2207 pure
799 2156 950 2192 lecto.“

509 2227 556 2264 V.
584 2225 651 2264 38.
709 2223 876 2261 Invidus
904 2242 961 2250 --
996 2227 1164 2258 amator.
1223 2219 1337 2266 Quod
1361 2221 1546 2258 Horatius
1579 2233 1660 2262 non
1692 2215 1812 2256 modo
1841 2229 1913 2254 sua

397 2293 522 2343 ipsius
541 2292 650 2340 vitia,
676 2304 816 2329 verum
837 2291 958 2326 etiam
981 2289 1150 2325 aliorum
1172 2287 1221 2325 ob
1246 2288 1380 2325 oculos
1399 2288 1554 2339 patroni
1578 2288 1708 2338 ponit,
1733 2298 1784 2322 ex
1802 2297 1930 2338 more!

399 2361 519 2398 estin
540 2359 679 2397 Satiris
704 2358 927 2395 luculenter
953 2357 1189 2406 conspicu03
1231 2356 1442 2406 quominus
1468 2361 1601 2391 tamen
1624 2366 1716 2390 eum
1738 2351 1847 2389 idem
1869 2350 1911 2389 11.

399 2428 500 2474 loco,
531 2433 575 2463 ut
593 2426 774 2463 nonnulli
793 2426 1024 2474 interpretes
1047 2423 1122 2459 sibi
1137 2419 1394 2472 persuadent,
1415 2421 1553 2458 fecisse
1575 2419 1731 2457 credam
1744 2449 1754 2468 ,
1782 2421 1912 2470 impe-

402 2493 460 2530 dit
480 2495 628 2530 mentio
648 2492 821 2529 invidiae
839 2492 955 2538 facta,
984 2502 1061 2541 qua
1082 2490 1115 2526 is
1135 2488 1299 2524 minime
1319 2487 1536 2523 tenebatur.
1577 2488 1678 2522 Hinc
1698 2488 1740 2523 in
1757 2487 1913 2536 singula

402 2561 682 2607 commentari,
711 2566 755 2595 ut
778 2559 929 2595 factum
953 2563 1012 2594 est
1039 2557 1082 2592 in
1108 2554 1202 2591 edit.
1233 2555 1268 2593 1.
1294 2567 1334 2604 p.
1358 2554 1448 2601 37.‚
1479 2554 1638 2602 omitto,
1665 2567 1715 2590 ne
1740 2555 1828 2605 quis
1846 2566 1913 2590 me

402 2627 558 2677 lignum
579 2627 620 2663 in
642 2627 784 2663 silvam
801 2625 940 2661 tulisse
959 2622 1076 2660 dicat.
1131 2623 1263 2659 Unum
1281 2618 1358 2658 hoc
1389 2619 1532 2657 addere
1552 2616 1676 2657 libet.'
1718 2619 1832 2667 Quod
1852 2620 1912 2657 vir

404 2692 542 2730 doctus
561 2691 723 2743 quidam
741 2705 812 2742 pro
834 2703 922 2729 voc.
943 2697 1097 2728 amator
1122 2687 1286 2738 conjecit
1304 2686 1477 2732 adulter,
1507 2701 1586 2724 non
1606 2687 1711 2738 apud
1733 2701 1776 2726 se
1794 2700 1913 2738 repu-

402 2767 507 2798 tasse
524 2758 701 2806 videtur‚
731 2758 970 2796 vocabulum
991 2756 1196 2799 amatoris,
1227 2753 1415 2806 ἒραστοῦ,
1447 2767 1566 2792 sensu
1590 2755 1684 2792 satis
1717 2754 1911 2792 obscoeno

403 2826 637 2876 plerumque
654 2826 846 2875 usurpari.
902 2823 992 2863 Vid.
1014 2824 1096 2860 cic.
1114 2822 1235 2859 Tusc.
1257 2819 1305 2868 4,
1329 2821 1400 2870 12,
1423 2822 1491 2862 27.
1549 2820 1686 2859 Isidor.
1710 2821 1815 2872 Orig.
1841 2821 1910 2858 lib.

407 2892 473 2933 10.
492 2904 533 2942 p·
556 2891 676 2932 1067.
701 2892 752 2928 cf.
772 2890 954 2932 Doederl.
972 2891 1120 2943 Synon.
1135 2890 1200 2929 IV.
1218 2901 1258 2940 p.
1281 2886 1374 2927 103.
