2028 3268
414 241 498 283 252
543 244 920 285 COMMENTARII
937 243 1231 290 1N3H0RAT11
1248 243 1346 285 LIB.
1368 246 1402 286 1.
1438 247 1601 288 EPIST.
1621 250 1804 296 QUINT.
1871 254 1927 294 62

413 367 498 404 Juv.
522 367 570 416 5,
597 367 663 406 85.
680 366 753 402 tibi
767 388 824 395 ——-
845 367 1015 402 Ponitur
1038 367 1182 417 exigua
1199 367 1351 417 feralis
1373 382 1492 406 coen-a
1505 371 1674 420 patella.
1733 371 1815 409 Alia
1831 373 1923 411 affe-

411 436 499 470 runt
520 433 658 471 Heind.
679 433 727 469 ad
754 432 836 472 Sat.
857 433 905 481 2,
935 433 982 481 2,
1011 431 1080 472 39.
1121 430 1170 483 4,
1198 435 1267 474 77.
1298 433 1458 473 Schmid.
1478 437 1527 473 ad
1550 437 1585 475 h.
1605 438 1628 475 l.
1648 442 1687 476 et
1707 439 1850 477 Hauth.
1873 440 1923 477 ad

410 496 515 536 Pers.
541 498 586 546 2,
616 494 682 536 42.
719 512 759 548 p.
784 494 879 537 144.
907 519 965 525 ——-
991 498 1078 535 olus
1103 513 1215 536 omne
1245 499 1303 537 vel
1333 501 1653 554 „qualecumque
1663 532 1679 549 ‚
1720 505 1924 556 interprete

411 563 533 602 Schol.
557 563 696 612 Cruq.,
726 571 770 600 ut
801 564 926 600 dicere
945 564 1113 602 solemus
1143 579 1214 602 nos
1241 580 1319 603 non
1348 581 1459 604 omne
1485 570 1621 606 vinum
1647 570 1830 617 bibere,“
1863 573 1922 610 vel

411 630 529 668 omnis
561 629 728 679 generiS,
755 633 797 666 ut
826 630 906 671 Cic.
935 630 1055 682 Epist.
1081 633 1130 670 ad
1147 631 1231 671 Div.
1260 635 1310 683 7,
1339 634 1391 674 26
1401 661 1414 684 ,
1441 633 1481 674 5.
1506 635 1683 685 fungos,
1711 637 1921 683 helvellas‚

410 695 552 733 herbas
574 709 706 731 omnes
719 698 776 732 ila
798 698 1010 742 condiunt,
1040 706 1084 735 ut
1104 699 1210 735 nihil
1222 701 1351 748 possit
1366 714 1445 737 esse
1464 704 1640 739 suavius.
1669 703 1730 740 Sic
1749 703 1921 755 Xenoph-

411 762 458 798 de
481 761 577 811 Rep.
598 761 736 798 Athen.
754 763 792 812 2,
817 764 855 802 8.
887 761 1001 814 φωνὴ
1022 767 1131 804 πᾶσα
1150 769 1188 802 et
1212 764 1355 815 Evang.
1375 767 1513 805 Matth.
1532 766 1572 818 4,
1597 769 1661 809 23.
1684 765 1920 821 θεραπεύων

409 831 541 867 πᾶσαν
571 826 693 868 νόσον
719 829 786 867 καὶ
814 832 947 870 πᾶσαν
972 832 1179 882 μαλακίαν.
1218 832 1390 869 Bothias
1410 834 1788 885 autem,Ascensium,
1809 835 1920 873 Lam-

407 895 560 945 binum,
597 895 826 945 Cruquium,
855 896 947 934 alios
969 902 1134 936 secutus:
1164 899 1244 948 „ita
1268 903 1311 936 ut
1332 899 1421 936 nihil
1439 900 1640 950 relinquas,
1670 902 1736 938 sed
1764 912 1808 938 eo
1840 902 1919 939 solo

408 962 490 1000 cibo
525 962 694 1010 satieris,
734 973 819 998 nam
851 963 940 1000 nihil
964 969 1112 1014 praeter
1139 965 1219 1003 olus
1247 966 1313 1002 tibi
1352 978 1558 1016 apponam,
1587 979 1654 1004 nec
1678 968 1779 1005 varia
1805 980 1920 1005 coena

408 1029 550 1066 vincam
578 1032 644 1065 tua
670 1027 846 1078 fastidia,
882 1034 926 1067 ut
962 1044 1042 1068 mus
1075 1033 1232 1081 agrestis
1259 1033 1337 1069 Sat.
1356 1034 1401 1082 2,
1431 1034 1479 1082 6,
1510 1034 1606 1073 86.“
1660 1034 1712 1072 At
1738 1036 1819 1084 quis
1849 1040 1919 1085 est,

408 1094 472 1144 qui
502 1094 668 1142 nesciat,
696 1094 734 1130 in
760 1094 824 1131 tali
852 1108 965 1148 saepe
993 1110 1032 1134 re
1059 1099 1171 1136 etiam
1199 1113 1222 1137 a
1248 1099 1474 1136 nostratibus
1491 1100 1610 1137 minus
1624 1102 1806 1151 promitti,
1834 1102 1918 1152 plus

406 1159 577 1212 apponi?
634 1160 758 1210 Quid,
796 1164 896 1211 quod
919 1163 1010 1200 lauti
1040 1165 1100 1201 isti
1132 1165 1215 1214 ipsa
1245 1165 1344 1202 olera
1377 1166 1502 1215 palato
1538 1167 1665 1204 suavia
1699 1169 1918 1219 reddebant,

407 1227 463 1263 uti
479 1230 637 1264 testatur
662 1225 723 1263 ille
745 1228 932 1266 Ciceronis
952 1229 1064 1268 locus.
1121 1230 1251 1269 Varias
1277 1232 1375 1270 horti
1398 1246 1487 1283 opes
1515 1234 1554 1270 in
1569 1234 1747 1283 ejusmodi
1768 1247 1918 1272 coenam

407 1293 539 1331 allatas
563 1298 823 1331 commemorat
855 1293 1035 1333 Martialis
1066 1297 1137 1347 10,
1165 1296 1240 1348 48,
1269 1300 1418 1339 7—10.
1472 1300 1647 1337 Ceterum
1677 1300 1784 1336 olera
1819 1314 1917 1338 com-

405 1362 526 1399 munis
556 1365 663 1398 erant
688 1360 878 1398 hominum
903 1365 942 1398 et
969 1375 1175 1414 pauperum
1201 1368 1240 1401 et
1266 1365 1464 1415 frugalium
1491 1367 1620 1404 victus.
1677 1366 1760 1404 Vid.
1779 1367 1917 1404 Heind.

406 1429 455 1466 ad
484 1429 566 1468 Sat.
594 1428 641 1477 2,
673 1428 722 1477 1,
752 1424 817 1465 74.
848 1429 895 1477 7,
925 1428 991 1468 30.
1035 1428 1193 1480 Rupert.
1221 1431 1270 1468 ad
1302 1432 1384 1469 Juv.
1417 1433 1493 1481 11,
1527 1433 1593 1472 79.
1625 1434 1755 1470 Stuck.
1787 1433 1916 1483 Antiq-

407 1495 561 1532 Conviv.
597 1495 648 1543 2,
687 1494 723 1533 8.
762 1506 800 1543 p.
825 1494 919 1534 255.
977 1496 1204 1546 Comparare
1235 1501 1359 1535 autem
1389 1499 1559 1548 juvabit,
1596 1511 1691 1548 quae
1721 1501 1767 1537 de
1805 1512 1918 1538 coena

405 1562 595 1598 hominum
614 1561 788 1609 divitum,
817 1561 1025 1612 lautorum,
1055 1563 1332 1602 delicatulorum
1356 1565 1546 1615 eleganter
1573 1566 1744 1617 exposuit
1766 1566 1916 1603 Beck-e-

406 1627 529 1664 rasin
554 1625 663 1663 Gallo
683 1625 731 1662 ΙΙ.
753 1640 790 1676 p.
811 1628 903 1667 115.
924 1642 1007 1678 sqq.

517 1692 566 1729 V.
594 1692 634 1731 3.
695 1693 885 1742 Supremo
921 1697 1000 1732 sole
1039 1697 1063 1737 i,
1094 1709 1125 1734 e.
1159 1696 1236 1734 sole
1259 1698 1308 1734 ad
1337 1709 1504 1734 occasum
1529 1700 1725 1746 vergente,
1755 1697 1809 1733 uti
1824 1698 1914 1734 satis

405 1762 563 1809 apparet
583 1770 627 1795 ex
646 1759 723 1808 ejus
747 1761 931 1799 contrario
953 1762 975 1799 i.
997 1774 1027 1798 e.
1050 1761 1129 1797 sole
1142 1763 1274 1811 primo
1296 1763 1406 1801 Ovid.
1428 1765 1520 1802 Met.
1537 1762 1583 1812 9,
1613 1763 1678 1802 93.
1735 1763 1912 1814 Calpurn.

405 1826 483 1864 Ecl.
505 1827 544 1872 8,
562 1827 614 1874 7.,
642 1825 873 1864 ubiBachius
893 1832 931 1864 et
952 1828 1224 1866 Wernsdorfius
1243 1829 1364 1866 locum
1390 1829 1638 1867 Horatianum
1668 1830 1914 1868 contulerunt.

405 1894 464 1931 Cf.
498 1892 630 1931 Lamb.
659 1893 708 1930 ad
744 1893 789 1942 1,
828 1890 878 1944 4,
916 1895 980 1933 13.
1039 1895 1279 1945 Quapropter
1306 1896 1330 1932 ii
1362 1908 1484 1933 errare
1510 1897 1667 1946 putandi
1702 1901 1810 1946 sunt,
1852 1899 1915 1946 qui

404 1974 512 2009 supr.
533 1959 651 1996 solem
664 1957 876 2007 intelligunt
898 1959 1136 2010 altissimum,
1166 1963 1266 2010 quod
1286 1966 1431 2014 tempus
1457 1963 1495 1999 in
1515 1962 1681 1999 homines
1697 1962 1844 2000 liberius
1861 1964 1915 2001 vi-

404 2030 533 2064 ventes
559 2025 753 2073 convenit,
783 2025 845 2073 qui
869 2025 916 2061 de
941 2026 1003 2062 dte.
1029 2042 1191 2064 coenare
1217 2030 1399 2066 dicuntur.
1455 2027 1582 2076 Atque
1613 2028 1713 2066 haud
1737 2030 1835 2079 scio,
1866 2042 1915 2067 an

403 2093 442 2129 in
472 2092 580 2129 simili
604 2103 726 2128 errore
758 2098 925 2130 versetur
948 2095 1221 2144 Habetfeldus
1232 2124 1246 2141 ‚
1283 2107 1398 2144 quum
1430 2108 1563 2132 nonam
1586 2094 1734 2143 horam,
1765 2109 1838 2145 qua
1854 2109 1915 2134 ac-

404 2159 574 2196 cumbere
592 2157 690 2195 soliti
717 2162 803 2195 sunt
821 2157 980 2197 Romani
999 2161 1171 2212 (Becker.
1197 2163 1246 2199 ad
1265 2161 1364 2198 Gall.
1388 2161 1438 2198 ΙΙ.
1462 2175 1502 2212 p.
1526 2160 1644 2212 138),
1672 2161 1914 2210 significatam

404 2226 591 2278 opinatur.
651 2223 793 2261 Accidit
824 2226 920 2263 enim
948 2239 1078 2278 saepe,
1118 2232 1160 2265 ut
1193 2228 1358 2265 homines
1391 2228 1575 2277 negotiosi
1613 2228 1827 2276 actuosique
1855 2228 1913 2266 vel

402 2293 476 2330 alia
493 2304 604 2330 causa
621 2291 845 2341 interpellati
865 2297 977 2342 atque
996 2294 1153 2343 permoti
1175 2294 1254 2331 sole
1276 2295 1423 2332 demum
1452 2294 1662 2343 occidente,
1691 2295 1792 2343 quod
1818 2294 1913 2332 bene

402 2359 594 2410 perspexit
609 2357 816 2395 Scholiasta
832 2359 963 2409 Cruq.,
986 2365 1204 2408 coenarent3
1228 2361 1266 2397 id
1286 2364 1471 2397 testantur
1487 2360 1694 2410 complures
1711 2361 1793 2409 loci,
1817 2374 1912 2410 quos

402 2425 551 2474 collegit
582 2423 899 2462 Wistemannus
932 2427 980 2464 ad
1016 2426 1171 2476 „Palast
1189 2429 1254 2464 des
1272 2425 1459 2463 Scaurus“
1487 2438 1523 2475 p.
1553 2423 1646 2466 254.
1681 2425 1732 2463 N.
1754 2427 1792 2467 5.
1851 2427 1913 2466 Sic

403 2491 583 2529 Horatius
610 2491 691 2542 ipse
719 2491 792 2528 sub
823 2492 978 2529 lumina
1005 2494 1140 2541 prima
1169 2494 1218 2530 ad
1234 2492 1487 2529 Maecenatem
1518 2496 1670 2529 vocatur
1689 2493 1772 2531 Sat.
1794 2494 1843 2544 2,
1871 2495 1912 2543 7,

404 2558 473 2597 33.
534 2558 656 2602 Quam
685 2558 735 2595 ob
764 2571 839 2595 rem
868 2558 986 2596 Poeta
1009 2560 1078 2597 sub
1107 2572 1303 2612 vesperum
1327 2556 1527 2594 instituerit
1550 2569 1721 2608 coenam,
1748 2559 1912 2597 indicant

410 2623 666 2661 Welandias
683 2623 735 2661 N.
762 2625 799 2664 2.
820 2629 858 2662 et
883 2625 1120 2664 Schmidc'us.

515 2690 563 2727 V.
591 2689 632 2730 4.
658 2690 698 2730 5.
766 2692 872 2729 Vina
896 2713 953 2720 —--
978 2694 1198 2730 Petrinum.
1258 2691 1354 2728 Vina
1377 2689 1489 2738 igitur
1519 2701 1564 2726 ex
1592 2689 1700 2727 doliis
1732 2691 1770 2728 in
1800 2691 1911 2728 cados

404 2759 443 2794 et
472 2756 670 2806 amphoras
693 2759 881 2796 transfusa
909 2763 1016 2796 erant
1047 2759 1095 2800 T.
1123 2758 1271 2796 Statilio
1297 2756 1424 2794 Tauro
1438 2755 1487 2793 II.
1514 2769 1595 2794 cum
1619 2756 1789 2808 Augusto
1807 2756 1910 2801 VIII.

404 2835 480 2862 cos,
502 2836 535 2860 a.
562 2836 598 2862 u.
616 2836 646 2860 c.
667 2826 763 2865 728.
785 2830 899 2875 atque
923 2826 1021 2874 hinc·
1037 2827 1200 2876 quinque
1220 2825 1278 2862 vel
1301 2836 1365 2861 sex
1393 2835 1592 2871 annorum;
1620 2825 1710 2862 talia
1728 2823 1911 2862 familiari-

403 2889 474 2927 bus
490 2889 613 2927 amicis
629 2902 817 2940 apponere
833 2905 953 2942 neque
970 2894 1134 2932 sordium
1149 2904 1270 2942 neque
1287 2894 1416 2930 contra
1433 2891 1604 2929 decorum
1621 2895 1713 2930 erat.
1769 2889 1804 2928 A
1822 2902 1910 2928 con-
