2028 3268
153 246 212 288 43
295 244 676 286 COMMENTARII
703 246 763 286 IN
791 246 1015 287 HORATII
1043 246 1145 286 LIB.
1165 247 1196 286 Ι.
1215 245 1384 286 EPIST.
1405 245 1559 285 SEXT.
1619 244 1703 285 315

154 371 205 410 11.
233 383 274 423 p.
303 369 401 410 486.
433 371 564 411 docuit
595 372 849 410 Wec‘clzertzcs
875 373 914 411 in
934 373 1191 412 Commentat.
1221 372 1269 410 de
1293 370 1435 410 Medea
1461 378 1584 409 oestro
1609 384 1708 422 per-

156 440 250 478 cita.
309 438 465 477 Grimae
494 440 618 482 1824.
649 454 688 492 p.
719 443 761 482 7.
789 443 829 480 in
857 455 941 480 eam
967 455 1050 481 rem
1073 441 1227 480 laudato
1254 439 1381 479 Dione
1399 441 1512 479 Cass.
1534 439 1604 489 53,
1637 441 1705 481 27.

156 506 430 547 Celebritatem
458 508 566 560 hujus
595 510 780 562 porticus,
813 523 928 562 quam
957 510 1115 550 Tacitus
1143 511 1182 549 in
1209 510 1356 550 Histor.
1390 511 1430 560 1,
1458 510 1528 550 31.
1559 507 1708 560 (ibique

155 576 349 628 oberlin.)
373 579 576 628 porticum
611 578 851 629 Vipsanium
879 583 1006 629 vocat,
1034 583 1226 619 testantur
1253 579 1338 617 Juv.
1371 579 1422 630 6,
1471 578 1566 620 153.
1596 576 1706 628 (ibiq.

153 643 310 684 Weber.
339 659 379 697 p.
412 645 527 697 221.)
555 646 722 686 Martial.
753 649 795 698 2,
827 645 894 698 14,
926 647 966 688 5.
998 647 1038 688 6.
1069 647 1122 698 3,
1153 647 1230 698 20,
1264 649 1331 689 11.
1365 648 1433 697 11,
1466 648 1506 696 1,
1537 647 1605 687 11.
1638 646 1707 686 12.

154 713 238 752 Ost.
265 713 411 753 Donat.
442 715 490 753 de
524 715 617 754 urbe
644 715 771 754 Roma
798 717 847 767 3,
889 717 957 758 17.
1015 715 1178 754 Nardin.
1207 717 1322 756 Rom.
1351 720 1429 754 vet.
1458 716 1509 765 6,
1546 713 1588 754 9.
1646 710 1709 751 De

153 783 224 819 νία
254 782 394 833 Appi,
421 783 462 821 in
493 796 570 835 qua
601 785 738 824 divites
770 785 934 824 Romani
964 798 1076 824 curru
1099 784 1161 823 vel
1189 784 1336 823 mannis
1363 783 1462 822 vecti
1486 782 1630 835 (Epod.
1665 777 1708 830 4,

155 848 226 892 14.
284 851 400 890 Ovid.
430 864 475 890 ex
504 851 616 891 Pont.
648 855 698 903 2,
741 855 795 904 7,
838 850 926 905 44.)
955 854 994 892 in
1023 853 1130 892 villas
1159 854 1375 906 Campanas
1405 852 1567 892 tendere
1608 849 1710 889 soliti

153 924 258 970 sunt,
286 925 378 971 post
401 920 543 959 Heind.
574 922 625 959 ad
654 922 738 962 Sat.
772 923 819 973 1,
850 921 899 972 5,
928 923 968 963 6.
1001 927 1040 961 et
1067 923 1212 962 Sachse
1237 922 1264 961 l.
1295 922 1322 961 l.
1353 923 1401 961 Π.
1430 936 1470 974 p.
1505 919 1587 962 441
1620 932 1708 971 sqq.

151 990 366 1027 accuratius
395 991 476 1040 egit
503 990 707 1028 Becker-us
731 993 780 1031 ad
807 993 910 1033 Gall.
941 993 972 1033 1.
1002 1008 1042 1046 p.
1074 993 1157 1036 237
1181 1005 1268 1043 sqq.
1295 1013 1354 1020 ·-—
1378 989 1424 1028 V.
1450 990 1518 1033 27.
1549 988 1615 1027 Ire
1644 995 1710 1026 ta-

152 1069 245 1094 men
271 1062 345 1095 etc.
374 1058 400 1095 i.
431 1070 466 1096 e.
497 1070 739 1098 communem
767 1062 953 1101 moriendi
980 1063 1249 1101 necessitatem
1277 1059 1448 1111 effugere
1476 1059 1611 1108 nequit
1637 1071 1710 1109 po-

149 1125 387 1164 tentissimus
428 1129 468 1164 et
495 1128 660 1178 optimus
690 1130 863 1182 quisque.
923 1131 1104 1170 Similiter
1132 1131 1276 1169 Ennius
1308 1141 1371 1179 ap.
1402 1129 1512 1167 Fest.
1542 1142 1582 1179 p.
1611 1126 1709 1170 242.

150 1193 215 1232 ed.
243 1192 420 1232 Lindem.
480 1195 705 1247 Postquam
743 1198 902 1237 lumina
937 1201 993 1238 sis
1028 1199 1156 1238 oculis
1196 1197 1322 1236 bonus
1344 1197 1492 1235 Ancus
1529 1196 1711 1248 reliquit,

150 1275 266 1313 quem
290 1264 481 1314 expressit
507 1263 711 1305 Lucretius
741 1267 791 1318 3,
822 1268 948 1309 1038.
1009 1269 1073 1306 Cf.
1103 1267 1256 1306 Peerlk.
1287 1267 1337 1304 ad
1367 1267 1445 1305 Od.
1475 1264 1525 1315 4,
1556 1267 1608 1315 7,
1641 1264 1709 1305 15.

151 1331 266 1370 Torr.
293 1332 343 1369 ad
375 1331 452 1370 Od.
486 1334 525 1382 1,
556 1334 625 1384 28,
651 1337 692 1375 7.
750 1336 920 1375 Schmid.
949 1336 998 1374 ad
1023 1336 1146 1387 Epist.
1178 1338 1219 1386 2,
1244 1338 1285 1385 2,
1318 1335 1414 1376 179.
1472 1334 1581 1372 Idem
1604 1334 1712 1370 addit

149 1399 200 1438 de
229 1401 343 1439 simili
371 1402 561 1440 sententia
589 1390 760 1442 Gronov.
789 1406 840 1443 ad
869 1406 1006 1444 Senec.
1038 1405 1187 1445 Troad.
1213 1402 1314 1446 406.
1369 1402 1589 1443 Horatianis
1615 1401 1710 1439 locis

148 1482 241 1508 usus
272 1474 333 1508 est
365 1470 520 1509 Hildeb.
552 1471 592 1509 in
618 1471 762 1511 Philos.
793 1487 889 1512 mor.
922 1487 963 1525 p.
994 1473 1082 1515 970
1111 1479 1151 1513 et
1179 1472 1303 1523 992„
1343 1478 1386 1511 ut
1419 1471 1447 1510 l.
1470 1471 1497 1510 l.
1530 1471 1713 1510 observat

150 1538 488 1589 Peerlkampius,
518 1540 589 1578 sed
616 1541 752 1579 vitiose
782 1542 846 1580 ille
875 1543 987 1594 legit:
1026 1540 1091 1580 Ire
1120 1550 1254 1580 tamen
1282 1547 1406 1578 restat
1433 1542 1477 1579 in
1505 1541 1600 1586 via,
1632 1552 1711 1591 quo

149 1607 310 1646 devenit
341 1614 380 1644 et
401 1607 562 1647 Ancus.
621 1607 682 1647 Ad
710 1609 977 1649 illustrandum
1004 1612 1138 1650 mortis
1169 1610 1493 1662 euphemismum,
1529 1622 1644 1660 quem
1672 1612 1713 1646 et

150 1682 281 1716 servat
312 1675 536 1727 Propertius
571 1678 622 1727 3,
677 1679 730 1719 17
759 1677 872 1730 (16),
924 1680 992 1721 21.
1024 1681 1093 1721 22.
1158 1678 1242 1716 Sed
1268 1685 1401 1715 tamen
1436 1677 1518 1715 huc
1546 1689 1711 1723 omnes,-

149 1745 232 1783 Ῐιιισ
251 1747 416 1796 primus
445 1752 484 1782 et
508 1745 676 1784 ultimus
705 1748 815 1785 ordo.
874 1746 954 1783 Est
983 1746 1125 1793 mala,
1153 1746 1227 1784 sed
1253 1747 1408 1784 cuncti-s·
1440 1747 1519 1783 ista
1549 1743 1712 1782 terenda

149 1815 240 1863 via,
288 1813 503 1852 Seebodias
518 1842 533 1861 ,
574 1815 619 1853 V.
648 1815 736 1866 CL,
766 1816 857 1854 mihi
884 1815 1063 1854 indicavit
1090 1815 1266 1866 „Catulh
1298 1816 1324 1856 3
1335 1842 1348 1866 9
1382 1814 1452 1856 10.
1487 1816 1553 1856 11.
1613 1813 1710 1851 Ped.

149 1882 328 1922 Albinov.
356 1883 469 1934 Eleg.
493 1885 588 1926 162.
619 1883 710 1935 ibiq.
732 1883 886 1922 Ruhnk.
916 1898 956 1936 p.
981 1886 1077 1927 122.
1108 1890 1148 1923 et
1177 1885 1299 1936 ejusd.
1327 1882 1461 1922 dictat.
1492 1883 1531 1920 in
1550 1882 1712 1920 Sueton.

148 1966 190 2003 p.
233 1951 329 1994 119.
386 1951 520 1991 Davis.
561 1953 610 1990 ad
649 1953 730 1990 Cic.
771 1953 890 1991 Tusc.
934 1955 980 2002 1,
1029 1951 1099 1992 43.
1158 1953 1305 1991 Moser.
1335 1951 1427 1990 ibid.
1467 1951 1499 1988 I.
1541 1964 1581 2001 p.
1612 1949 1710 1990 358.

149 2020 287 2059 Heius.
313 2019 364 2056 ad
392 2019 507 2056 Ovid.
538 2019 663 2070 Epist.
696 2021 765 2070 17,
797 2020 923 2062 192.“
980 2020 1115 2059 Heius.
1147 2026 1186 2059 et
1213 2021 1345 2058 Burm.
1375 2020 1425 2056 ad
1454 2019 1614 2057 Petron.
1641 2016 1711 2059 42.

150 2087 276 2127 Aliam
304 2088 440 2124 mortis
471 2087 767 2137 descriptionem
794 2087 914 2126 habes
945 2088 1023 2126 Od.
1057 2090 1104 2138 1,
1156 2087 1208 2138 4,
1262 2090 1328 2129 17.
1360 2087 1452 2137 ibiq.
1483 2087 1640 2124 Mitsch.
1672 2091 1714 2123 et

149 2156 358 2196 Burmann.
394 2156 445 2193 ad
482 2153 639 2192 Petron.
674 2156 744 2196 71.
783 2169 823 2206 p.
864 2153 963 2197 354.
1007 2156 1058 2194 cf.
1099 2161 1272 2195 annotat.
1312 2156 1362 2194 ad
1401 2155 1525 2207 Epist.
1571 2156 1619 2204 1,
1669 2154 1712 2202 4,

152 2224 221 2266 13.
255 2221 322 2266 14.

264 2291 310 2330 V.
346 2291 400 2333 28
425 2311 473 2319 -
497 2291 567 2332 31.
631 2290 680 2327 Si
708 2290 816 2328 latas
844 2313 901 2321 —-
930 2291 1094 2329 deliciis.
1173 2291 1355 2329 Horatius
1395 2291 1495 2329 redit
1523 2291 1572 2328 ad
1611 2302 1714 2327 sum-

149 2372 252 2399 mam
287 2359 557 2410 disputationis
587 2359 658 2398 hac
695 2360 849 2410 quidem
879 2361 1086 2398 sententia:
1133 2359 1206 2409 „Si
1230 2361 1327 2398 hanc
1358 2359 1407 2411 [v.
1441 2360 1479 2400 1.
1512 2357 1565 2408 2.]
1614 2357 1714 2395 bene

149 2427 339 2480 beateque
368 2428 518 2466 vivendi
545 2440 718 2466 normam
757 2427 828 2466 tibi
867 2427 1132 2478 constitueris,
1184 2428 1234 2466 ad
1271 2441 1356 2467 eam
1395 2440 1527 2466 omnes
1564 2427 1711 2463 referas

150 2502 306 2550 oportet
329 2498 522 2547 actiones,
565 2497 680 2535 veluti
710 2510 825 2548 quum
853 2500 1057 2546 aegrotas,
1097 2510 1175 2535 non
1202 2509 1248 2535 ea
1275 2497 1444 2535 remedia
1485 2494 1715 2546 negligenda

151 2571 262 2616 sunt,
307 2578 405 2616 quae
443 2570 484 2604 te
525 2566 670 2604 faciant
705 2578 851 2603 sanum.
910 2563 963 2603 Et
999 2566 1033 2602 si
1067 2566 1246 2603 virtutem
1273 2565 1366 2602 illud
1408 2567 1606 2615 praestare
1643 2562 1715 2601 tibi

152 2635 413 2686 persuaseris,
446 2634 486 2671 in
515 2645 600 2671 eam
629 2632 803 2672 omnibus
832 2632 975 2671 viribus
1005 2633 1248 2671 incumbes.“
1317 2632 1438 2671 Poeta
1466 2637 1595 2670 autem
1622 2644 1713 2684 per-

153 2703 224 2754 git,
253 2702 293 2740 id
321 2701 424 2753 quod
451 2700 633 2752 plurimos
662 2702 801 2740 fefellit
829 2704 1076 2752 interpretes,
1105 2702 1144 2739 in
1162 2701 1399 2752 Imperativis
1437 2700 1524 2751 illis,
1549 2705 1591 2739 ut
1616 2713 1714 2751 quae

154 2773 375 2820 comparate
403 2768 565 2807 dicenda
594 2775 717 2820 erant,
747 2772 970 2822 praecipere
1001 2771 1185 2808 videatur.
1246 2770 1325 2808 Sed
1352 2770 1427 2808 hoc
1456 2768 1560 2807 illum
1591 2769 1710 2819 signi-

151 2837 270 2876 ficare
298 2836 479 2885 voluisse,
508 2838 600 2874 satis
631 2839 860 2889 perspicitur
889 2852 933 2876 ex
960 2838 1069 2876 simili
1089 2839 1127 2875 in
1149 2851 1295 2875 summo
1319 2837 1423 2876 bono
1442 2837 1709 2876 constituendo

154 2904 323 2945 clausula
349 2917 384 2942 v.
409 2901 479 2944 47.
509 2901 579 2946 48.
610 2906 678 2945 66.
735 2906 820 2945 Huc
850 2907 998 2945 accedit
1026 2906 1170 2944 Poetae
1199 2906 1311 2955 ratio,
1342 2919 1430 2957 qua,
1475 2906 1528 2945 uti
1549 2905 1713 2955 Aristip—

153 2985 225 3024 pus
253 2973 436 3024 [Schmid.
466 2972 516 3010 ad
545 2973 670 3025 Epist.
702 2977 743 3024 2,
775 2977 816 3024 2,
850 2973 985 3025 145.]‚
1032 2974 1144 3012 animi
1175 2974 1377 3015 sanitatem
1408 2988 1493 3014 cum
1542 2973 1714 3026 corporis
