2028 3268
417 236 501 279 250
549 233 925 277 COMMENTARII
949 236 1006 275 IN
1024 234 1248 275 HORATII
1271 235 1369 277 LIB.
1391 237 1419 277 Ι.
1450 238 1613 280 EPIST.
1634 239 1816 286 QUINT.
1873 241 1928 282 60

418 358 609 407 progeniei
633 358 692 396 vel
724 358 774 398 T.
800 358 857 395 vel
887 355 933 394 A.
960 355 1088 394 Manlii
1106 356 1303 406 Torquati.
1360 357 1468 396 Illum
1495 361 1644 409 quidem
1667 361 1870 399 omiserunt
1886 364 1927 399 et

416 422 612 461 Ernestius
643 427 682 460 et
714 423 908 460 Schiitzius
923 449 936 471 ,
971 426 1014 460 ut
1041 427 1141 461 recte
1171 423 1344 462 observat
1365 425 1524 463 Orellius
1543 427 1582 464 in
1607 428 1800 467 onomast.
1823 426 1925 467 Tull.

417 503 458 540 p.
479 489 574 531 379.

530 555 705 603 Quisquis
722 554 793 591 fuit
814 553 1029 603 Torquatus
1045 554 1128 606 ille,
1154 556 1224 594 fuit
1242 556 1494 596 celeberrimus
1515 571 1706 597 causarum
1732 564 1926 611 patronus,

415 621 550 670 homo,
584 625 626 658 ut
643 621 812 669 videtur,
849 633 871 658 a
887 621 1082 671 splendida
1111 623 1284 672 lautaque
1311 624 1388 662 vita
1410 637 1486 662 non
1504 625 1664 674 alienus,
1692 625 1820 675 isque,
1850 637 1925 674 quo

415 687 595 724 Horatius
615 691 780 724 uteretur
799 687 1033 726 familiariter.
1089 688 1287 726 Hominem
1311 690 1396 741 plus
1428 703 1547 740 aequo
1575 703 1726 743 parcum
1751 704 1794 729 ac
1820 695 1925 728 tena-
1958 702 1966 710 ·

416 764 494 789 cem
512 752 617 789 multi
633 764 716 788 eum
737 754 904 791 fecerunt
919 757 1032 803 atque
1053 753 1164 791 hodie
1181 755 1322 792 faciunt
1340 756 1574 807 interpretes,
1589 758 1628 794 in
1650 757 1783 806 quibus
1807 756 1924 794 We-

416 818 577 854 landias
591 822 739 855 nostras
758 819 929 857 subtilius
953 833 1061 870 quam
1085 820 1206 858 verius
1230 822 1413 860 disseruit.
1469 823 1545 860 Sed
1575 822 1756 861 maculam
1789 823 1926 861 tenaci-

416 884 504 922 tatis
528 883 574 921 ab
593 884 856 934 interpretibus
874 886 954 923 viro
979 887 1120 936 optimo
1143 899 1331 937 aspersam
1363 888 1571 927 humaniter
1596 888 1771 926 abstersit
1795 888 1925 926 huma—

415 951 588 988 nissimus
617 951 685 987 Fr.
718 951 926 989 Jacobsz'us
954 954 991 989 in
1022 954 1169 1003 „Verm.
1188 955 1399 992 Schriften“
1428 955 1475 992 V.
1494 969 1532 1006 p.
1552 955 1620 995 30.
1640 967 1738 1004 sqq.‚
1766 965 1925 1004 quocum

413 1017 564 1066 confer,
590 1029 685 1065 quae
704 1018 754 1055 ad
773 1032 808 1055 v.
829 1020 868 1058 8.
890 1019 1069 1057 dicentur.
1129 1021 1272 1064 Quodsi
1291 1033 1378 1058 vera
1395 1025 1484 1059 sunt
1504 1034 1598 1071 quae
1616 1021 1663 1057 de
1685 1020 1826 1070 gratia,
1851 1031 1925 1069 qua

413 1082 569 1120 multum
593 1082 750 1122 valuerit
777 1085 992 1134 Torquatus
1023 1087 1125 1136 apud
1151 1086 1383 1137 Augustum,
1411 1088 1615 1138 disputavit
1657 1085 1923 1131 Weichertzcs,

415 1162 491 1186 non
511 1149 841 1200 praetermittenda
855 1151 1000 1189 silentio
1019 1157 1077 1190 est
1096 1153 1203 1202 hujus
1221 1153 1288 1190 viri
1307 1154 1507 1191 doctissimi
1523 1153 1719 1202 sententia,
1741 1165 1814 1201 qua
1834 1152 1924 1202 quid

415 1214 536 1254 Poeta
563 1216 601 1252 in
625 1217 821 1256 scribenda
854 1218 922 1256 hac
949 1218 1121 1270 Epistola
1152 1221 1348 1270 spectarit,
1386 1224 1513 1272 aperte
1539 1220 1717 1257 declarat:
1759 1217 1923 1268 „Plures

415 1285 537 1318 autem
563 1281 700 1332 (inquit
731 1283 791 1321 ille
826 1298 864 1335 p,
893 1286 1007 1337 310.)
1040 1285 1230 1336 Epistolae
1246 1285 1393 1324 Horatii
1423 1291 1601 1324 testatum
1620 1287 1783 1334 faciunt,
1812 1297 1923 1334 quam

413 1351 567 1398 accepta
582 1361 625 1384 ac
635 1349 798 1398 jucunda
816 1351 886 1401 ipsi
909 1351 1019 1389 fuerit
1035 1353 1264 1390 consuetudo
1282 1366 1363 1390 cum
1386 1352 1594 1390 hominibus
1604 1351 1704 1402 apud
1713 1349 1924 1399 Augustum

413 1415 589 1463 gratiosis
620 1419 659 1452 et
692 1429 800 1465 quam
830 1430 943 1468 saepe
970 1431 1013 1455 ac
1045 1419 1215 1456 lubenter
1243 1420 1291 1456 ad
1315 1431 1379 1456 eos
1413 1418 1619 1468 scripserit,
1648 1429 1726 1455 non
1755 1428 1830 1465 quo
1858 1427 1923 1453 eos

412 1481 584 1518 edoceret
611 1482 753 1520 adeove
793 1485 839 1521 de
866 1485 1025 1522 stultitia
1050 1486 1189 1523 urbane
1214 1490 1482 1535 commoneret,
1519 1485 1586 1522 sed
1614 1487 1656 1522 ut
1687 1483 1754 1521 hac
1767 1483 1923 1532 ratione,

413 1548 503 1596 quid
523 1549 604 1598 ipse
619 1550 775 1587 sentiret
793 1552 840 1588 de
857 1553 932 1589 vita
954 1554 1139 1602 rebusque
1169 1552 1361 1601 humanis,
1389 1551 1606 1600 divulgaret.
1663 1549 1806 1587 Eodem
1836 1560 1922 1585 con-

411 1614 491 1652 silio
510 1616 559 1651 ad
581 1614 817 1663 Torquatum
835 1619 1011 1668 scriptam
1028 1632 1110 1657 esse
1136 1631 1267 1656 censeo
1287 1631 1400 1668 quum
1420 1618 1645 1669 Epistolam,
1672 1619 1752 1653 tum
1767 1615 1922 1652 maxime

412 1681 536 1718 odam
553 1681 672 1731 illam,
692 1683 729 1719 in
747 1695 821 1731 qua
841 1697 909 1722 suo
928 1698 1029 1723 more
1047 1687 1093 1723 de
1111 1690 1210 1723 recto
1229 1686 1327 1722 vitae
1347 1684 1488 1733 fugacis
1509 1696 1578 1720 usu
1597 1679 1922 1734 philosophatur.“

411 1748 656 1796 Quanquam,
684 1748 716 1783 si
746 1749 793 1785 de
820 1754 986 1801 tempore
1010 1752 1219 1802 scriptionis
1238 1751 1448 1799 quaeritur,
1477 1751 1515 1786 in
1534 1750 1602 1786 hac
1615 1747 1783 1799 Epistola
1799 1751 1921 1785 certae

411 1814 588 1863 temporis
606 1818 717 1851 notae
735 1817 891 1866 desunt,
921 1818 959 1854 id
979 1822 1104 1855 tamen
1127 1819 1164 1855 in
1186 1821 1363 1868 promptu
1383 1820 1463 1865 est,
1483 1829 1563 1853 eam
1587 1827 1684 1852 anno
1709 1815 1804 1854 728.
1833 1827 1868 1850 u·
1886 1826 1919 1850 c·

410 1881 652 1931 posteriorem
670 1893 751 1918 esse
766 1887 879 1931 atque
901 1883 1044 1932 aliquot
1075 1885 1181 1922 annis
1196 1888 1284 1934 post
1302 1884 1477 1934 scriptam
1497 1882 1622 1920 videri.
1678 1879 1920 1917 Kirclmerus

410 1947 547 1996 igitur,
578 1959 735 1996 quocum
762 1949 902 1987 faciunt
923 1951 1150 1987 Schmidius
1178 1954 1216 1987 et
1251 1950 1517 1994 Weichertas,
1544 1947 1752 1998 Epistulam
1779 1947 1828 1983 ad
1854 1958 1920 1983 an-

411 2027 499 2051 num
521 2015 616 2054 733.
635 2016 770 2052 referre
791 2028 865 2052 non
887 2017 1045 2055 dubitat.
1103 2016 1227 2065 Atque
1246 2016 1346 2052 haud
1360 2016 1434 2052 scio
1454 2027 1502 2051 an
1517 2027 1633 2051 annus
1651 2010 1745 2054 734.
1761 2011 1813 2064 (V
1814 2010 1920 2063 arn),

410 2081 442 2118 si
466 2081 574 2118 liceat
597 2082 747 2132 conjici,
774 2082 999 2131 probabilior
1025 2084 1086 2120 sit.
1141 2083 1226 2120 Hoc
1246 2083 1342 2120 enim
1359 2094 1479 2131 anno,
1507 2081 1609 2129 quod
1631 2083 1729 2116 recte
1748 2078 1921 2115 observa—

410 2149 465 2185 vit
497 2149 587 2185 Car.
621 2148 820 2185 Frankms
849 2163 886 2199 p.
913 2148 1032 2199 204„
1068 2149 1229 2199 Augusti
1257 2149 1334 2186 dies
1362 2149 1497 2186 natalis
1518 2148 1655 2197 majore
1675 2148 1858 2196 apparatu
1881 2147 1920 2181 et

409 2214 608 2264 splendore
634 2219 731 2252 teste
757 2214 878 2253 Dione
899 2217 1031 2253 Cassio
1051 2214 1126 2266 54,
1155 2218 1194 2256 8.
1225 2215 1498 2254 concelebratus
1516 2226 1597 2251 esse
1617 2213 1774 2251 videtur.
1829 2210 1920 2248 Ete-

410 2281 485 2317 nim
515 2281 578 2329 qui
604 2281 776 2320 natalicia
801 2283 887 2320 Julii
915 2283 1086 2321 Caesaris
1111 2282 1342 2332 intelligunt,
1377 2281 1515 2318 habent
1542 2281 1567 2316 ii
1597 2279 1745 2328 quidem
1769 2279 1810 2314 in
1832 2276 1919 2314 'rem

409 2360 515 2385 suam
534 2348 725 2385 aestivam
744 2349 841 2386 illam
871 2358 1020 2386 noctem
1048 2349 1100 2401 (a.
1128 2351 1163 2387 d.
1184 2349 1244 2387 IV.
1266 2349 1323 2389 Id.
1343 2345 1538 2398 Quintil.),
1564 2349 1730 2383 attamen
1754 2344 1918 2393 dixerim,

410 2415 607 2453 Horatium
621 2443 632 2465 ,
657 2416 688 2452 si
706 2414 843 2452 Julium
859 2415 1058 2453 Caesarem
1075 2415 1334 2464 intellexisset,
1369 2427 1443 2451 non
1463 2412 1617 2463 simplici
1645 2411 1822 2448 Caesaris
1850 2423 1918 2447 no-

409 2482 506 2519 mine
526 2495 676 2519 usurum
690 2482 825 2531 fuisse,
853 2494 1064 2531 quanquam
1085 2495 1142 2519 me
1164 2494 1239 2519 non
1257 2481 1374 2530 fugit,
1401 2480 1440 2516 id
1471 2479 1570 2516 nude
1597 2479 1673 2516 od.
1699 2478 1745 2526 1,
1774 2479 1820 2526 2,
1849 2474 1915 2518 44.

411 2548 489 2584 Sat.
511 2549 554 2598 1,
580 2549 625 2596 9,
651 2549 716 2588 18.
747 2549 794 2585 de
824 2548 896 2585 Jul.
930 2549 1090 2587 Caesare
1119 2549 1299 2599 usurpari.
1357 2546 1409 2583 At
1428 2545 1498 2584 alia
1519 2549 1576 2582 est
1594 2545 1736 2581 illorum
1753 2543 1917 2580 locorum

410 2614 518 2651 ratio.
578 2615 752 2651 Ceterum
779 2626 823 2651 eo
854 2619 1072 2664 argumento
1101 2619 1188 2665 post
1219 2614 1435 2651 Massonum
1465 2626 1502 2662 p.
1527 2611 1621 2652 209.
1652 2609 1828 2659 imprimis
1861 2609 1915 2646 usi

409 2683 498 2715 sunt
528 2680 775 2716 Wec'clzerlu-s·
810 2696 849 2732 p.
877 2682 972 2721 316.
1003 2685 1042 2718 et
1073 2682 1164 2718 Car.
1193 2680 1390 2716 Frank-las
1418 2693 1455 2729 p.
1486 2678 1578 2719 203.
1637 2678 1760 2722 Quum
1778 2675 1916 2712 caesar

409 2746 602 2794 Augustus
637 2747 672 2784 d.
700 2747 765 2784 ΙΧ.
786 2746 870 2784 Kal.
887 2747 1040 2786 Octobr.
1066 2752 1174 2784 natus
1197 2750 1312 2795 esset,
1339 2745 1526 2783 verissime
1547 2743 1744 2781 Frank-ius
1769 2742 1915 2780 videtur

409 2812 624 2861 conjecisse,
653 2813 747 2850 hanc
767 2814 915 2852 Horatii
933 2814 1139 2865 Epistulam
1157 2813 1274 2864 pridie
1291 2812 1505 2849 sollemnem
1523 2812 1595 2848 diei
1609 2809 1741 2848 natalis
1755 2806 1914 2856 Augusti

409 2877 690 2917 celebrationem
710 2880 865 2931 primum
887 2894 918 2919 a.
935 2878 1029 2924 734.
1045 2880 1236 2932 magnifica
1251 2891 1391 2932 pompa
1410 2878 1618 2917 institutam
1638 2879 1660 2918 i.
1678 2889 1714 2914 e.
1735 2875 1773 2915 d.
1795 2873 1910 2912 XXII.
