2028 3268
276 262 647 302 COMMENTARII
674 263 729 301 IN
753 260 975 301 HORATH
1002 258 1176 299 EPIST.
1202 259 1346 299 PRIM.
1376 259 1478 298 LIB.
1507 259 1540 298 Ι.
1626 255 1681 299 67

136 391 231 432 pem
243 379 379 417 locum
394 378 436 415 in
451 377 610 414 civitate
629 381 835 414 tenentem
854 373 1167 423 deducebantur,
1201 373 1312 424 cujus
1332 371 1520 411 omnibus
1537 369 1681 411 dictio-

136 447 254 485 nibus
280 447 536 494 interessent,
570 458 771 498 quemque
797 451 843 482 ut
868 448 1170 495 praeceptorem
1195 441 1382 480 audirent
1411 441 1682 494 colerentque.

136 514 226 555 Vid.
247 515 390 552 Graev.
420 521 459 552 et
481 515 675 565 Heusing.
693 512 744 551 ad
764 513 844 553 Cic.
863 511 939 551 Off.
962 511 985 552 1
998 541 1009 560 ,
1031 509 1102 552 34.
1162 509 1314 550 Gernh.
1334 507 1386 548 ad
1405 509 1489 548 cic.
1506 509 1620 546 Lael.
1643 509 1683 557 1,

141 583 179 623 1.
200 588 240 619 et
259 582 361 620 Zell.
387 580 439 619 ad
462 581 591 633 Epist.
613 582 662 630 2,
695 584 743 630 1,
776 580 872 621 106.
912 579 1100 617 Ceterum
1124 578 1177 617 ad
1203 579 1416 617 veritatem
1442 575 1563 628 hujus
1586 574 1684 614 dicti

138 650 323 702 proxime
344 647 551 698 accedunt,
581 662 685 701 quae
704 646 855 686 habent
872 647 1090 686 Sallustius
1115 647 1228 698 (Jug.
1246 648 1284 695 1,
1302 645 1341 687 5.
1378 645 1532 697 Quodsi
1553 643 1685 682 homi-

78 719 81 723 ’
138 717 257 756 nibus
275 716 470 755 bonarum
487 731 621 755 rerum
640 723 756 754 tanta
775 730 874 754 cura
896 723 1010 763 esset,
1034 721 1186 767 quanto
1206 715 1339 753 studio
1359 714 1496 752 aliena
1512 727 1564 751 ac
1579 711 1687 750 nihil

135 785 351 838 profutura
387 785 636 837 multumque
671 785 790 822 etiam
821 784 1051 835 periculosa
1080 789 1254 834 petunt·
1238 811 1251 830 ‚
1303 796 1430 835 neque
1455 787 1685 834 regerentur

139 855 295 906 magis,
325 866 448 905 quam
469 860 646 904 regerent
672 866 816 897 eas-us,
846 859 884 889 et
910 865 952 889 eo
979 849 1275 902 magnitudinis
1299 850 1585 900 procederent,
1614 847 1686 886 ubi

132 937 212 975 pro
229 920 462 960 mortalibus
487 921 620 973 gloria
637 922 788 959 aeterni
794 916 980 970 fierent)
1009 926 1049 957 et
1069 919 1208 956 Cicero
1235 917 1304 970 (de
1323 917 1438 956 Offic.
1459 918 1498 967 1,
1523 917 1593 967 20,
1617 917 1686 958 66-

147 990 320 1029 Omnino
337 989 463 1041 sortis
487 991 647 1027 animus
685 996 722 1027 et
745 1001 921 1040 magnus
954 985 1113 1025 duabus
1137 984 1255 1024 rebus
1288 987 1460 1024 maxime
1493 986 1686 1032 cernitur,

140 1071 314 1112 quarum
337 1070 422 1095 una
445 1057 491 1094 in
514 1070 645 1094 rernm
670 1063 921 1094 externarum
947 1054 1206 1105 despicientia
1221 1055 1410 1105 ponitur,
1440 1067 1566 1106 quum
1586 1066 1686 1104 per-

138 1141 304 1165 suasum
327 1127 404 1173 sit,
452 1125 558 1164 nihil
578 1125 776 1164 hominem
788 1153 804 1171 ,
844 1125 924 1162 nisi
951 1123 1062 1176 qnod
1084 1122 1295 1160 honestum
1324 1122 1588 1173 decorumque
1615 1122 1686 1168 sit,

137 1202 214 1232 aut
235 1194 432 1232 admirari
453 1202 527 1232 aut
550 1202 686 1246 optare
709 1200 785 1232 aut
808 1199 980 1243 expetere
1001 1190 1139 1229 debere
1158 1189 1254 1242 etc.)
1284 1191 1464 1244 itemque
1489 1191 1685 1228 Isocrates

140 1262 193 1301 ad
203 1262 411 1300 Demonic.
421 1276 461 1313 p.
475 1262 614 1304 11.ed.
622 1261 754 1302 Wolf.
767 1260 888 1301 1651.
915 1258 1039 1314 Ἡγοῠ
1053 1261 1136 1300 τῶν
1157 1254 1426 1311 ἀκουσμάτων
1447 1255 1575 1300 πολλιὶ
1592 1260 1686 1299 πολ-

139 1333 222 1371 λῶν
241 1326 344 1370 εἶναι
361 1326 572 1382 χρημάτων
591 1329 766 1384 κρείττω.
790 1351 843 1356 -
856 1348 910 1356 -
927 1323 1109 1379 Αἰσχρὸν
1133 1323 1226 1381 γοῖρ,
1253 1322 1349 1375 τούς
1379 1323 1454 1378 μὲν
1483 1322 1688 1380 ἐμπόρους

141 1399 357 1450 τηλικαῦτα
379 1392 531 1450 πελάγη
550 1398 748 1452 διαπερᾷν
768 1395 884 1437 ἕνεκα
900 1397 974 1435 τοῦ
993 1396 1116 1437 πλείω
1135 1396 1304 1447 ποιῆσαι
1321 1391 1398 1448 τήν
1416 1391 1683 1449 ὑπάρχουσαν

141 1461 298 1514 οὐσίαν,
314 1460 409 1512 τούς
420 1463 464 1506 δὲ
483 1464 699 1518 νεωτέρους
708 1461 810 1517 μηδὲ
820 1460 891 1511 τοὶς
907 1460 1007 1504 nato?
1029 1466 1108 1518 γῆν
1126 1463 1291 1517 πορείας
1307 1461 1529 1516 ὑπομένειν
1546 1461 1613 1507 ἐπὶ
1628 1463 1687 1518 τῷ

139 1533 280 1586 βελτίω
290 1535 536 1586 καταστῆσαι
544 1531 618 1586 τήν
629 1532 782 1574 ἑαυτῶν
794 1529 991 1573 διάνοιαν.
1011 1533 1059 1569 111
1072 1530 1244 1580 eandem
1253 1544 1337 1569 rem
1351 1531 1501 1583 optime
1509 1533 1626 1570 Plato
1642 1531 1686 1568 in

138 1602 258 1654 Apol.
271 1601 382 1640 Socr.
395 1614 428 1638 c.
442 1602 507 1642 17.
517 1601 567 1638 D.
578 1602 627 1638 E.
638 1614 678 1652 p.
690 1599 758 1641 55.
767 1598 829 1638 ed.
838 1600 982 1638 Stallb.
994 1606 1034 1637 et
1041 1600 1210 1651 Diogen.
1224 1613 1286 1652 ap.
1295 1600 1412 1651 Diog.
1421 1601 1554 1638 Laert.
1563 1600 1601 1648 6,
1611 1599 1685 1639 27.

249 1671 299 1709 V.
322 1667 506 1711 49—51.
571 1669 670 1720 Quis
694 1692 750 1697 —
773 1667 971 1719 palmae?
1026 1669 1190 1706 Nexus:
1221 1669 1275 1705 Et
1302 1669 1391 1720 quis
1422 1679 1526 1716 non,
1557 1667 1685 1705 veluti

139 1739 175 1777 si
200 1737 309 1789 optio
335 1736 472 1786 detur,
502 1743 548 1774 ut
576 1738 701 1788 eligat
729 1743 931 1774 certamen
954 1736 1021 1775 vel
1052 1735 1384 1775 honestissimum
1410 1742 1450 1773 et
1475 1735 1587 1784 leve,
1616 1735 1684 1773 vel

138 1805 302 1856 vulgare
322 1810 362 1841 et
385 1805 667 1857 periculosum,
693 1806 810 1844 bonis
828 1806 915 1844 istis
938 1804 1050 1844 omni
1068 1804 1216 1842 virium
1236 1803 1493 1843 contentione
1517 1816 1684 1856 compa·

138 1871 274 1911 randis
300 1879 340 1910 et
371 1886 394 1911 a
420 1875 617 1912 vilissimo
649 1886 810 1927 quoque
837 1873 1025 1926 expetitis
1059 1878 1303 1924 anteponere
1331 1872 1448 1910 malit
1475 1884 1684 1911 summum

139 1940 305 1989 boumn,
326 1940 448 1992 quod,
478 1944 572 1996 quia
588 1942 632 1978 in
655 1943 771 1981 nobis
792 1950 852 1981 est
869 1944 1060 1995 positum,
1079 1940 1198 1980 dulce
1215 1942 1302 1980 sine
1321 1953 1472 1992 magno
1494 1947 1533 1978 et
1552 1953 1685 1993 paene

140 2009 228 2047 sine
262 2008 346 2046 ullo
377 2009 514 2048 labore
548 2009 665 2048 nobis
706 2009 823 2048 offert
855 2008 1115 2062 praemium?
1171 2011 1420 2049 Gesneriana
1449 2008 1572 2060 hujus
1602 2008 1684 2048 loci

140 2076 414 2127 interpretatio
436 2089 518 2114 non
539 2077 588 2114 ab
609 2080 720 2115 omni
739 2086 851 2131 parte
873 2085 933 2116 est
961 2090 1080 2126 vera3
1118 2077 1191 2117 sed
1216 2077 1316 2127 hoc,
1348 2076 1459 2129 quod
1487 2076 1682 2126 diximus,

140 2145 316 2184 voluisse
327 2145 494 2181 poetam
512 2142 757 2183 demonstrat
774 2145 1016 2198 comparatio
1032 2147 1181 2197 pugilis
1196 2146 1240 2182 in
1255 2145 1403 2183 vilibus
1416 2144 1684 2195 Paganalium

139 2213 251 2252 ludis
268 2219 308 2250 et
326 2213 531 2250 luctatoris
549 2213 593 2249 in
615 2213 774 2263 magnis
793 2213 988 2266 Olympiis
1001 2241 1011 2261 ,
1040 2211 1221 2250 indicant
1237 2226 1339 2251 vers.
1366 2209 1536 2253 44—46
1548 2241 1559 2262 ,
1587 2225 1684 2264 per-

138 2280 282 2320 suadet
303 2279 427 2328 illud,
457 2279 566 2332 quod
586 2279 763 2318 addidit:
793 2281 877 2318 sine
899 2279 1086 2331 pulvere,
1127 2281 1234 2332 cogit
1263 2281 1364 2330 juris
1393 2280 1562 2318 verbum
1587 2293 1686 2318 con-

137 2349 235 2388 ditio
251 2362 345 2387 cum
365 2347 540 2401 quadam
565 2349 607 2386 vi
628 2349 819 2400 positum.
877 2349 981 2386 Hinc
1008 2348 1038 2385 ii
1060 2348 1198 2386 locum
1218 2348 1566 2399 elegantissimum
1587 2362 1683 2401 per-

137 2418 318 2467 turbant,
351 2418 421 2470 qui
439 2422 508 2454 aut
527 2416 773 2454 contendunt
791 2417 926 2468 legere
948 2417 1128 2466 malunt,
1162 2424 1251 2466 aut,
1284 2423 1330 2455 ut
1357 2415 1562 2470 Briegleb.
1592 2416 1683 2470 (qui

138 2490 274 2523 contra
298 2484 508 2523 Weland.
533 2483 711 2537 disputat
729 2486 773 2522 in
801 2484 1023 2523 Observata
1052 2483 1112 2522 ad
1126 2483 1372 2523 illustranda
1390 2493 1566 2524 veterum
1581 2487 1683 2523 scri-

134 2558 296 2602 ptorum
319 2552 408 2591 loca
434 2555 648 2605 pertinent.
710 2555 857 2592 Partic.
888 2554 959 2591 ΠΙ.
993 2551 1169 2603 Coburg.
1199 2554 1323 2595 1783.
1351 2567 1393 2606 p.
1419 2553 1498 2608 X.)
1530 2566 1680 2605 magno

136 2619 272 2658 labore
301 2627 340 2658 et
363 2623 500 2660 multis
530 2621 747 2659 exantlatis
775 2622 973 2659 molestiis
1003 2623 1227 2673 comparari
1250 2623 1366 2660 illam
1391 2623 1582 2660 virtutem
1604 2620 1679 2660 do-

137 2694 252 2736 cent,
284 2700 382 2739 quas
411 2690 518 2726 male
537 2688 693 2728 oderint
719 2687 905 2727 homines
928 2690 1064 2738 stulti,
1095 2690 1279 2742 quamvis
1303 2688 1427 2727 iidem
1455 2690 1563 2727 male
1590 2690 1679 2728 sani

133 2757 369 2808 pauperiem
395 2757 574 2808 fugiant,
605 2757 763 2796 divitias
790 2763 1070 2796 consectentur
1099 2771 1172 2810 per
1199 2769 1309 2794 mare
1342 2763 1440 2807 etc.‚
1469 2771 1568 2796 nam
1591 2759 1680 2796 sine

131 2823 299 2875 pulvere
326 2825 354 2862 i.
381 2838 416 2862 e.
445 2826 529 2863 sine
559 2839 707 2879 magno
736 2825 875 2864 labore
901 2832 941 2863 et
962 2839 1047 2864 non
1074 2825 1267 2865 mediocri
1288 2825 1567 2864 molestiarum
1597 2839 1675 2878 pa-

134 2892 274 2930 tientia
292 2906 446 2945 magna
458 2894 651 2932 neminem
666 2896 852 2933 coronari
874 2893 1076 2945 Olympia.
1110 2900 1112 2902 '
1137 2898 1275 2949 Neque
1295 2907 1526 2948 quenquam
1539 2895 1678 2933 mirari

134 2958 290 3010 debere,
321 2961 377 2999 ait
395 2961 479 3010 ille,
500 2962 668 3001 Poetam
689 2963 898 3014 pulverem
915 2962 1138 3014 ostendere,
1167 2970 1214 3002 ut
1231 2963 1275 3000 in
1295 2963 1535 3015 cogitatione
1552 2970 1677 3015 ponat

1270 3027 1344 3072 5*
