2028 3268
201 267 256 309 53
312 265 684 305 COMMENTARII
713 266 766 303 IN
796 264 1021 302 HORATII
1051 262 1222 301 EPIST.
1249 261 1468 301 SECUND.
1491 262 1593 300 LIB.
1615 263 1648 298 I.
1681 257 1765 300 159

203 380 362 430 „Ueber
391 378 455 417 die
486 379 771 417 Pantomimen
803 375 874 415 der
895 378 1072 415 Ῑῖὅιῐιει·ιι
1100 377 1143 414 in
1172 374 1317 414 Rhein.
1346 376 1453 414 Mus.
1490 374 1614 417 1833.
1643 376 1693 414 11.
1726 376 1760 415 1.

202 462 240 502 p.
260 448 330 490 33.
388 448 563 487 Omnino
594 446 643 486 de
674 447 778 484 curis
809 444 1228 498 sollicitudinibusque
1253 446 1295 483 vi
1313 445 1491 483 Musicae
1513 441 1764 495 depellendis

203 514 435 556 Schmidius
465 514 606 553 laudat
634 515 762 567 Epod.
795 515 861 564 13,
892 515 931 555 9.
966 515 1033 555 10.
1064 515 1178 554 Varr.
1204 515 1392 552 Parmen.
1421 515 1579 566 Fragm.
1609 526 1646 564 p.
1668 511 1763 552 299.

202 585 344 624 Senec.
377 586 508 638 Epist.
543 587 636 627 120.
668 585 728 622 Cf.
762 581 882 622 eund.
914 581 965 620 ad
994 584 1123 634 Epist.
1154 584 1194 630 2,
1224 585 1264 632 2,
1295 583 1334 623 9.
1364 597 1405 636 p.
1433 582 1527 624 168.
1586 583 1696 619 Haec
1726 585 1766 617 et

201 655 300 692 talia
330 655 451 692 etiam
486 655 702 706 exprobrat
730 651 944 703 juvenibus
982 653 1046 689 sui
1083 652 1276 702 temporis
1314 650 1466 689 Seneca
1503 651 1545 688 in
1575 650 1761 688 Controv.

201 723 272 761 lib.
307 724 343 763 1.
381 737 561 775 prooem.
592 737 631 775 p.
663 723 731 763 61.
788 722 878 772 Bip.
910 726 950 757 et
985 720 1036 760 cf.
1069 719 1210 758 Senec.
1251 718 1301 756 de
1339 719 1488 760 Brevit.
1526 720 1599 758 vit.
1630 732 1663 757 c.
1696 718 1764 759 12.

203 791 249 831 Si
276 790 385 829 idem
413 792 622 830 Herbstius
651 791 892 829 insolentem
919 787 1137 826 dictionem
1167 801 1262 824 cess.
1298 787 1391 825 duc.
1426 802 1511 826 cur.
1546 801 1568 825 a
1593 801 1766 826 consue-

202 859 343 898 tudine
374 862 592 899 Horatiana
621 860 818 907 alienam,
854 864 974 910 atque
1005 856 1054 894 ob
1095 869 1184 893 eam
1215 869 1377 894 causam
1414 870 1467 894 ex
1496 863 1631 894 vetere
1661 868 1766 908 quo-

202 929 313 982 piam
339 930 498 968 malove
526 933 645 982 poeta
672 925 752 964 huc
781 925 1008 964 traductam
1038 925 1262 973 arbitratur,
1294 939 1505 964 assensum
1535 927 1572 963 ei
1600 938 1765 978 prorsus

205 996 375 1050 denego.
434 999 560 1037 Poeta
591 997 699 1034 enim
717 996 893 1046 jocosius
923 1001 1043 1047 atque
1076 1008 1130 1032 ex
1162 1007 1235 1032 suo
1265 1008 1377 1032 more
1407 995 1596 1044 liberius,
1627 1000 1672 1031 ut
1696 993 1766 1043 ju-

202 1079 352 1103 venum
377 1067 652 1104 Romanorum
681 1066 968 1117 perstringeret
991 1077 1137 1113 mores,
1167 1064 1346 1101 imitatus
1371 1070 1430 1102 est
1450 1062 1615 1101 Homeri
1644 1061 1767 1099 verba

203 1133 347 1186 Odyss.
378 1134 418 1184 8,
451 1131 548 1174 248.
589 1133 756 1187 κίθαρίς
782 1148 823 1173 τε
861 1133 973 1187 χοροί
1004 1147 1045 1173 τε
1066 1129 1107 1187 *)
1143 1155 1196 1161 —
1228 1145 1282 1169 ex
1317 1145 1396 1185 qua
1434 1138 1638 1184 postrema
1666 1143 1764 1168 voce

204 1204 327 1242 etiam
357 1209 535 1255 apparet,
566 1204 914 1255 prosopopoeiam,
945 1214 1068 1254 quam
1099 1214 1219 1253 supra
1243 1214 1334 1239 cum
1354 1199 1500 1239 Bothio
1531 1199 1665 1248 statui,
1691 1211 1764 1251 pro

203 1285 298 1310 vera
326 1269 474 1309 horum
501 1272 718 1310 verborum
749 1271 1019 1323 explicatione
1047 1268 1290 1319 habendam,
1320 1283 1466 1323 neque,
1500 1267 1610 1322 quod
1638 1269 1764 1305 Bent-

203 1340 328 1391 lejum
358 1341 539 1393 aliosque
568 1340 716 1377 fefellit
747 1341 955 1391 interppr.,
997 1339 1223 1391 simplicem
1251 1351 1396 1377 vocem
1435 1338 1669 1390 ,,κοίμιζειν,
1706 1335 1765 1373 le-

205 1409 310 1454 nire,
352 1407 491 1445 laxare
528 1421 686 1454 curam,
722 1406 1004 1456 eiuschla'fern,
1051 1408 1294 1457 einlullen,“
1334 1407 1571 1459 simpliciter
1610 1405 1765 1443 intelli-

205 1475 380 1528 gendam
421 1489 519 1517 esse.
579 1476 787 1514 Herbstius
830 1482 1036 1527 comparat
1072 1483 1274 1514 nostrum:
1317 1489 1416 1526 „zur
1452 1473 1568 1514 Ruhe
1604 1471 1763 1522 fiihren,

203 1544 416 1595 bringen.“
472 1547 527 1583 Ut
559 1543 608 1582 de
640 1545 728 1582 aliis
758 1552 935 1593 taceam,
974 1545 1215 1596 Doeringius
1244 1558 1388 1597 parum
1422 1550 1623 1582 accurate:
1665 1557 1759 1581 cess.

204 1612 245 1650 d.
268 1626 326 1659 e.‚
358 1626 404 1659 eo
431 1613 546 1664 quasi
577 1611 722 1650 ducere
754 1626 901 1662 curam,
934 1626 1012 1665 quo
1038 1614 1110 1650 illa
1139 1626 1289 1651 vexare
1316 1619 1456 1651 cesset.
1527 1614 1667 1664 Neque
1698 1624 1764 1649 as-

203 1681 355 1720 sentior
383 1678 616 1730 Schmidio‚
658 1682 723 1719 cui
760 1683 886 1720 Poeta
914 1683 1025 1720 visus
1068 1689 1127 1720 est
1155 1683 1278 1721 verbo
1316 1680 1490 1719 duc-endi
1515 1681 1542 1719 i.
1565 1695 1600 1720 e.
1633 1678 1764 1718 dedu-

204 1748 321 1788 cendi
350 1749 534 1787 allusisse
564 1748 615 1786 ad
646 1764 803 1789 morem
830 1751 962 1800 iHum,
992 1749 1184 1789 honestos
1204 1749 1388 1788 homines
1414 1764 1435 1788 e
1465 1750 1659 1788 conviviiS
1690 1747 1764 1786 de-

204 1815 379 1855 ducendi
418 1816 586 1856 domum
620 1831 836 1856 nervorum
880 1825 919 1856 et
954 1819 1146 1857 tibiarum
1188 1825 1322 1857 cantu.
1380 1817 1608 1857 Hochederi
1637 1819 1765 1855 inter-

202 1886 387 1938 pretatio,
415 1898 537 1939 quam
566 1886 827 1939 probabiliter
857 1889 972 1940 quasi
990 1890 1201 1940 proponit:
1231 1888 1374 1926 duc-ere
1398 1901 1538 1924 curam
1567 1889 1594 1925 i.
1617 1901 1656 1940 q.
1685 1887 1765 1924 ful-

203 1955 287 1992 lere
316 1967 474 2004 curam,
515 1956 571 1992 ita
601 1963 661 1994 est
690 1958 871 2008 quaesita
899 1964 938 1994 et
968 1965 1124 2007 coacta,
1167 1964 1213 1995 ut
1248 1970 1291 1995 se
1329 1957 1482 2008 legenti
1519 1971 1592 1995 sua
1621 1963 1764 2009 sponte

203 2034 415 2074 nunquam
433 2022 585 2061 offerat.
645 2026 721 2072 Qui
741 2024 914 2078 denique
934 2032 1168 2077 comparant
1190 2027 1298 2078 Virg.
1320 2026 1391 2064 Ge.
1412 2026 1453 2075 3,
1482 2025 1580 2066 379.
1602 2032 1641 2063 et
1659 2027 1763 2063 Aen.

205 2091 246 2140 9,
273 2090 382 2140 166.,
413 2092 654 2129 sententiam
676 2093 765 2131 loco
785 2094 965 2131 inferunt
992 2095 1113 2146 plane
1144 2095 1330 2136 alienam,
1395 2095 1598 2132 Cessatum
1627 2100 1764 2131 autem

206 2159 348 2197 ducere
381 2157 459 2196 dici
486 2165 534 2196 ut
563 2172 626 2211 ap.
658 2161 791 2198 Plaut.
819 2163 943 2200 Poen.
973 2163 1075 2213 prol.
1107 2162 1177 2202 20.
1208 2176 1258 2200 ne
1285 2176 1436 2200 sessum
1464 2161 1600 2199 duc-at.
1635 2159 1762 2199 Stich.

207 2228 246 2277 1,
275 2229 316 2277 2,
347 2226 415 2267 82.
445 2234 636 2265 venatum
664 2229 819 2267 duc-ere.
853 2231 933 2268 cic.
953 2230 1037 2268 Cat.
1067 2230 1164 2280 maj.
1196 2231 1262 2271 18.
1293 2243 1444 2267 sessum
1471 2231 1662 2281 recepisse
1691 2230 1763 2267 vix

205 2302 279 2346 est,
310 2295 421 2349 quod
448 2309 699 2335 moneamus.
757 2299 805 2334 In
841 2296 1034 2337 dictione:
1064 2298 1124 2336 acl
1148 2298 1300 2348 strepit.
1332 2297 1427 2335 citlz.
1459 2299 1630 2350 praeivit
1659 2311 1763 2351 quo-

207 2363 423 2404 dammodo
452 2367 652 2404 Homerus
678 2367 721 2403 in
752 2365 824 2404 od.
853 2367 923 2417 22,
953 2367 1050 2408 332.
1084 2364 1415 2419 Φήμιος-ἕστη
1441 2361 1483 2406 δ’
1507 2366 1550 2407 ἐν
1566 2366 1764 2421 χείρεσσιν

207 2431 309 2486 ἔχων
345 2429 545 2488 φόρμιγγα
581 2436 732 2489 λίγειαν
764 2457 815 2462 -
850 2433 900 2472 de
939 2448 1038 2474 sono
1076 2441 1213 2484 acuto,
1253 2436 1332 2485 vel,
1368 2436 1403 2473 si
1432 2448 1525 2473 cum
1553 2433 1761 2475 Schmidio

206 2501 349 2550 mavis,
379 2510 608 2541 susurrante
636 2510 800 2556 propter
827 2504 971 2556 plectri
1000 2505 1083 2542 vim
1123 2510 1162 2541 et
1190 2510 1395 2553 naturam,
1433 2511 1479 2542 ut
1507 2506 1602 2545 Hor.
1632 2505 1760 2557 Epist.

213 2565 278 2618 14,
307 2569 374 2610 26.
406 2577 446 2608 et
474 2570 548 2610 Od.
582 2570 622 2621 4,
651 2573 692 2622 3,
726 2571 792 2613 18.
826 2573 896 2610 ubi
925 2585 963 2611 v.
992 2573 1178 2610 Lambin.
1208 2579 1247 2610 et
1275 2570 1431 2612 Mitsch.
1478 2571 1558 2611 Sic.
1586 2574 1760 2626 Vespr-it.

210 2635 330 2688 Spur.
360 2635 434 2675 Od.
470 2639 508 2687 1,
538 2639 604 2680 18.
634 2642 704 2678 ΠΙ.
732 2654 774 2693 p.
805 2641 902 2682 355.
931 2639 1102 2679 Wrnsd.
1161 2640 1301 2692 Atque
1324 2647 1437 2691 aptos
1460 2640 1638 2679 citharae
1664 2655 1760 2680 con-

211 2703 321 2741 ciliet
343 2704 496 2752 modos,
530 2708 663 2747 surdis
689 2710 887 2748 auriculis
917 2708 1123 2760 strepens?
1179 2710 1284 2747 Hinc
1314 2710 1429 2748 Auct.
1461 2709 1540 2748 cir.
1573 2712 1667 2754 106.
1698 2714 1759 2749 ci-

271 2928 338 3021 Ξζς),
360 2927 511 2964 Erudite
534 2929 579 2964 de
601 2931 655 2966 his
681 2933 799 2968 verbis
823 2934 913 2969 dixit
943 2934 1115 2969 Welcker.
1140 2934 1177 2968 in
1201 2933 1354 2978 ‚,Rhein.
1380 2934 1500 2970 Mus.“
1537 2936 1638 2974 1832.
1665 2937 1695 2973 Ι.
1720 2938 1754 2972 2.

211 2996 247 3030 p.
341 3011 352 3022 .
