2028 3268
193 228 219 270 5
657 223 802 263 LIBRI
832 223 864 262 Ι.
920 221 1183 263 EPISTOLA
1211 222 1278 261 111.

258 353 402 399 Prima
437 351 555 398 feres
587 353 779 398 hederae
807 354 990 398 victricis
1025 352 1231 413 praemia.

1658 221 1739 262 195

1302 349 1465 407 Quodsi
1683 350 1738 391 25

259 432 440 494 Frigida
475 447 672 478 curarum
706 432 897 479 fomenta
933 435 1178 492 relinquere
1211 445 1382 492 posses,

258 513 354 571 Quo
384 517 427 557 te
456 514 654 559 coelestis
685 514 894 572 sapientia
921 512 1122 572 duceret,
1151 513 1255 556 ires.

256 593 353 639 Hoc
384 608 515 653 opus,
547 593 629 638 hoc
658 594 839 637 studium
867 594 990 652 parvi
1024 606 1304 653 properemus
1339 593 1382 634 et
1409 590 1551 649 ampli,

258 670 311 719 Si
335 674 500 732 patriae
527 673 753 732 volumus,
783 672 819 715 si
847 674 967 717 nobis
996 675 1149 718 vivere
1184 672 1287 716 cari.

256 753 399 798 Debes
426 753 511 798 hoc
539 754 667 797 etiam
698 751 962 813 rescribere,
998 755 1053 797 sit
1086 753 1158 797 tibi
1189 764 1336 811 curae,

234 932 280 966 V.
292 930 349 966 25.
367 931 506 965 ederae.
519 929 580 963 Sic
590 940 671 964 mss.
684 928 932 974 Lips.2.Dess.

187 990 221 1027 2.
240 988 353 1025 Berol.
370 992 402 1025 1.
420 992 457 1022 et
473 988 640 1033 complur.
655 987 700 1023 al.
718 986 812 1020 Edd.
832 987 933 1021 Glar.

185 1046 264 1082 val.
282 1047 341 1086 al.,
358 1047 488 1092 probat
502 1045 635 1080 Hauth.
653 1045 696 1078 ad
708 1044 808 1078 Pers.
828 1046 932 1088 p.77.

184 1104 230 1138 cf.
260 1103 303 1138 C.
326 1103 490 1138 Schneid.
515 1102 653 1138 Elmtrl.
674 1115 708 1148 p.
730 1102 808 1137 186.
837 1103 934 1136 vides

183 1162 348 1199 hederae.
404 1161 497 1195 Edd.
538 1161 638 1207 Lips.
673 1162 751 1198 514.
788 1164 844 1198 16.
888 1183 934 1188 —-

186 1219 324 1263 Quodsi
338 1231 408 1253 uno
430 1221 541 1254 verbo
559 1220 728 1254 scribitur
754 1222 789 1254 in
814 1220 932 1255 multis

180 1277 262 1313 edd.
292 1281 386 1311 vett.
413 1281 451 1310 et
466 1282 639 1320 recentt„
664 1279 738 1313 vid.
755 1278 870 1312 Kritz.
888 1278 932 1311 ad

183 1334 331 1369 Sallust.
351 1335 432 1371 Cat.
452 1338 486 1379 2,
503 1336 537 1370 3.
570 1356 617 1361 —
647 1336 691 1370 V.
710 1338 767 1374 26.
806 1337 933 1370 Fridia

181 1404 261 1427 cur.
282 1392 352 1426 Ms.
371 1393 492 1427 Guelf.
513 1397 544 1430 1.
559 1413 607 1419 ——
625 1400 814 1431 tormenta.
838 1395 934 1429 Con-

177 1452 309 1496 jectur.
323 1462 380 1497 ap.
395 1452 416 1485 J
419 1462 515 1486 oneS.

228 1508 274 1543 V.
292 1509 350 1543 28.
378 1509 510 1544 studio.
542 1509 611 1544 Ed.
642 1510 740 1556 Lips.
767 1509 847 1547 508.
884 1527 931 1534 --

173 1577 427 1612 properamus.
464 1567 535 1601 Ms.
550 1567 668 1601 Guelf.
691 1569 721 1602 1.
753 1586 799 1592 —
833 1567 930 1601 Huic

178 1635 287 1668 opus,
315 1623 399 1657 huic
423 1625 522 1659 stud.
548 1625 618 1659 Ed.
646 1624 855 1660 Praedicov.
883 1618 929 1649 —‘

175 1679 223 1715 V.
240 1682 296 1717 29.
324 1679 499 1724 cupimus.
509 1681 596 1717 Mss.
615 1682 701 1726 alqt.
718 1682 842 1718 Lamb.
857 1683 926 1716 duo

174 1738 334 1783 Bersm.,
365 1739 430 1772 Fe.
457 1742 498 1783 2,
531 1751 564 1774 a.
582 1751 614 1774 e.
651 1738 773 1774 Jaeck.
804 1751 869 1774 ms.
893 1739 927 1774 5.

173 1796 323 1832 Mentel.
341 1801 378 1830 et
389 1796 546 1831 Berolin.
568 1800 600 1833 1.
621 1817 668 1822 —
689 1798 927 1842 volumusque

174 1852 275 1886 honis
294 1853 325 1887 si
339 1853 454 1888 vivere
469 1855 556 1890 cari.
602 1854 670 1889 Ed.
690 1855 838 1891 Ascens.
856 1856 923 1892 511

173 1914 212 1944 et
227 1910 306 1954 519,
326 1914 366 1944 ut
382 1911 535 1957 videtur,
554 1925 597 1948 ex
614 1914 834 1960 conjectura,
861 1917 925 1950 ad-

170 1968 267 2012 jecta
303 1968 562 2013 explicatione:
620 1997 643 2015 „
655 1972 740 2005 viris
768 1974 923 2016 justis.“

173 2024 341 2069 Eiusdem
394 2026 575 2061 literarum
640 2031 924 2075 transpositionis

173 2083 332 2127 exempla
358 2082 429 2116 vid.
460 2095 518 2129 ap.
543 2084 661 2118 Bentl.
680 2087 724 2120 ad
741 2087 862 2132 Epist.
888 2088 923 2131 4,

173 2141 231 2176 11.
264 2139 382 2172 Burm.
415 2140 458 2173 ad
486 2140 594 2174 Ovid.
627 2142 671 2176 A.
706 2144 750 2178 A.
778 2147 810 2187 2,
839 2145 922 2179 361.

172 2196 283 2231 Drak.
301 2197 345 2230 ad
360 2196 439 2230 Liv.
461 2199 492 2240 1,
517 2200 548 2240 1,
571 2199 605 2232 8.
636 2199 858 2245 Peerlkamp.
877 2201 922 2234 ad

171 2255 261 2288 Hor.
291 2254 361 2288 Od.
389 2257 422 2297 2,
453 2255 487 2288 6.
514 2265 550 2298 p.
575 2256 653 2289 179.
669 2256 700 2289 si
715 2257 792 2290 cari
807 2257 922 2291 vivere

170 2312 284 2346 nobis.
316 2312 389 2347 Ms.
408 2323 467 2345 un.
489 2323 547 2357 ap.
565 2311 700 2350 Bersm.

217 2369 263 2403 V.
281 2370 340 2404 30.
371 2370 425 2403 De
449 2370 514 2403 hoc
539 2370 616 2403 loco
635 2370 836 2404 Schmidius
851 2369 922 2403 dis-

171 2426 260 2461 serit
285 2426 397 2460 haec:
430 2427 498 2470 „Si
522 2428 587 2461 tibi
613 2439 724 2460 curae
754 2427 923 2460 exhibent

170 2495 251 2518 mss.
273 2484 359 2528 alqt.
375 2483 546 2527 Lambini,
572 2484 788 2526 Bersmanni,
813 2484 924 2518 Bent-

171 2540 229 2584 leji
248 2543 281 2576 1.
298 2543 347 2583 2.,
367 2540 500 2576 Jaeckii
516 2541 690 2585 nonnulli,
724 2543 819 2575 Feae
838 2545 867 2576 1.
885 2554 920 2587 q.

171 2597 208 2639 2,
221 2596 258 2630 h.
274 2595 373 2631 Pott.
394 2610 456 2634 mS.
469 2599 525 2634 12.
547 2602 584 2632 et
596 2610 640 2632 ex
656 2598 787 2632 nostris
800 2599 919 2632 Guelf.

172 2655 207 2690 2.
226 2653 329 2688 Gott.
347 2657 382 2690 2.
400 2655 534 2689 Graev.
549 2683 559 2699 ‚
588 2656 625 2689 in
642 2667 710 2701 quo
724 2660 842 2691 tamen
857 2667 921 2701 po-

171 2712 250 2744 stea
279 2711 418 2755 adjecta
446 2717 501 2746 est
528 2713 635 2748 litera
651 2719 666 2748 t
675 2726 686 2752 ;
732 2718 920 2759 praeterea

172 2777 303 2810 omnes,
322 2778 409 2812 quas
425 2767 509 2811 vidi,
527 2771 700 2805 editiones
717 2771 919 2806 seculiXV.

171 2827 209 2858 et
225 2824 414 2869 pleraeque
430 2823 585 2861 ineuntis
601 2839 672 2864 sec.
690 2828 797 2871 XVI„
809 2832 849 2862 ut
864 2829 920 2863 ed.

170 2880 288 2926 princ.
316 2893 374 2927 ap.
392 2881 458 2917 Fe.
473 2908 483 2925 ‚
515 2887 607 2919 vett.
625 2886 714 2920 duae
734 2897 792 2931 ap.
810 2886 920 2920 Mait-

170 2936 277 2982 tait„
310 2937 404 2973 Ven.
437 2938 519 2977 478.
544 2942 603 2977 79.
630 2943 690 2979 81.
706 2944 765 2979 83.
784 2943 841 2978 86.
859 2945 920 2981 90.

1677 747 1733 789 30

979 930 1037 966 92.
1055 930 1114 968 95.
1131 932 1190 966 98.
1211 931 1307 965 Flor.
1325 929 1408 965 482.
1425 926 1536 960 Loch.
1550 924 1630 959 498.
1649 924 1731 958 Ald.

980 989 1061 1023 501.
1076 991 1111 1024 9.
1124 990 1179 1024 19.
1198 989 1296 1024 Junt.
1310 983 1459 1022 503.14.
1475 982 1648 1018 Bas.517.
1672 984 1731 1018 20.

980 1048 1038 1082 27.
1054 1046 1112 1081 31.
1131 1045 1186 1082 45.
1207 1046 1266 1081 55.
1284 1046 1341 1080 80.
1359 1044 1458 1089 Lips.
1473 1041 1554 1077 492.
1573 1040 1652 1075 513.
1675 1039 1729 1074 14.

984 1106 1038 1139 16.
1062 1106 1116 1138 19.
1147 1104 1270 1138 Colon.
1294 1104 1374 1138 510.
1401 1101 1527 1134 Schur.
1553 1099 1634 1133 514.
1664 1097 1731 1130 Er-

979 1162 1070 1196 ford.
1099 1163 1178 1197 517.
1208 1162 1306 1195 Glar.
1337 1160 1418 1195 533.
1446 1159 1504 1193 36.
1533 1155 1591 1191 43.
1622 1155 1729 1190 Dion.

979 1220 1023 1253 ab
1055 1220 1162 1253 Hars.
1195 1219 1310 1264 Lugd.
1353 1218 1435 1253 538.
1471 1214 1620 1250 Fabrini
1648 1214 1729 1248 566.

978 1278 1090 1312 Pulm.
1102 1277 1187 1320 Xyl.
1200 1277 1326 1322 Steph.
1338 1275 1482 1311 Fabric.
1494 1273 1602 1306 Torr.
1614 1272 1728 1306 Chab.

978 1335 1068 1371 Min.
1112 1334 1204 1368 Lub.
1246 1335 1372 1369 Heins.
1412 1334 1542 1377 Despr.
1579 1331 1728 1364 Tarter.

979 1392 1085 1427 Talb.
1100 1392 1187 1426 Dac.
1197 1391 1302 1426 Baxt.
1315 1389 1564 1426 Gesn.Rodell.
1574 1388 1595 1422 J
1598 1399 1725 1422 uvenc.

977 1450 1112 1484 Sandb.
1143 1450 1265 1483 Oberl.
1286 1450 1411 1484 Comb.
1438 1447 1584 1491 Dorigh.
1611 1445 1727 1480 Hunt.

976 1507 1154 1541 Wieland.
1166 1507 1254 1540 Bad.
1271 1508 1337 1542 Fe.
1362 1506 1463 1540 Both.
1480 1504 1602 1538 Jaeck.
1621 1504 1726 1537 Jahn.

975 1566 1063 1599 Zell.
1092 1566 1200 1599 Doer.
1226 1565 1307 1609 Bip.
1333 1564 1416 1598 828.
1441 1563 1590 1599 Weber.
1615 1562 1727 1596 Char-

974 1627 1073 1669 pent.
1092 1622 1250 1656 Meinek.
1269 1622 1381 1656 Orell.
1408 1621 1450 1654 al.
1478 1621 1523 1654 cf.
1543 1619 1725 1654 Schirach.

976 1681 1077 1715 Clav.
1110 1693 1145 1726 p.
1172 1678 1253 1714 345.
1300 1679 1403 1712 Hanc
1427 1679 1641 1724 scripturam
1667 1677 1727 1722 qui

974 1738 1180 1782 defendunt,
1199 1747 1347 1783 quorum
1360 1740 1416 1770 est
1431 1736 1608 1770 Obbarius
1616 1746 1725 1778 meus,

973 1807 1048 1830 cum
1075 1795 1238 1838 Bentlejo
1265 1794 1412 1840 aliisque
1438 1799 1521 1828 ante
1546 1805 1622 1827 eum
1651 1791 1726 1827 edi-

971 1853 1111 1887 toribus
1143 1857 1276 1887 temere
1306 1852 1491 1896 judicant,
1526 1852 1674 1885 alteram
1705 1861 1726 1884 a

973 1911 1075 1945 nobis
1099 1915 1279 1956 receptam
1299 1922 1376 1944 esse
1394 1910 1559 1944 vitiosam
1573 1935 1582 1952 ‚
1620 1919 1725 1953 quum

971 1969 1087 2015 posito
1118 1969 1164 2002 sit
1195 1968 1380 2002 dicendum
1411 1968 1521 2002 fuerit
1554 1972 1655 2001 coeat
1686 1971 1725 2001 et

972 2026 1213 2059 rescindatur.
1263 2025 1452 2068 Bentlejus
1469 2037 1512 2059 ex
1532 2024 1672 2069 ingenio
1688 2024 1725 2058 in

971 2085 1040 2117 fine
1064 2094 1191 2118 versus
1219 2083 1338 2127 posuit
1353 2088 1421 2127 est,
1450 2083 1598 2126 ejusque
1614 2082 1723 2116 ratio-

970 2152 1048 2174 nem
1083 2139 1287 2184 recipiendo
1329 2140 1602 2184 comprobarunt
1630 2139 1721 2173 Cun.

969 2197 1087 2230 Merv.
1118 2197 1204 2230 San.
1228 2197 1308 2230 Jon.
1334 2196 1440 2229 Bask.
1471 2196 1623 2241 Philipp.
1642 2196 1720 2230 Val.

970 2253 1128 2288 Francis.
1146 2254 1422 2288 WVakef.Wetz.
1439 2253 1589 2287 Haberf.
1609 2254 1720 2287 Daru.

970 2311 1095 2356 Camp.
1120 2311 1296 2354 (Huschk.
1327 2311 1372 2345 ad
1395 2310 1479 2344 Tib.
1510 2311 1547 2354 3,
1581 2314 1612 2354 1,
1644 2311 1720 2355 19.)

968 2368 1152 2402 Dissidens
1175 2380 1195 2402 a
1222 2373 1280 2402 tot
1302 2371 1549 2414 tantorumque
1566 2368 1719 2402 virorum

964 2425 1106 2469 judiciis
1131 2425 1291 2470 equidem
1314 2437 1482 2459 revocare
1510 2437 1617 2459 ausus
1643 2435 1719 2460 sum

969 2484 1183 2528 scripturam
1205 2483 1308 2528 longe
1332 2483 1554 2527 plu'imorum
1570 2487 1607 2517 et
1623 2483 1716 2529 opti-

969 2552 1099 2574 morum
1117 2541 1218 2575 codd.
1235 2552 1318 2575 mss.
1333 2541 1378 2575 sit
1393 2541 1456 2574 tibi
1476 2553 1596 2585 curae,
1613 2551 1716 2587 quam

968 2599 1182 2632 invenerunt
1190 2598 1351 2632 Lambin.
1365 2599 1401 2632 in
1411 2599 1526 2633 tribus
1540 2599 1626 2633 libb.
1642 2611 1714 2633 scr.

967 2655 1101 2689 Italicis
1118 2655 1335 2701 totidemque
1351 2656 1520 2701 Gallicis,
1551 2657 1661 2702 Cruq.
1678 2657 1714 2691 in

967 2713 1125 2747 omnibus
1142 2713 1228 2758 suis,
1247 2714 1380 2749 Bersm.
1404 2714 1442 2748 in
1456 2715 1584 2760 tribus,
1599 2715 1712 2750 Pulm.

964 2771 1003 2804 in
1019 2782 1092 2815 serr,
1109 2771 1281 2806 Torrent.
1298 2771 1331 2806 in
1344 2773 1590 2818 compluribus,
1602 2773 1712 2807 Bent-

965 2827 1053 2871 lejus
1081 2828 1119 2862 in
1141 2828 1176 2863 4.
1199 2832 1238 2863 et
1261 2831 1295 2865 6.
1323 2829 1492 2876 aliisque,
1524 2832 1657 2865 Combe
1673 2831 1711 2864 in

964 2896 1048 2919 mss.
1079 2885 1124 2919 D.
1153 2886 1221 2930 F.‚
1255 2887 1388 2923 Talbot
1410 2889 1446 2923 in
1470 2900 1534 2924 mS.
1559 2892 1592 2926 2.
1611 2889 1709 2933 Gal„

965 2953 1162 2988 quanquam
1192 2944 1295 2980 litera
1319 2951 1336 2981 t
1357 2958 1478 2990 erasa,
1513 2946 1647 2981 Baden.
1673 2946 1708 2980 in
