2028 3268
107 265 161 308 13

579 259 719 299 LIBRI
746 259 776 298 1.
834 255 1095 298 EPISTOLA
1115 256 1180 296 VI.

1572 254 1655 297 281

173 389 275 436 Hoc
298 388 461 448 primus
486 390 663 449 repetas
699 401 832 449 opus,
875 387 959 431 hoe
987 388 1232 446 postremus
1260 385 1449 429 omittas.

177 468 231 518 Si
254 468 520 514 fortunatum
555 469 723 528 speeies
760 470 804 513 et
828 468 974 528 gratia
999 467 1212 525 praestat,

177 549 427 594 mercemur
458 564 657 609 servum,
695 550 765 607 qui
796 547 927 592 dictet
961 546 1158 606 nomina,
1193 546 1369 590 laevum
1414 583 1425 595 .

180 629 268 687 Qui
292 627 451 673 fodicet
475 631 591 674 latus
623 631 666 673 et
697 629 831 688 cogat
857 629 978 670 trans
1013 625 1210 685 pondera
1243 625 1439 670 dextram

111 779 158 814 V.
185 775 246 814 48.
282 778 449 824 primum.
492 779 583 814 Mss.
606 779 744 813 Bersm.
778 777 862 811 duo.
908 777 947 812 in
961 776 1051 821 sev.)
1075 775 1198 810 Berol.
1215 777 1249 810 1.
1267 778 1300 812 2.
1319 777 1423 812 Gott.
1440 779 1474 812 1.
1490 778 1525 814 2.
1554 777 1662 813 Dess.

111 837 181 871 Fe.
201 839 235 880 1,
258 848 289 870 c.
307 836 343 870 d.
358 836 384 871 i.
402 849 437 882 q.
466 839 499 881 2,
518 837 553 871 d.
572 848 604 870 e.
621 849 657 882 g.
673 836 699 869 i.
728 834 762 879 5,
779 847 812 869 a.
830 846 863 868 e.

114 894 156 938 (a
178 896 212 928 1.
228 894 293 938 m.)
318 894 344 926 f.
367 895 407 938 (a
423 895 455 927 1.
471 894 523 938 m)
550 895 584 938 6,
604 906 637 928 a.
673 893 725 937 (a.
747 894 781 927 1.
798 891 864 935 m.)

114 951 151 995 9,
168 952 203 986 d.
223 951 270 985 al.
287 963 346 996 ap.
361 952 463 985 Pott.
489 951 609 985 Guels.
627 962 719 984 omn.
740 948 865 984 Berol.

116 1010 150 1042 1.
178 1009 293 1043 DorV.
310 1010 342 1042 1.
366 1008 473 1042 Dess.
499 1009 532 1042 1.
554 1007 657 1053 Lips.
673 1009 707 1041 1.
731 1008 868 1041 Graev.

117 1070 155 1099 et
177 1065 278 1100 Mon.
294 1069 385 1098 tres.
407 1065 532 1111 prime.
559 1065 629 1099 Ms.
646 1064 814 1099 Rudolst.
832 1067 870 1097 et

116 1122 175 1156 ed.
185 1122 288 1167 Lips.
298 1119 380 1157 492.
396 1121 667 1167 repetasprimo.
687 1121 757 1156 Ms.
769 1121 870 1155 Mon.

116 1191 163 1214 m.
181 1198 230 1204 —
249 1179 314 1213 hoc
329 1184 514 1213 extremus.
544 1179 615 1213 Ms.
634 1179 749 1212 Orell.
767 1191 798 1212 e.
817 1197 866 1202 -—

117 1237 208 1272 Huic
217 1248 277 1282 pr.
295 1256 345 1262 —-
376 1235 454 1270 huic
471 1242 583 1280 postr.
613 1236 684 1270 Ed.
699 1235 869 1270 Praedic.

127 1313 171 1319 -
197 1294 243 1328 V.
255 1289 314 1327 49.
343 1292 413 1326 Sic.
439 1292 510 1327 Ms.
527 1293 627 1327 Mon.
644 1294 682 1327 b.
699 1311 748 1319 -—
765 1303 872 1339 prae-

119 1355 204 1385 stat.
236 1350 326 1384 Mss.
355 1354 394 1383 et
419 1349 502 1383 edd.
522 1350 760 1398 vulg-etiam
776 1350 869 1383 Ven.

119 1405 204 1443 481.
231 1411 402 1452 praestet.
431 1407 503 1441 Ms.
518 1407 585 1441 Fe.
597 1406 631 1451 5,
646 1409 672 1442 f.
702 1407 823 1442 Guelf.
837 1408 870 1442 2.

119 1464 244 1499 Berol.
265 1466 299 1499 2.
334 1463 502 1498 Rudolst.
542 1464 640 1499 Edd.
665 1465 758 1499 Ven.
787 1461 870 1499 479.

119 1522 180 1557 83.
198 1522 255 1557 86.
273 1521 332 1555 90.
346 1521 405 1556 92.
438 1521 538 1555 Flor.
555 1518 638 1557 482.
668 1522 772 1568 Lips.
789 1519 873 1555 492.

120 1579 234 1613 Loch.
245 1574 328 1612 498.
349 1577 524 1613 Asc.519.
542 1579 653 1624 Cruq.
674 1583 875 1625 praestant.

120 1635 194 1670 Ms.
211 1635 280 1669 Fe.
301 1634 338 1679 3,
354 1646 386 1669 c.
412 1637 448 1680 6,
465 1648 496 1669 c.

178 1693 224 1727 V.
249 1691 308 1727 50.
333 1703 481 1726 servom.
518 1692 591 1726 Ed.
619 1692 713 1726 Cun.
752 1691 876 1726 dictat.

121 1750 195 1786 Ms.
211 1749 278 1783 Fe.
298 1750 332 1794 1,
348 1761 382 1783 a.
420 1749 533 1784 Goth.
560 1749 729 1783 Rudolst.
772 1749 875 1783 dicet.

122 1806 271 1842 Ms.Fe.
289 1807 323 1850 2,
338 1807 376 1841 b.
402 1806 503 1840 Mon.
519 1818 565 1841 m.
594 1806 666 1840 Ed.
682 1807 774 1840 Ven.
790 1803 876 1840 481.

128 1883 178 1890 —-
207 1864 360 1898 laevum.
387 1863 478 1898 Mss.
499 1863 625 1897 Lamb.
642 1863 730 1909 alqt.
761 1862 875 1897 Pulm.

125 1921 213 1956 1.7.
257 1921 370 1966 Cruq.
400 1922 435 1965 6,
459 1920 496 1955 3.
532 1921 673 1955 Bersm.
694 1932 754 1955 un.
782 1919 876 1965 (22)

125 1977 254 2012 Comb.
295 1989 387 2012 omn.
428 1977 631 2023 (quatenus
658 1978 704 2012 de
724 1977 798 2012 suis
822 1980 879 2010 ta·-

125 2034 255 2078 cet2!)
293 2034 361 2068 Fe.
385 2035 419 2078 2,
440 2046 471 2068 c.
496 2035 537 2078 (a
553 2036 586 2070 2.
602 2034 668 2079 m.)
684 2036 720 2069 h.
751 2034 878 2069 Jaeck.

126 2093 162 2127 6.
187 2091 354 2125 Hoched.
376 2091 414 2124 b.
429 2090 455 2124 i.
493 2091 610 2125 Orell.
627 2103 719 2126 omn.
756 2090 879 2125 Guelf.

125 2149 163 2183 3.
202 2148 315 2182 Goth.
342 2151 380 2181 et
402 2150 443 2180 ut
466 2147 636 2182 videntur
655 2159 738 2182 mss.
763 2148 879 2181 Dorv.

913 837 947 869 1.
964 835 998 869 2.
1027 833 1131 878 Lips.
1149 845 1216 868 om.
1251 835 1387 869 Graev.
1412 835 1563 870 Mentel.
1589 836 1663 870 Ru-

912 891 1020 926 dolst.
1053 891 1149 925 Edd.
1166 896 1259 925 vett.
1286 891 1393 926 etiam
1407 892 1490 927 Ald.
1506 892 1587 927 501.
1606 893 1664 927 19.

911 949 1025 983 Fabr.
1053 948 1133 993 (qui
1154 949 1247 992 def.)
1283 949 1367 983 Bas.
1402 948 1484 984 531.
1520 949 1578 985 55.
1605 951 1665 985 80.

914 1004 1145 1040 Biedm.599.
1171 1006 1279 1040 Baxt.
1297 1007 1378 1052 (qui
1394 1007 1487 1052 def.)
1501 1018 1665 1042 saevum:

918 1063 1080 1107 Quisod.
1123 1062 1185 1096 Sic
1208 1064 1358 1108 disting.
1382 1065 1439 1098 ed.
1460 1065 1542 1098 Asc.
1569 1064 1668 1108 519„

915 1125 956 1154 ut
985 1131 1127 1153 saevum
1162 1121 1209 1155 ad
1241 1132 1383 1155 servum
1415 1122 1599 1156 referatur
1625 1132 1670 1155 ea

917 1176 1098 1212 sententia
1109 1203 1119 1220 ,
1145 1178 1190 1212 de
1207 1189 1275 1224 qua
1288 1179 1453 1224 disputat
1468 1179 1558 1213 Fea.
1591 1180 1670 1214 Ne-

917 1235 991 1270 scio
1014 1239 1150 1279 autem,
1178 1248 1259 1270 num
1282 1236 1423 1270 Jaeckii
1445 1247 1511 1271 ms.
1537 1238 1571 1271 6.
1596 1248 1670 1270 ser-

915 1304 997 1326 vum
1018 1304 1084 1337 pro
1103 1304 1246 1327 saevum
1265 1294 1409 1327 habeat.
1447 1294 1509 1328 Sic
1530 1293 1672 1339 quidem

917 1349 1147 1384 Britannicus
1163 1350 1202 1384 in
1217 1350 1274 1385 ed.
1287 1351 1379 1385 Ven.
1391 1349 1478 1387 520:
1506 1351 1671 1384 nomina:

917 1418 1057 1441 servum
1086 1406 1155 1450 Qui
1181 1411 1251 1442 etc.
1308 1408 1358 1442 At
1385 1408 1431 1442 de
1460 1407 1673 1443 confusione

917 1475 981 1498 vv.
1003 1464 1143 1497 laevum
1163 1470 1196 1499 et
1220 1477 1364 1499 saevum
1383 1466 1460 1500 vid.
1483 1467 1604 1500 Burm.
1627 1464 1675 1499 ad

919 1521 1000 1554 Val.
1018 1520 1076 1554 Fl.
1093 1522 1126 1564 1,
1143 1521 1225 1556 370.
1255 1522 1370 1556 Drak.
1387 1523 1432 1557 ad
1450 1523 1516 1557 Sil.
1538 1522 1621 1557 Ital.
1638 1520 1673 1565 5,

922 1579 1004 1613 660.
1023 1578 1127 1612 Cort.
1144 1579 1190 1613 ad
1209 1579 1344 1614 Lucan.
1356 1579 1391 1624 3,
1405 1581 1486 1615 127.
1515 1579 1571 1614 An
1585 1579 1676 1614 scri-

922 1635 999 1681 psit
1015 1635 1190 1670 Horatius
1218 1638 1404 1671 scaetmm?
1449 1637 1512 1671 Sic
1532 1637 1676 1682 quidem

923 1704 1017 1726 saev.
1038 1695 1077 1726 et
1094 1705 1207 1727 scaev.
1251 1705 1308 1740 ap.
1327 1694 1419 1727 Tac.
1444 1694 1483 1728 in
1502 1693 1594 1728 Ann.
1616 1693 1675 1737 13,

924 1749 982 1792 17,
1000 1751 1032 1785 2.
1063 1761 1122 1795 ap.
1144 1749 1227 1784 Liv.
1246 1752 1279 1794 2,
1301 1751 1358 1794 27,
1381 1751 1431 1795 7.,
1461 1751 1527 1786 sed
1548 1755 1586 1785 et.
1599 1763 1677 1785 sae-

922 1817 986 1840 vus
1002 1810 1040 1840 et
1058 1818 1179 1841 servus
1196 1812 1466 1853 commutantur,
1482 1812 1523 1842 ut
1533 1808 1678 1844 Britan-

923 1863 996 1897 nici
1015 1863 1125 1898 lectio
1143 1876 1215 1899 non
1237 1876 1388 1910 prorsus
1402 1866 1452 1899 sit
1467 1865 1678 1909 damnanda,

923 1921 999 1955 vid.
1013 1921 1133 1955 Bentl.
1151 1922 1197 1956 ad
1214 1923 1286 1957 Od.
1303 1923 1336 1966 1,
1353 1921 1413 1966 35,
1432 1924 1490 1958 17.
1513 1928 1550 1958 et
1563 1923 1678 1958 Drak.

924 1978 972 2012 ad
988 1978 1070 2012 Liv.
1087 1980 1123 2022 8,
1138 1979 1196 2023 13,
1214 1977 1272 2014 14.
1315 1980 1487 2014 Ceterum
1515 1991 1679 2015 scaevum

925 2035 1132 2079 annotavit,
1160 2040 1202 2069 ut,
1221 2048 1314 2070 nunc
1333 2036 1443 2071 video
1469 2049 1529 2083 ap.
1552 2036 1679 2081 Talb.‚

925 2092 1102 2126 Pithoeus
1117 2093 1154 2126 in
1172 2093 1229 2126 ed.
1246 2094 1330 2127 Bas.
1355 2092 1437 2128 580.

982 2148 1029 2181 V.
1049 2147 1108 2182 51.
1138 2150 1230 2192 Qua.
1262 2149 1354 2183 Mss.
1374 2151 1429 2183 Ik.
1451 2147 1486 2183 4.
1503 2148 1537 2184 5.
1560 2151 1595 2184 6.
1627 2168 1677 2173 ——

127 2206 164 2240 1.
181 2206 215 2240 2.
267 2203 416 2239 Corbei.
467 2204 564 2239 Edd.
587 2205 687 2239 June.
710 2201 793 2239 514.
822 2204 880 2238 19.
917 2204 1066 2250 fodicet.
1105 2206 1197 2239 Mss.
1213 2206 1327 2239 Pulm.
1343 2207 1422 2241 1.7.
1438 2208 1471 2242 2.
1490 2206 1526 2241 3.
1567 2206 1680 2251 Cruq.

126 2262 232 2296 Glar.
252 2261 387 2296 Muret.
407 2261 471 2305 (ex
486 2262 695 2306 conjectura
705 2262 743 2296 in
758 2264 881 2295 annot.

126 2318 339 2366 proposita)
363 2319 488 2353 Lamb.
505 2319 640 2354 Irenic.
662 2319 774 2364 Cruq.
793 2317 881 2363 Xyl.

127 2376 322 2422 Esteph.
350 2375 442 2410 Min.
466 2376 564 2410 Pisc.
599 2376 717 2411 Chab.
741 2376 880 2410 Bersm.

129 2433 243 2468 Torr.
282 2433 329 2467 D.
353 2433 482 2467 Heius.
524 2433 572 2467 Τ.
602 2433 695 2468 Fab.
738 2431 882 2467 Rodell.

127 2489 263 2535 Despr.
281 2490 414 2524 Zurck.
433 2490 540 2524 Tart.
558 2489 605 2524 al.
626 2490 754 2536 compl.
778 2489 887 2524 etiam

127 2545 250 2581 Bentl.
268 2550 306 2580 et
320 2550 476 2581 recentt.
493 2559 600 2592 omn.,
615 2552 764 2582 tuentur
778 2559 886 2594 prae-

130 2607 190 2637 ter
206 2603 370 2638 cet.Jon.
382 2605 496 2638 Gesn.
507 2604 598 2639 Fea.
621 2617 777 2640 saevum.
793 2605 885 2639 Mss.

130 2659 237 2706 reliq.
265 2671 324 2706 ap.
348 2660 475 2694 Lamb.
508 2661 622 2696 Pulm.
650 2659 687 2696 4.
714 2664 771 2697 10.
790 2664 824 2697 2.
849 2661 885 2696 3.

132 2717 305 2762 complut.
341 2729 400 2763 ap.
430 2718 542 2763 Cruq.
577 2719 716 2754 Bersm.
760 2718 885 2765 quinq.

133 2773 247 2808 Torr.
282 2786 375 2807 omn.
419 2774 500 2819 (qui
532 2775 672 2820 tuetur)
711 2778 824 2810 Gesn.
850 2775 886 2810 3.

134 2829 234 2865 Altd.
260 2842 320 2876 ap.
335 2831 488 2865 Haberf.
508 2831 636 2867 Oberl.
654 2834 698 2867 C.
715 2833 761 2867 D.
789 2833 886 2878 pqu.

133 2898 193 2932 ap.
220 2888 288 2922 Fe.
313 2889 439 2922 Jaeck.
466 2889 499 2922 1.
530 2885 566 2922 4.
593 2887 628 2924 5.
667 2890 769 2925 Pott.
795 2902 887 2924 omn.

135 2943 301 2979 Hoched.
317 2945 422 2990 reliq.
442 2949 479 2979 et
494 2945 638 2980 Victor.
654 2947 776 2981 Guelf.
803 2948 835 2981 1.
853 2949 887 2982 2.

136 2999 276 3044 (senum
291 3003 387 3048 quod
402 3002 510 3037 etiam
529 3003 641 3038 habet
654 3015 719 3039 ms.
734 3001 771 3039 4.
793 3015 888 3039 corr.

930 2263 965 2305 1,
977 2261 1093 2295 a—d.
1115 2262 1253 2296 Bersm.
1269 2263 1353 2296 duo.
1381 2263 1492 2297 Torr.
1509 2267 1586 2296 tres
1602 2261 1683 2308 (qui

928 2319 1080 2364 probat)
1098 2330 1174 2354 cum
1187 2319 1235 2364 gl.
1248 2319 1286 2353 in
1301 2330 1389 2353 uno:
1416 2320 1607 2364 „fodicare
1627 2324 1685 2353 est.

928 2375 1062 2409 leviter
1091 2388 1133 2410 ac
1158 2376 1352 2422 superficie
1378 2381 1483 2411 tenus
1513 2376 1684 2411 fodere.“

931 2433 1041 2467 Talb.
1057 2444 1116 2467 un.
1141 2434 1262 2478 (Petr.
1278 2445 1347 2479 per
1370 2433 1684 2478 emendationem).

931 2489 1052 2524 Bentl.
1075 2491 1108 2524 1.
1143 2491 1298 2535 (Graev.
1319 2503 1397 2525 cum
1417 2491 1493 2537 gl.:
1535 2491 1686 2535 „stimu-

932 2547 1029 2591 let“)
1052 2549 1084 2582 2.
1099 2548 1133 2582 9.
1162 2548 1243 2583 Val.
1265 2548 1419 2583 duodec.
1451 2549 1577 2583 Comb.
1591 2560 1684 2583 omn.

934 2605 1010 2648 (21)
1041 2605 1109 2639 Fe.
1143 2605 1176 2649 1,
1196 2606 1234 2640 b.
1258 2618 1290 2640 c.
1320 2606 1361 2649 (a
1377 2607 1411 2640 1.
1432 2605 1500 2650 m.)
1530 2606 1568 2641 k.
1584 2618 1630 2641 m.
1652 2617 1683 2640 s.

934 2662 974 2706 (a
995 2663 1028 2697 2.
1044 2662 1111 2706 m.)
1138 2665 1167 2696 t.
1206 2662 1246 2707 (a
1266 2664 1300 2698 2.
1323 2663 1390 2707 m.)
1435 2665 1476 2708 2,
1497 2675 1530 2698 c.
1546 2663 1584 2698 d.
1602 2675 1636 2698 e.
1655 2663 1684 2697 f.

934 2719 975 2763 (a
994 2720 1028 2754 2.
1050 2718 1117 2762 m.)
1147 2719 1184 2753 h.
1228 2719 1265 2764 3,
1286 2731 1319 2754 a.
1338 2720 1375 2755 d.
1421 2718 1456 2765 5,
1478 2732 1510 2755 a.
1527 2721 1555 2756 f.
1594 2722 1628 2765 6,
1649 2732 1684 2754 a.

935 2777 975 2821 (a
996 2777 1029 2810 1.
1051 2775 1117 2819 m.)
1143 2776 1178 2819 9,
1200 2775 1236 2811 (1.
1266 2777 1391 2812 Jaeck.
1408 2778 1442 2812 1.
1472 2778 1574 2813 Pott.
1592 2789 1687 2812 com-

934 2834 1030 2879 plur.
1079 2832 1244 2868 Hoched.
1266 2834 1528 2881 antiquissimi,
1558 2841 1599 2870 ut
1620 2835 1686 2878 ait,

937 2891 1052 2935 [Mon.
1074 2890 1129 2934 b.]
1159 2890 1276 2925 Orell.
1298 2891 1338 2927 S.
1371 2892 1493 2927 Guelf.
1509 2889 1546 2927 4.
1577 2893 1687 2928 Dess.

938 2949 972 2982 1.
990 2949 1024 2981 2.
1060 2947 1173 2981 Goth.
1197 2947 1300 2993 Lips.
1324 2950 1358 2984 2.
1380 2949 1416 2984 3.
1453 2949 1570 2985 Dorv.
1593 2951 1626 2985 1.
1654 2951 1688 2985 2.

936 3003 1090 3038 Mentel.
1120 3004 1216 3041 Edd.
1235 3005 1347 3053 Cruq.
1370 3006 1419 3042 H.
1434 3007 1565 3054 Steph.
1590 3007 1694 3052 [Dia-
