<?xml version="1.0" encoding="UTF-8"?>
<!DOCTYPE html PUBLIC "-//W3C//DTD XHTML 1.0 Transitional//EN"
    "http://www.w3.org/TR/xhtml1/DTD/xhtml1-transitional.dtd">
<html xmlns="http://www.w3.org/1999/xhtml" xml:lang="en" lang="en">
 <head>
  <title>
</title>
<meta http-equiv="Content-Type" content="text/html;charset=utf-8" />
  <meta name='ocr-system' content='tesseract 3.04.00' />
  <meta name='ocr-capabilities' content='ocr_page ocr_carea ocr_par ocr_line ocrx_word'/>
</head>
<body>
  <div class='ocr_page' id='page_1' title='image "./epistolascomment01horauoft_0268.png"; bbox 0 0 2028 3268; ppageno 0'>
   <div class='ocr_carea' id='block_1_1' title="bbox 407 258 490 299">
    <p class='ocr_par' dir='ltr' id='par_1_1' title="bbox 407 258 490 299">
     <span class='ocr_line' id='line_1_1' title="bbox 407 258 490 299; baseline 0.012 -1"><span class='ocrx_word' id='word_1_1' title='bbox 407 258 490 299; x_wconf 77' lang='lat'><strong>242</strong></span> 
     </span>
    </p>
   </div>
   <div class='ocr_carea' id='block_1_2' title="bbox 978 258 1360 298">
    <p class='ocr_par' dir='ltr' id='par_1_2' title="bbox 978 258 1360 298">
     <span class='ocr_line' id='line_1_2' title="bbox 978 258 1360 298; baseline -0.003 0"><span class='ocrx_word' id='word_1_2' title='bbox 978 258 1360 298; x_wconf 91' lang='lat' dir='ltr'><strong>HORATII</strong></span> 
     </span>
    </p>
   </div>
   <div class='ocr_carea' id='block_1_3' title="bbox 1865 261 1918 302">
    <p class='ocr_par' dir='ltr' id='par_1_3' title="bbox 1865 261 1918 302">
     <span class='ocr_line' id='line_1_3' title="bbox 1865 261 1918 302; baseline 0.019 -1"><span class='ocrx_word' id='word_1_3' title='bbox 1865 261 1918 302; x_wconf 82' lang='lat'><strong>52</strong></span> 
     </span>
    </p>
   </div>
   <div class='ocr_carea' id='block_1_4' title="bbox 475 382 1698 586">
    <p class='ocr_par' dir='ltr' id='par_1_4' title="bbox 475 382 1698 586">
     <span class='ocr_line' id='line_1_4' title="bbox 475 382 1698 446; baseline 0.002 -17"><span class='ocrx_word' id='word_1_4' title='bbox 475 385 730 430; x_wconf 81' lang='lat' dir='ltr'><strong>Jamdudum</strong></span> <span class='ocrx_word' id='word_1_5' title='bbox 758 382 952 443; x_wconf 82' lang='lat' dir='ltr'><strong>splendet</strong></span> <span class='ocrx_word' id='word_1_6' title='bbox 986 382 1104 428; x_wconf 85' lang='lat' dir='ltr'><strong>focus</strong></span> <span class='ocrx_word' id='word_1_7' title='bbox 1137 387 1180 428; x_wconf 89' lang='lat' dir='ltr'><strong>et</strong></span> <span class='ocrx_word' id='word_1_8' title='bbox 1208 384 1281 428; x_wconf 87' lang='lat' dir='ltr'><strong>tibi</strong></span> <span class='ocrx_word' id='word_1_9' title='bbox 1314 384 1466 429; x_wconf 81' lang='lat' dir='ltr'><strong>munda</strong></span> <span class='ocrx_word' id='word_1_10' title='bbox 1492 388 1698 446; x_wconf 81' lang='lat' dir='ltr'><strong>supellex.</strong></span> 
     </span>
     <span class='ocr_line' id='line_1_5' title="bbox 477 461 1470 519; baseline -0.001 -12"><span class='ocrx_word' id='word_1_11' title='bbox 477 463 598 507; x_wconf 82' lang='lat' dir='ltr'><strong>Mitte</strong></span> <span class='ocrx_word' id='word_1_12' title='bbox 628 464 737 507; x_wconf 88' lang='lat' dir='ltr'><strong>levis</strong></span> <span class='ocrx_word' id='word_1_13' title='bbox 768 474 866 519; x_wconf 89' lang='lat' dir='ltr'><strong>spes</strong></span> <span class='ocrx_word' id='word_1_14' title='bbox 902 465 946 506; x_wconf 91' lang='lat' dir='ltr'><strong>et</strong></span> <span class='ocrx_word' id='word_1_15' title='bbox 979 463 1207 505; x_wconf 84' lang='lat' dir='ltr'><strong>certamina</strong></span> <span class='ocrx_word' id='word_1_16' title='bbox 1237 461 1470 506; x_wconf 82' lang='lat' dir='ltr'><strong>divitiarum</strong></span> 
     </span>
     <span class='ocr_line' id='line_1_6' title="bbox 478 538 1616 586; baseline -0.001 -1"><span class='ocrx_word' id='word_1_17' title='bbox 478 541 537 586; x_wconf 78' lang='lat' dir='ltr'><strong>Et</strong></span> <span class='ocrx_word' id='word_1_18' title='bbox 569 539 738 585; x_wconf 84' lang='lat' dir='ltr'>Moschi</span> <span class='ocrx_word' id='word_1_19' title='bbox 771 552 963 583; x_wconf 84' lang='lat' dir='ltr'><strong>causam:</strong></span> <span class='ocrx_word' id='word_1_20' title='bbox 998 553 1092 583; x_wconf 86' lang='lat' dir='ltr'><strong>cras</strong></span> <span class='ocrx_word' id='word_1_21' title='bbox 1127 543 1226 584; x_wconf 86' lang='lat' dir='ltr'><strong>nato</strong></span> <span class='ocrx_word' id='word_1_22' title='bbox 1257 538 1448 584; x_wconf 78' lang='lat' dir='ltr'><strong>Caesare</strong></span> <span class='ocrx_word' id='word_1_23' title='bbox 1482 540 1616 584; x_wconf 87' lang='lat' dir='ltr'><strong>festus</strong></span> 
     </span>
    </p>
   </div>
   <div class='ocr_carea' id='block_1_5' title="bbox 479 617 1579 677">
    <p class='ocr_par' dir='ltr' id='par_1_5' title="bbox 479 617 1579 677">
     <span class='ocr_line' id='line_1_7' title="bbox 479 617 1579 677; baseline 0 -15"><span class='ocrx_word' id='word_1_24' title='bbox 479 619 564 663; x_wconf 84' lang='lat' dir='ltr'><strong>Dat</strong></span> <span class='ocrx_word' id='word_1_25' title='bbox 597 618 763 662; x_wconf 86' lang='lat' dir='ltr'><strong>veniam</strong></span> <span class='ocrx_word' id='word_1_26' title='bbox 793 631 1063 675; x_wconf 85' lang='lat' dir='ltr'><strong>somnumque</strong></span> <span class='ocrx_word' id='word_1_27' title='bbox 1091 617 1208 677; x_wconf 83' lang='lat' dir='ltr'><strong>dies,</strong></span> <span class='ocrx_word' id='word_1_28' title='bbox 1239 618 1406 676; x_wconf 91' lang='lat' dir='ltr'><strong>impune</strong></span> <span class='ocrx_word' id='word_1_29' title='bbox 1438 618 1579 662; x_wconf 86' lang='lat' dir='ltr'><strong>licebit</strong></span> 
     </span>
    </p>
   </div>
   <div class='ocr_carea' id='block_1_6' title="bbox 1867 621 1919 661">
    <p class='ocr_par' dir='ltr' id='par_1_6' title="bbox 1867 621 1919 661">
     <span class='ocr_line' id='line_1_8' title="bbox 1867 621 1919 661; baseline -0.038 0"><span class='ocrx_word' id='word_1_30' title='bbox 1867 621 1919 661; x_wconf 93' lang='grc'><strong>10</strong></span> 
     </span>
    </p>
   </div>
   <div class='ocr_carea' id='block_1_7' title="bbox 476 694 1551 756">
    <p class='ocr_par' dir='ltr' id='par_1_7' title="bbox 476 694 1551 756">
     <span class='ocr_line' id='line_1_9' title="bbox 476 694 1551 756; baseline 0.001 -16"><span class='ocrx_word' id='word_1_31' title='bbox 476 697 696 740; x_wconf 86' lang='lat' dir='ltr'><strong>Aestivam</strong></span> <span class='ocrx_word' id='word_1_32' title='bbox 730 708 925 739; x_wconf 86' lang='lat' dir='ltr'><strong>sermone</strong></span> <span class='ocrx_word' id='word_1_33' title='bbox 959 696 1142 756; x_wconf 87' lang='lat' dir='ltr'><strong>benigno</strong></span> <span class='ocrx_word' id='word_1_34' title='bbox 1173 694 1346 740; x_wconf 82' lang='lat' dir='ltr'><strong>tendere</strong></span> <span class='ocrx_word' id='word_1_35' title='bbox 1374 698 1551 741; x_wconf 86' lang='lat' dir='ltr'><strong>noctem.</strong></span> 
     </span>
    </p>
   </div>
   <div class='ocr_carea' id='block_1_8' title="bbox 409 891 1161 2894">
    <p class='ocr_par' dir='ltr' id='par_1_8' title="bbox 409 891 1161 2894">
     <span class='ocr_line' id='line_1_10' title="bbox 411 891 1144 938; baseline -0.001 -11"><span class='ocrx_word' id='word_1_36' title='bbox 411 895 427 927; x_wconf 92' lang='lat'><strong>1</strong></span> <span class='ocrx_word' id='word_1_37' title='bbox 435 918 443 927; x_wconf 92' lang='lat'><strong>.</strong></span> <span class='ocrx_word' id='word_1_38' title='bbox 456 893 563 926; x_wconf 82' lang='lat' dir='ltr'><strong>Dorv.</strong></span> <span class='ocrx_word' id='word_1_39' title='bbox 578 894 609 926; x_wconf 89' lang='lat'><strong>1.</strong></span> <span class='ocrx_word' id='word_1_40' title='bbox 621 892 654 926; x_wconf 88' lang='lat'><strong>2.</strong></span> <span class='ocrx_word' id='word_1_41' title='bbox 664 891 815 926; x_wconf 89' lang='lat' dir='ltr'><strong>Berol.2.</strong></span> <span class='ocrx_word' id='word_1_42' title='bbox 826 893 956 928; x_wconf 85' lang='lat' dir='ltr'><strong>Graev.</strong></span> <span class='ocrx_word' id='word_1_43' title='bbox 966 896 1002 926; x_wconf 89' lang='lat' dir='ltr'><strong>et</strong></span> <span class='ocrx_word' id='word_1_44' title='bbox 1010 892 1144 938; x_wconf 82' lang='lat' dir='ltr'><strong>plurimi</strong></span> 
     </span>
     <span class='ocr_line' id='line_1_11' title="bbox 411 947 1142 994; baseline 0 -12"><span class='ocrx_word' id='word_1_45' title='bbox 411 950 564 992; x_wconf 82' lang='lat' dir='ltr'><strong>aliorum,</strong></span> <span class='ocrx_word' id='word_1_46' title='bbox 581 947 639 994; x_wconf 89' lang='lat' dir='ltr'><strong>qui</strong></span> <span class='ocrx_word' id='word_1_47' title='bbox 661 959 715 981; x_wconf 88' lang='lat' dir='ltr'><strong>res</strong></span> <span class='ocrx_word' id='word_1_48' title='bbox 728 948 876 982; x_wconf 86' lang='lat' dir='ltr'><strong>minutas</strong></span> <span class='ocrx_word' id='word_1_49' title='bbox 887 960 954 982; x_wconf 92' lang='lat' dir='ltr'><strong>non</strong></span> <span class='ocrx_word' id='word_1_50' title='bbox 967 953 1142 983; x_wconf 88' lang='lat' dir='ltr'><strong>curarunt.</strong></span> 
     </span>
     <span class='ocr_line' id='line_1_12' title="bbox 409 1003 1146 1051; baseline 0.001 -13"><span class='ocrx_word' id='word_1_51' title='bbox 409 1005 500 1038; x_wconf 88' lang='lat' dir='ltr'><strong>Edd.</strong></span> <span class='ocrx_word' id='word_1_52' title='bbox 526 1008 599 1038; x_wconf 83' lang='lat' dir='ltr'><strong>vet.</strong></span> <span class='ocrx_word' id='word_1_53' title='bbox 627 1003 746 1048; x_wconf 83' lang='lat' dir='ltr'><strong>paucis</strong></span> <span class='ocrx_word' id='word_1_54' title='bbox 769 1009 905 1049; x_wconf 82' lang='lat' dir='ltr'><strong>except.</strong></span> <span class='ocrx_word' id='word_1_55' title='bbox 922 1005 1042 1040; x_wconf 89' lang='lat' dir='ltr'><strong>Lamb.</strong></span> <span class='ocrx_word' id='word_1_56' title='bbox 1071 1006 1146 1051; x_wconf 88' lang='lat' dir='ltr'><strong>(qui</strong></span> 
     </span>
     <span class='ocr_line' id='line_1_13' title="bbox 409 1060 1146 1107; baseline 0.003 -13"><span class='ocrx_word' id='word_1_57' title='bbox 409 1061 501 1105; x_wconf 89' lang='lat' dir='ltr'><strong>def.)</strong></span> <span class='ocrx_word' id='word_1_58' title='bbox 519 1061 626 1104; x_wconf 89' lang='lat' dir='ltr'><strong>Cruq.</strong></span> <span class='ocrx_word' id='word_1_59' title='bbox 650 1060 756 1094; x_wconf 86' lang='lat' dir='ltr'><strong>Torr.</strong></span> <span class='ocrx_word' id='word_1_60' title='bbox 775 1060 852 1106; x_wconf 88' lang='lat' dir='ltr'><strong>(qui</strong></span> <span class='ocrx_word' id='word_1_61' title='bbox 867 1065 1048 1107; x_wconf 84' lang='lat' dir='ltr'><strong>utramque</strong></span> <span class='ocrx_word' id='word_1_62' title='bbox 1065 1074 1146 1107; x_wconf 90' lang='lat' dir='ltr'><strong>pro-</strong></span> 
     </span>
     <span class='ocr_line' id='line_1_14' title="bbox 410 1116 1147 1161; baseline 0.005 -11"><span class='ocrx_word' id='word_1_63' title='bbox 410 1119 491 1161; x_wconf 90' lang='lat' dir='ltr'><strong>bat)</strong></span> <span class='ocrx_word' id='word_1_64' title='bbox 507 1117 604 1161; x_wconf 88' lang='lat' dir='ltr'><strong>reliq.</strong></span> <span class='ocrx_word' id='word_1_65' title='bbox 622 1116 698 1148; x_wconf 87' lang='lat' dir='ltr'><strong>fere</strong></span> <span class='ocrx_word' id='word_1_66' title='bbox 715 1126 805 1150; x_wconf 90' lang='lat' dir='ltr'><strong>omn.</strong></span> <span class='ocrx_word' id='word_1_67' title='bbox 839 1129 985 1153; x_wconf 80' lang='lat' dir='ltr'><strong>accerse.</strong></span> <span class='ocrx_word' id='word_1_68' title='bbox 1017 1118 1147 1154; x_wconf 73' lang='lat' dir='ltr'><strong>Ber-sm.</strong></span> 
     </span>
     <span class='ocr_line' id='line_1_15' title="bbox 411 1171 1145 1218; baseline 0.004 -11"><span class='ocrx_word' id='word_1_69' title='bbox 411 1175 490 1207; x_wconf 85' lang='lat' dir='ltr'><strong>duo.</strong></span> <span class='ocrx_word' id='word_1_70' title='bbox 513 1184 572 1206; x_wconf 90' lang='lat' dir='ltr'><strong>un.</strong></span> <span class='ocrx_word' id='word_1_71' title='bbox 602 1183 659 1216; x_wconf 84' lang='lat' dir='ltr'><strong>ap.</strong></span> <span class='ocrx_word' id='word_1_72' title='bbox 677 1171 783 1206; x_wconf 91' lang='lat' dir='ltr'><strong>Talb.</strong></span> <span class='ocrx_word' id='word_1_73' title='bbox 799 1177 895 1217; x_wconf 82' lang='lat' dir='ltr'><strong>quat.</strong></span> <span class='ocrx_word' id='word_1_74' title='bbox 914 1174 990 1208; x_wconf 90' lang='lat' dir='ltr'><strong>dec.</strong></span> <span class='ocrx_word' id='word_1_75' title='bbox 1008 1186 1063 1218; x_wconf 86' lang='lat' dir='ltr'><strong>ap.</strong></span> <span class='ocrx_word' id='word_1_76' title='bbox 1081 1176 1145 1210; x_wconf 79' lang='lat' dir='ltr'><strong>Fe.</strong></span> 
     </span>
     <span class='ocr_line' id='line_1_16' title="bbox 410 1229 1146 1266; baseline 0 -2"><span class='ocrx_word' id='word_1_77' title='bbox 410 1229 531 1264; x_wconf 88' lang='lat' dir='ltr'><strong>Jaeck.</strong></span> <span class='ocrx_word' id='word_1_78' title='bbox 547 1231 581 1263; x_wconf 90' lang='lat'><strong>6.</strong></span> <span class='ocrx_word' id='word_1_79' title='bbox 594 1229 711 1262; x_wconf 89' lang='lat' dir='ltr'><strong>Berol.</strong></span> <span class='ocrx_word' id='word_1_80' title='bbox 724 1230 756 1263; x_wconf 91' lang='lat'><strong>1.</strong></span> <span class='ocrx_word' id='word_1_81' title='bbox 770 1229 887 1264; x_wconf 82' lang='lat' dir='ltr'><strong>Guelf.</strong></span> <span class='ocrx_word' id='word_1_82' title='bbox 900 1231 934 1264; x_wconf 88' lang='lat'><strong>3.</strong></span> <span class='ocrx_word' id='word_1_83' title='bbox 952 1229 986 1264; x_wconf 98' lang='lat'><strong>4.</strong></span> <span class='ocrx_word' id='word_1_84' title='bbox 1001 1231 1101 1263; x_wconf 80' lang='lat' dir='ltr'><strong>Gott.</strong></span> <span class='ocrx_word' id='word_1_85' title='bbox 1114 1233 1146 1266; x_wconf 92' lang='lat'><strong>2.</strong></span> 
     </span>
     <span class='ocr_line' id='line_1_17' title="bbox 410 1285 1148 1332; baseline 0.004 -13"><span class='ocrx_word' id='word_1_86' title='bbox 410 1287 511 1331; x_wconf 85' lang='lat' dir='ltr'><strong>Lips.</strong></span> <span class='ocrx_word' id='word_1_87' title='bbox 520 1285 553 1319; x_wconf 91' lang='lat'><strong>3.</strong></span> <span class='ocrx_word' id='word_1_88' title='bbox 565 1286 707 1328; x_wconf 75' lang='lat' dir='ltr'><strong>[acer-se.</strong></span> <span class='ocrx_word' id='word_1_89' title='bbox 718 1285 909 1320; x_wconf 81' lang='lat' dir='ltr'><strong>Ms.0berl.</strong></span> <span class='ocrx_word' id='word_1_90' title='bbox 921 1286 965 1321; x_wconf 91' lang='lat' dir='ltr'><strong>D.</strong></span> <span class='ocrx_word' id='word_1_91' title='bbox 977 1287 1148 1332; x_wconf 81' lang='lat' dir='ltr'><strong>Guelf.2.]</strong></span> 
     </span>
     <span class='ocr_line' id='line_1_18' title="bbox 410 1339 1147 1380; baseline 0.004 -5"><span class='ocrx_word' id='word_1_92' title='bbox 410 1342 503 1376; x_wconf 89' lang='lat' dir='ltr'><strong>Edd.</strong></span> <span class='ocrx_word' id='word_1_93' title='bbox 531 1341 618 1374; x_wconf 91' lang='lat' dir='ltr'><strong>Ven.</strong></span> <span class='ocrx_word' id='word_1_94' title='bbox 646 1339 726 1376; x_wconf 90' lang='grc'><strong>479.</strong></span> <span class='ocrx_word' id='word_1_95' title='bbox 744 1341 799 1374; x_wconf 88' lang='grc'><strong>81.</strong></span> <span class='ocrx_word' id='word_1_96' title='bbox 817 1342 896 1377; x_wconf 88' lang='grc'><strong>520.</strong></span> <span class='ocrx_word' id='word_1_97' title='bbox 912 1342 1073 1379; x_wconf 88' lang='lat' dir='ltr'><strong>Ald.501.</strong></span> <span class='ocrx_word' id='word_1_98' title='bbox 1091 1346 1147 1380; x_wconf 88' lang='lat'><strong>19.</strong></span> 
     </span>
     <span class='ocr_line' id='line_1_19' title="bbox 410 1396 1146 1434; baseline 0.004 -3"><span class='ocrx_word' id='word_1_99' title='bbox 410 1399 492 1433; x_wconf 87' lang='lat' dir='ltr'><strong>Bas.</strong></span> <span class='ocrx_word' id='word_1_100' title='bbox 509 1397 588 1432; x_wconf 90' lang='lat'><strong>531.</strong></span> <span class='ocrx_word' id='word_1_101' title='bbox 606 1396 663 1431; x_wconf 89' lang='lat'><strong>55.</strong></span> <span class='ocrx_word' id='word_1_102' title='bbox 680 1396 761 1430; x_wconf 82' lang='lat' dir='ltr'><strong>Asc.</strong></span> <span class='ocrx_word' id='word_1_103' title='bbox 780 1398 879 1433; x_wconf 82' lang='lat' dir='ltr'><strong>Glar.</strong></span> <span class='ocrx_word' id='word_1_104' title='bbox 895 1400 1004 1434; x_wconf 87' lang='lat' dir='ltr'><strong>Pulm.</strong></span> <span class='ocrx_word' id='word_1_105' title='bbox 1020 1400 1146 1434; x_wconf 88' lang='lat' dir='ltr'><strong>Irenic.</strong></span> 
     </span>
     <span class='ocr_line' id='line_1_20' title="bbox 410 1453 1147 1502; baseline 0.005 -15"><span class='ocrx_word' id='word_1_106' title='bbox 410 1455 516 1488; x_wconf 88' lang='lat' dir='ltr'><strong>Fabr.</strong></span> <span class='ocrx_word' id='word_1_107' title='bbox 545 1453 632 1487; x_wconf 88' lang='lat' dir='ltr'><strong>Min.</strong></span> <span class='ocrx_word' id='word_1_108' title='bbox 656 1453 747 1489; x_wconf 89' lang='lat' dir='ltr'><strong>Pisc.</strong></span> <span class='ocrx_word' id='word_1_109' title='bbox 765 1454 895 1491; x_wconf 90' lang='lat' dir='ltr'><strong>Biedm.</strong></span> <span class='ocrx_word' id='word_1_110' title='bbox 920 1456 1010 1493; x_wconf 86' lang='lat' dir='ltr'><strong>Rod.</strong></span> <span class='ocrx_word' id='word_1_111' title='bbox 1028 1457 1072 1491; x_wconf 90' lang='lat' dir='ltr'><strong>al.</strong></span> <span class='ocrx_word' id='word_1_112' title='bbox 1089 1468 1147 1502; x_wconf 89' lang='lat' dir='ltr'><strong>qu.</strong></span> 
     </span>
     <span class='ocr_line' id='line_1_21' title="bbox 410 1510 1150 1546; baseline 0.003 -2"><span class='ocrx_word' id='word_1_113' title='bbox 410 1511 529 1544; x_wconf 83' lang='lat' dir='ltr'><strong>laudat</strong></span> <span class='ocrx_word' id='word_1_114' title='bbox 570 1510 655 1543; x_wconf 84' lang='lat' dir='ltr'><strong>Fea.</strong></span> <span class='ocrx_word' id='word_1_115' title='bbox 709 1510 804 1544; x_wconf 92' lang='lat' dir='ltr'><strong>Illam</strong></span> <span class='ocrx_word' id='word_1_116' title='bbox 837 1513 979 1546; x_wconf 85' lang='lat' dir='ltr'><strong>formam</strong></span> <span class='ocrx_word' id='word_1_117' title='bbox 1008 1516 1150 1546; x_wconf 89' lang='lat' dir='ltr'><strong>tuentur</strong></span> 
     </span>
     <span class='ocr_line' id='line_1_22' title="bbox 412 1566 1147 1611; baseline 0.003 -10"><span class='ocrx_word' id='word_1_118' title='bbox 412 1566 550 1601; x_wconf 82' lang='lat' dir='ltr'><strong>Ruhnk.</strong></span> <span class='ocrx_word' id='word_1_119' title='bbox 573 1566 615 1598; x_wconf 90' lang='lat' dir='ltr'><strong>ad</strong></span> <span class='ocrx_word' id='word_1_120' title='bbox 639 1566 783 1601; x_wconf 86' lang='lat' dir='ltr'><strong>Terent.</strong></span> <span class='ocrx_word' id='word_1_121' title='bbox 809 1568 919 1601; x_wconf 87' lang='lat' dir='ltr'><strong>Andr.</strong></span> <span class='ocrx_word' id='word_1_122' title='bbox 951 1571 988 1610; x_wconf 89' lang='lat'><strong>1,</strong></span> <span class='ocrx_word' id='word_1_123' title='bbox 1019 1569 1058 1611; x_wconf 92' lang='lat'><strong>5,</strong></span> <span class='ocrx_word' id='word_1_124' title='bbox 1090 1568 1147 1603; x_wconf 84' lang='lat'><strong>64.</strong></span> 
     </span>
     <span class='ocr_line' id='line_1_23' title="bbox 411 1622 1147 1670; baseline 0.004 -14"><span class='ocrx_word' id='word_1_125' title='bbox 411 1624 541 1666; x_wconf 86' lang='lat' dir='ltr'><strong>Wagn.</strong></span> <span class='ocrx_word' id='word_1_126' title='bbox 559 1622 602 1654; x_wconf 86' lang='lat' dir='ltr'><strong>ad</strong></span> <span class='ocrx_word' id='word_1_127' title='bbox 622 1622 718 1666; x_wconf 83' lang='lat' dir='ltr'><strong>Virg.</strong></span> <span class='ocrx_word' id='word_1_128' title='bbox 734 1623 822 1657; x_wconf 91' lang='lat' dir='ltr'><strong>Aen.</strong></span> <span class='ocrx_word' id='word_1_129' title='bbox 838 1624 859 1658; x_wconf 92' lang='lat'>5</span> <span class='ocrx_word' id='word_1_130' title='bbox 871 1650 881 1665; x_wconf 91' lang='lat'>‚</span> <span class='ocrx_word' id='word_1_131' title='bbox 898 1623 976 1659; x_wconf 91' lang='lat'><strong>746.</strong></span> <span class='ocrx_word' id='word_1_132' title='bbox 996 1625 1147 1670; x_wconf 85' lang='lat' dir='ltr'><strong>Herzog.</strong></span> 
     </span>
     <span class='ocr_line' id='line_1_24' title="bbox 413 1678 1149 1720; baseline 0.005 -7"><span class='ocrx_word' id='word_1_133' title='bbox 413 1679 456 1713; x_wconf 86' lang='lat' dir='ltr'><strong>ad</strong></span> <span class='ocrx_word' id='word_1_134' title='bbox 473 1678 556 1711; x_wconf 86' lang='lat' dir='ltr'><strong>Sall.</strong></span> <span class='ocrx_word' id='word_1_135' title='bbox 576 1678 656 1712; x_wconf 88' lang='lat' dir='ltr'><strong>Cat.</strong></span> <span class='ocrx_word' id='word_1_136' title='bbox 674 1678 738 1720; x_wconf 88' lang='lat'><strong>40,</strong></span> <span class='ocrx_word' id='word_1_137' title='bbox 770 1681 804 1713; x_wconf 88' lang='lat'><strong>6.</strong></span> <span class='ocrx_word' id='word_1_138' title='bbox 845 1679 984 1715; x_wconf 87' lang='lat' dir='ltr'><strong>Ramsh.</strong></span> <span class='ocrx_word' id='word_1_139' title='bbox 999 1681 1034 1714; x_wconf 92' lang='lat' dir='ltr'><strong>in</strong></span> <span class='ocrx_word' id='word_1_140' title='bbox 1048 1682 1149 1718; x_wconf 87' lang='lat' dir='ltr'><strong>Jahn.</strong></span> 
     </span>
     <span class='ocr_line' id='line_1_25' title="bbox 413 1734 1148 1781; baseline 0.005 -14"><span class='ocrx_word' id='word_1_141' title='bbox 413 1735 559 1769; x_wconf 89' lang='lat' dir='ltr'><strong>Jahrbb.</strong></span> <span class='ocrx_word' id='word_1_142' title='bbox 586 1735 685 1770; x_wconf 88' lang='grc'><strong>1827.</strong></span> <span class='ocrx_word' id='word_1_143' title='bbox 717 1735 757 1766; x_wconf 94' lang='lat' dir='ltr'><strong>V.</strong></span> <span class='ocrx_word' id='word_1_144' title='bbox 775 1734 809 1768; x_wconf 92' lang='lat'><strong>4.</strong></span> <span class='ocrx_word' id='word_1_145' title='bbox 851 1735 977 1770; x_wconf 85' lang='lat' dir='ltr'><strong>Litter.</strong></span> <span class='ocrx_word' id='word_1_146' title='bbox 1006 1737 1148 1781; x_wconf 84' lang='lat' dir='ltr'><strong>Anzeig.</strong></span> 
     </span>
     <span class='ocr_line' id='line_1_26' title="bbox 413 1790 1149 1837; baseline 0.004 -12"><span class='ocrx_word' id='word_1_147' title='bbox 413 1791 461 1825; x_wconf 93' lang='lat' dir='ltr'><strong>N.</strong></span> <span class='ocrx_word' id='word_1_148' title='bbox 482 1791 561 1824; x_wconf 92' lang='lat' dir='ltr'><strong>VII.</strong></span> <span class='ocrx_word' id='word_1_149' title='bbox 580 1803 614 1835; x_wconf 90' lang='lat' dir='ltr'><strong>p.</strong></span> <span class='ocrx_word' id='word_1_150' title='bbox 633 1790 685 1833; x_wconf 87' lang='lat'><strong>2.,</strong></span> <span class='ocrx_word' id='word_1_151' title='bbox 702 1795 883 1836; x_wconf 85' lang='lat' dir='ltr'><strong>utramque</strong></span> <span class='ocrx_word' id='word_1_152' title='bbox 900 1792 1038 1837; x_wconf 91' lang='lat' dir='ltr'><strong>Zumpt.</strong></span> <span class='ocrx_word' id='word_1_153' title='bbox 1065 1794 1149 1828; x_wconf 83' lang='lat' dir='ltr'><strong>ibid.</strong></span> 
     </span>
     <span class='ocr_line' id='line_1_27' title="bbox 414 1846 1150 1894; baseline 0.004 -12"><span class='ocrx_word' id='word_1_154' title='bbox 414 1848 493 1883; x_wconf 88' lang='lat'><strong>827.</strong></span> <span class='ocrx_word' id='word_1_155' title='bbox 523 1846 584 1879; x_wconf 92' lang='lat' dir='ltr'><strong>IV.</strong></span> <span class='ocrx_word' id='word_1_156' title='bbox 615 1847 650 1880; x_wconf 86' lang='lat'><strong>3.</strong></span> <span class='ocrx_word' id='word_1_157' title='bbox 680 1846 767 1881; x_wconf 87' lang='lat' dir='ltr'><strong>Litt.</strong></span> <span class='ocrx_word' id='word_1_158' title='bbox 795 1847 881 1880; x_wconf 91' lang='lat' dir='ltr'><strong>Anz.</strong></span> <span class='ocrx_word' id='word_1_159' title='bbox 912 1849 960 1884; x_wconf 92' lang='lat' dir='ltr'><strong>N.</strong></span> <span class='ocrx_word' id='word_1_160' title='bbox 981 1850 1023 1883; x_wconf 93' lang='lat' dir='ltr'><strong>V.</strong></span> <span class='ocrx_word' id='word_1_161' title='bbox 1057 1862 1092 1894; x_wconf 88' lang='lat' dir='ltr'><strong>p.</strong></span> <span class='ocrx_word' id='word_1_162' title='bbox 1116 1851 1150 1885; x_wconf 90' lang='lat'><strong>3.</strong></span> 
     </span>
     <span class='ocr_line' id='line_1_28' title="bbox 413 1901 1151 1940; baseline 0.007 -6"><span class='ocrx_word' id='word_1_163' title='bbox 413 1902 529 1938; x_wconf 78' lang='lat' dir='ltr'><strong>Kritz.</strong></span> <span class='ocrx_word' id='word_1_164' title='bbox 548 1902 591 1935; x_wconf 90' lang='lat' dir='ltr'><strong>ad</strong></span> <span class='ocrx_word' id='word_1_165' title='bbox 600 1901 682 1937; x_wconf 85' lang='lat' dir='ltr'><strong>Sall.</strong></span> <span class='ocrx_word' id='word_1_166' title='bbox 698 1903 721 1936; x_wconf 96' lang='lat' dir='ltr'><strong>l.</strong></span> <span class='ocrx_word' id='word_1_167' title='bbox 732 1902 755 1936; x_wconf 94' lang='lat' dir='ltr'><strong>l.</strong></span> <span class='ocrx_word' id='word_1_168' title='bbox 766 1903 808 1937; x_wconf 85' lang='lat' dir='ltr'><strong>C.</strong></span> <span class='ocrx_word' id='word_1_169' title='bbox 819 1903 981 1938; x_wconf 89' lang='lat' dir='ltr'><strong>Schneid.</strong></span> <span class='ocrx_word' id='word_1_170' title='bbox 993 1905 1151 1940; x_wconf 85' lang='lat' dir='ltr'><strong>Elmntrl.</strong></span> 
     </span>
     <span class='ocr_line' id='line_1_29' title="bbox 414 1957 1149 2004; baseline 0.007 -12"><span class='ocrx_word' id='word_1_171' title='bbox 414 1972 451 2004; x_wconf 89' lang='lat' dir='ltr'><strong>p.</strong></span> <span class='ocrx_word' id='word_1_172' title='bbox 479 1957 557 1993; x_wconf 85' lang='lat'><strong>514.</strong></span> <span class='ocrx_word' id='word_1_173' title='bbox 589 1959 742 1993; x_wconf 81' lang='lat' dir='ltr'><strong>Freund.</strong></span> <span class='ocrx_word' id='word_1_174' title='bbox 770 1959 805 1992; x_wconf 90' lang='lat' dir='ltr'><strong>in</strong></span> <span class='ocrx_word' id='word_1_175' title='bbox 830 1960 916 1996; x_wconf 82' lang='lat' dir='ltr'><strong>Lex.</strong></span> <span class='ocrx_word' id='word_1_176' title='bbox 945 1974 980 1995; x_wconf 92' lang='lat' dir='ltr'><strong>v.</strong></span> <span class='ocrx_word' id='word_1_177' title='bbox 1001 1974 1149 1997; x_wconf 85' lang='lat' dir='ltr'><strong>arcesso.</strong></span> 
     </span>
     <span class='ocr_line' id='line_1_30' title="bbox 415 2014 1151 2063; baseline 0.007 -15"><span class='ocrx_word' id='word_1_178' title='bbox 415 2016 568 2049; x_wconf 85' lang='lat' dir='ltr'><strong>Ellendt.</strong></span> <span class='ocrx_word' id='word_1_179' title='bbox 581 2014 781 2050; x_wconf 80' lang='lat' dir='ltr'><strong>Emendatt.</strong></span> <span class='ocrx_word' id='word_1_180' title='bbox 803 2016 907 2051; x_wconf 83' lang='lat' dir='ltr'><strong>Isleb.</strong></span> <span class='ocrx_word' id='word_1_181' title='bbox 925 2019 1025 2052; x_wconf 87' lang='grc'><strong>1839.</strong></span> <span class='ocrx_word' id='word_1_182' title='bbox 1042 2031 1077 2063; x_wconf 91' lang='lat' dir='ltr'><strong>p.</strong></span> <span class='ocrx_word' id='word_1_183' title='bbox 1096 2020 1151 2053; x_wconf 88' lang='lat'><strong>13.</strong></span> 
     </span>
     <span class='ocr_line' id='line_1_31' title="bbox 415 2071 1150 2119; baseline 0.005 -14"><span class='ocrx_word' id='word_1_184' title='bbox 415 2071 562 2115; x_wconf 82' lang='lat' dir='ltr'><strong>Forbig.</strong></span> <span class='ocrx_word' id='word_1_185' title='bbox 587 2071 630 2104; x_wconf 85' lang='lat' dir='ltr'><strong>ad</strong></span> <span class='ocrx_word' id='word_1_186' title='bbox 658 2071 754 2115; x_wconf 88' lang='lat' dir='ltr'><strong>Virg.</strong></span> <span class='ocrx_word' id='word_1_187' title='bbox 780 2073 801 2107; x_wconf 94' lang='lat' dir='ltr'><strong>l.</strong></span> <span class='ocrx_word' id='word_1_188' title='bbox 829 2072 852 2107; x_wconf 94' lang='lat' dir='ltr'><strong>l.</strong></span> <span class='ocrx_word' id='word_1_189' title='bbox 872 2073 1036 2108; x_wconf 87' lang='lat' dir='ltr'><strong>Doederl.</strong></span> <span class='ocrx_word' id='word_1_190' title='bbox 1063 2075 1150 2119; x_wconf 73' lang='lat' dir='ltr'><strong>Syn.</strong></span> 
     </span>
     <span class='ocr_line' id='line_1_32' title="bbox 415 2126 1157 2174; baseline 0.007 -14"><span class='ocrx_word' id='word_1_191' title='bbox 415 2128 481 2161; x_wconf 84' lang='grc' dir='ltr'><strong>ΙΙΙ.</strong></span> <span class='ocrx_word' id='word_1_192' title='bbox 510 2139 546 2171; x_wconf 91' lang='lat' dir='ltr'><strong>p.</strong></span> <span class='ocrx_word' id='word_1_193' title='bbox 562 2127 640 2163; x_wconf 84' lang='lat'><strong>282.</strong></span> <span class='ocrx_word' id='word_1_194' title='bbox 656 2126 718 2161; x_wconf 91' lang='lat' dir='ltr'><strong>VI.</strong></span> <span class='ocrx_word' id='word_1_195' title='bbox 734 2140 770 2172; x_wconf 92' lang='lat' dir='ltr'><strong>p.</strong></span> <span class='ocrx_word' id='word_1_196' title='bbox 791 2127 826 2163; x_wconf 91' lang='lat'><strong>4.</strong></span> <span class='ocrx_word' id='word_1_197' title='bbox 873 2130 946 2163; x_wconf 88' lang='lat' dir='ltr'><strong>Sub</strong></span> <span class='ocrx_word' id='word_1_198' title='bbox 960 2131 1078 2174; x_wconf 86' lang='lat' dir='ltr'><strong>judice</strong></span> <span class='ocrx_word' id='word_1_199' title='bbox 1094 2132 1157 2166; x_wconf 89' lang='lat' dir='ltr'><strong>ad-</strong></span> 
     </span>
     <span class='ocr_line' id='line_1_33' title="bbox 417 2184 1154 2223; baseline 0.005 -5"><span class='ocrx_word' id='word_1_200' title='bbox 417 2185 483 2218; x_wconf 92' lang='lat' dir='ltr'><strong>huc</strong></span> <span class='ocrx_word' id='word_1_201' title='bbox 505 2184 548 2217; x_wconf 90' lang='lat' dir='ltr'><strong>lis</strong></span> <span class='ocrx_word' id='word_1_202' title='bbox 572 2188 648 2223; x_wconf 85' lang='lat' dir='ltr'><strong>est3</strong></span> <span class='ocrx_word' id='word_1_203' title='bbox 683 2184 838 2218; x_wconf 88' lang='lat' dir='ltr'><strong>meliores</strong></span> <span class='ocrx_word' id='word_1_204' title='bbox 861 2186 948 2220; x_wconf 88' lang='lat' dir='ltr'><strong>enim</strong></span> <span class='ocrx_word' id='word_1_205' title='bbox 975 2187 1057 2220; x_wconf 87' lang='lat' dir='ltr'><strong>libri</strong></span> <span class='ocrx_word' id='word_1_206' title='bbox 1073 2200 1154 2223; x_wconf 84' lang='lat' dir='ltr'><strong>rnSS.</strong></span> 
     </span>
     <span class='ocr_line' id='line_1_34' title="bbox 419 2241 1156 2278; baseline 0.004 -3"><span class='ocrx_word' id='word_1_207' title='bbox 419 2252 591 2275; x_wconf 85' lang='lat' dir='ltr'><strong>arcessere</strong></span> <span class='ocrx_word' id='word_1_208' title='bbox 624 2241 765 2275; x_wconf 85' lang='lat' dir='ltr'><strong>verbum</strong></span> <span class='ocrx_word' id='word_1_209' title='bbox 807 2254 933 2276; x_wconf 84' lang='lat' dir='ltr'><strong>aureae</strong></span> <span class='ocrx_word' id='word_1_210' title='bbox 968 2243 1156 2278; x_wconf 81' lang='lat' dir='ltr'><strong>latinitatis</strong></span> 
     </span>
     <span class='ocr_line' id='line_1_35' title="bbox 417 2297 1155 2336; baseline 0.003 -5"><span class='ocrx_word' id='word_1_211' title='bbox 417 2302 606 2331; x_wconf 80' lang='lat' dir='ltr'><strong>testantur.</strong></span> <span class='ocrx_word' id='word_1_212' title='bbox 654 2297 735 2333; x_wconf 87' lang='lat' dir='ltr'><strong>Vid.</strong></span> <span class='ocrx_word' id='word_1_213' title='bbox 763 2299 837 2332; x_wconf 84' lang='lat' dir='ltr'><strong>Fea</strong></span> <span class='ocrx_word' id='word_1_214' title='bbox 864 2299 906 2331; x_wconf 85' lang='lat' dir='ltr'><strong>ad</strong></span> <span class='ocrx_word' id='word_1_215' title='bbox 930 2299 964 2333; x_wconf 90' lang='lat' dir='ltr'><strong>h.</strong></span> <span class='ocrx_word' id='word_1_216' title='bbox 992 2300 1016 2336; x_wconf 91' lang='lat' dir='ltr'><strong>l.</strong></span> <span class='ocrx_word' id='word_1_217' title='bbox 1046 2305 1082 2334; x_wconf 85' lang='lat' dir='ltr'><strong>et</strong></span> <span class='ocrx_word' id='word_1_218' title='bbox 1113 2300 1155 2333; x_wconf 84' lang='lat' dir='ltr'><strong>ad</strong></span> 
     </span>
     <span class='ocr_line' id='line_1_36' title="bbox 417 2353 1156 2399; baseline 0.004 -12"><span class='ocrx_word' id='word_1_219' title='bbox 417 2353 532 2399; x_wconf 86' lang='lat' dir='ltr'><strong>Epist.</strong></span> <span class='ocrx_word' id='word_1_220' title='bbox 566 2354 610 2395; x_wconf 88' lang='lat'><strong>2,</strong></span> <span class='ocrx_word' id='word_1_221' title='bbox 646 2355 685 2396; x_wconf 86' lang='lat'><strong>1,</strong></span> <span class='ocrx_word' id='word_1_222' title='bbox 719 2355 796 2391; x_wconf 89' lang='lat'><strong>168.</strong></span> <span class='ocrx_word' id='word_1_223' title='bbox 842 2354 918 2390; x_wconf 84' lang='lat' dir='ltr'><strong>Sat.</strong></span> <span class='ocrx_word' id='word_1_224' title='bbox 937 2358 976 2399; x_wconf 88' lang='lat'><strong>2,</strong></span> <span class='ocrx_word' id='word_1_225' title='bbox 1007 2357 1049 2399; x_wconf 89' lang='lat'><strong>3,</strong></span> <span class='ocrx_word' id='word_1_226' title='bbox 1077 2358 1156 2393; x_wconf 90' lang='lat'><strong>261.</strong></span> 
     </span>
     <span class='ocr_line' id='line_1_37' title="bbox 420 2408 1156 2457; baseline 0.005 -14"><span class='ocrx_word' id='word_1_227' title='bbox 420 2410 521 2445; x_wconf 87' lang='lat' dir='ltr'><strong>Cort.</strong></span> <span class='ocrx_word' id='word_1_228' title='bbox 551 2409 594 2442; x_wconf 86' lang='lat' dir='ltr'><strong>ad</strong></span> <span class='ocrx_word' id='word_1_229' title='bbox 614 2408 746 2447; x_wconf 81' lang='lat' dir='ltr'><strong>Lucan,</strong></span> <span class='ocrx_word' id='word_1_230' title='bbox 766 2412 782 2444; x_wconf 90' lang='lat'><strong>1</strong></span> <span class='ocrx_word' id='word_1_231' title='bbox 798 2435 807 2452; x_wconf 84' lang='lat'>‚</span> <span class='ocrx_word' id='word_1_232' title='bbox 839 2412 914 2446; x_wconf 87' lang='lat'><strong>166.</strong></span> <span class='ocrx_word' id='word_1_233' title='bbox 946 2413 990 2455; x_wconf 85' lang='lat'><strong>4,</strong></span> <span class='ocrx_word' id='word_1_234' title='bbox 1017 2412 1096 2446; x_wconf 87' lang='lat'><strong>484.</strong></span> <span class='ocrx_word' id='word_1_235' title='bbox 1122 2415 1156 2457; x_wconf 87' lang='lat'><strong>7,</strong></span> 
     </span>
     <span class='ocr_line' id='line_1_38' title="bbox 420 2465 1158 2512; baseline 0.003 -14"><span class='ocrx_word' id='word_1_236' title='bbox 420 2466 499 2502; x_wconf 85' lang='lat'><strong>252.</strong></span> <span class='ocrx_word' id='word_1_237' title='bbox 528 2465 573 2499; x_wconf 94' lang='lat' dir='ltr'><strong>H.</strong></span> <span class='ocrx_word' id='word_1_238' title='bbox 590 2465 844 2509; x_wconf 84' lang='lat' dir='ltr'><strong>Lagomarsinii</strong></span> <span class='ocrx_word' id='word_1_239' title='bbox 859 2471 931 2504; x_wconf 84' lang='lat' dir='ltr'><strong>not.</strong></span> <span class='ocrx_word' id='word_1_240' title='bbox 947 2479 1000 2512; x_wconf 84' lang='lat' dir='ltr'><strong>gr.</strong></span> <span class='ocrx_word' id='word_1_241' title='bbox 1016 2472 1052 2501; x_wconf 86' lang='lat' dir='ltr'><strong>et</strong></span> <span class='ocrx_word' id='word_1_242' title='bbox 1063 2469 1158 2502; x_wconf 91' lang='lat' dir='ltr'><strong>critt.</strong></span> 
     </span>
     <span class='ocr_line' id='line_1_39' title="bbox 420 2521 1158 2558; baseline 0.003 -4"><span class='ocrx_word' id='word_1_243' title='bbox 420 2522 457 2554; x_wconf 90' lang='lat' dir='ltr'><strong>in</strong></span> <span class='ocrx_word' id='word_1_244' title='bbox 493 2521 666 2555; x_wconf 84' lang='lat' dir='ltr'><strong>Friedem.</strong></span> <span class='ocrx_word' id='word_1_245' title='bbox 696 2526 732 2555; x_wconf 89' lang='lat' dir='ltr'><strong>et</strong></span> <span class='ocrx_word' id='word_1_246' title='bbox 758 2522 906 2557; x_wconf 90' lang='lat' dir='ltr'><strong>Seebod.</strong></span> <span class='ocrx_word' id='word_1_247' title='bbox 935 2524 1035 2558; x_wconf 89' lang='lat' dir='ltr'><strong>Misc.</strong></span> <span class='ocrx_word' id='word_1_248' title='bbox 1063 2524 1158 2557; x_wconf 87' lang='lat' dir='ltr'><strong>critt.</strong></span> 
     </span>
     <span class='ocr_line' id='line_1_40' title="bbox 422 2577 1160 2625; baseline 0.004 -16"><span class='ocrx_word' id='word_1_249' title='bbox 422 2577 501 2610; x_wconf 89' lang='lat' dir='ltr'><strong>Vol.</strong></span> <span class='ocrx_word' id='word_1_250' title='bbox 521 2578 569 2611; x_wconf 94' lang='lat' dir='ltr'><strong>II.</strong></span> <span class='ocrx_word' id='word_1_251' title='bbox 583 2578 624 2612; x_wconf 89' lang='lat' dir='ltr'><strong>P.</strong></span> <span class='ocrx_word' id='word_1_252' title='bbox 637 2578 701 2613; x_wconf 91' lang='lat'><strong>111.</strong></span> <span class='ocrx_word' id='word_1_253' title='bbox 714 2591 750 2624; x_wconf 91' lang='lat' dir='ltr'><strong>p.</strong></span> <span class='ocrx_word' id='word_1_254' title='bbox 763 2577 842 2614; x_wconf 84' lang='lat'><strong>434.</strong></span> <span class='ocrx_word' id='word_1_255' title='bbox 860 2591 938 2625; x_wconf 89' lang='lat' dir='ltr'><strong>sqq.</strong></span> <span class='ocrx_word' id='word_1_256' title='bbox 985 2579 1160 2625; x_wconf 84' lang='lat' dir='ltr'><strong>Quicquid</strong></span> 
     </span>
     <span class='ocr_line' id='line_1_41' title="bbox 423 2634 1160 2678; baseline 0.003 -12"><span class='ocrx_word' id='word_1_257' title='bbox 423 2637 499 2676; x_wconf 87' lang='lat' dir='ltr'><strong>est,</strong></span> <span class='ocrx_word' id='word_1_258' title='bbox 530 2634 711 2668; x_wconf 87' lang='lat' dir='ltr'><strong>discrimen</strong></span> <span class='ocrx_word' id='word_1_259' title='bbox 745 2635 1006 2678; x_wconf 82' lang='lat' dir='ltr'><strong>significationis</strong></span> <span class='ocrx_word' id='word_1_260' title='bbox 1034 2635 1160 2668; x_wconf 89' lang='lat' dir='ltr'><strong>nullum</strong></span> 
     </span>
     <span class='ocr_line' id='line_1_42' title="bbox 423 2690 1159 2736; baseline 0.003 -14"><span class='ocrx_word' id='word_1_261' title='bbox 423 2701 500 2723; x_wconf 88' lang='lat' dir='ltr'><strong>esse</strong></span> <span class='ocrx_word' id='word_1_262' title='bbox 517 2690 669 2724; x_wconf 82' lang='lat' dir='ltr'><strong>videtur.</strong></span> <span class='ocrx_word' id='word_1_263' title='bbox 718 2691 775 2726; x_wconf 83' lang='lat' dir='ltr'><strong>Cf.</strong></span> <span class='ocrx_word' id='word_1_264' title='bbox 789 2692 1019 2736; x_wconf 84' lang='lat' dir='ltr'><strong>Stiirenburg.</strong></span> <span class='ocrx_word' id='word_1_265' title='bbox 1036 2692 1159 2735; x_wconf 81' lang='lat' dir='ltr'><strong>Progr.</strong></span> 
     </span>
     <span class='ocr_line' id='line_1_43' title="bbox 424 2745 1161 2782; baseline -0.001 -3"><span class='ocrx_word' id='word_1_266' title='bbox 424 2745 530 2779; x_wconf 81' lang='lat' dir='ltr'><strong>schol.</strong></span> <span class='ocrx_word' id='word_1_267' title='bbox 554 2745 596 2778; x_wconf 89' lang='lat' dir='ltr'><strong>de</strong></span> <span class='ocrx_word' id='word_1_268' title='bbox 623 2747 732 2781; x_wconf 77' lang='lat' dir='ltr'><strong>verbis</strong></span> <span class='ocrx_word' id='word_1_269' title='bbox 761 2747 960 2782; x_wconf 81' lang='lat' dir='ltr'><strong>arcessendi</strong></span> <span class='ocrx_word' id='word_1_270' title='bbox 985 2752 1018 2781; x_wconf 84' lang='lat' dir='ltr'><strong>ct</strong></span> <span class='ocrx_word' id='word_1_271' title='bbox 1046 2757 1161 2780; x_wconf 86' lang='lat' dir='ltr'><strong>accer-</strong></span> 
     </span>
     <span class='ocr_line' id='line_1_44' title="bbox 425 2801 1159 2848; baseline 0.001 -14"><span class='ocrx_word' id='word_1_272' title='bbox 425 2801 536 2835; x_wconf 80' lang='lat' dir='ltr'><strong>sendi.</strong></span> <span class='ocrx_word' id='word_1_273' title='bbox 583 2801 778 2846; x_wconf 89' lang='lat' dir='ltr'><strong>Hilpertoh.</strong></span> <span class='ocrx_word' id='word_1_274' title='bbox 798 2804 896 2840; x_wconf 87' lang='grc'><strong>1839.</strong></span> <span class='ocrx_word' id='word_1_275' title='bbox 912 2823 957 2828; x_wconf 92' lang='grc'><strong>-</strong></span> <span class='ocrx_word' id='word_1_276' title='bbox 973 2803 1159 2848; x_wconf 79' lang='lat' dir='ltr'><strong>inperium.</strong></span> 
     </span>
     <span class='ocr_line' id='line_1_45' title="bbox 424 2856 730 2894; baseline 0.007 -4"><span class='ocrx_word' id='word_1_277' title='bbox 424 2856 485 2890; x_wconf 89' lang='lat' dir='ltr'><strong>Sic</strong></span> <span class='ocrx_word' id='word_1_278' title='bbox 499 2867 560 2891; x_wconf 89' lang='lat' dir='ltr'><strong>ms.</strong></span> <span class='ocrx_word' id='word_1_279' title='bbox 575 2856 676 2893; x_wconf 90' lang='lat' dir='ltr'><strong>Dess.</strong></span> <span class='ocrx_word' id='word_1_280' title='bbox 697 2861 730 2894; x_wconf 89' lang='lat'><strong>2.</strong></span> 
     </span>
    </p>
   </div>
   <div class='ocr_carea' id='block_1_9' title="bbox 470 2913 1160 2960">
    <p class='ocr_par' dir='ltr' id='par_1_9' title="bbox 470 2913 1160 2960">
     <span class='ocr_line' id='line_1_46' title="bbox 470 2913 1160 2960; baseline 0.001 -13"><span class='ocrx_word' id='word_1_281' title='bbox 470 2913 512 2947; x_wconf 89' lang='lat' dir='ltr'><strong>V.</strong></span> <span class='ocrx_word' id='word_1_282' title='bbox 530 2915 563 2949; x_wconf 87' lang='grc'><strong>7.</strong></span> <span class='ocrx_word' id='word_1_283' title='bbox 590 2914 666 2950; x_wconf 84' lang='lat' dir='ltr'><strong>Fea</strong></span> <span class='ocrx_word' id='word_1_284' title='bbox 688 2916 902 2960; x_wconf 84' lang='lat' dir='ltr'><strong>transposuit</strong></span> <span class='ocrx_word' id='word_1_285' title='bbox 923 2928 959 2951; x_wconf 83' lang='lat' dir='ltr'><strong>v.</strong></span> <span class='ocrx_word' id='word_1_286' title='bbox 980 2917 1013 2951; x_wconf 89' lang='lat'><strong>6.</strong></span> <span class='ocrx_word' id='word_1_287' title='bbox 1027 2915 1060 2950; x_wconf 91' lang='grc'><strong>7.</strong></span> <span class='ocrx_word' id='word_1_288' title='bbox 1087 2925 1160 2949; x_wconf 88' lang='lat' dir='ltr'><strong>cum</strong></span> 
     </span>
    </p>
   </div>
   <div class='ocr_carea' id='block_1_10' title="bbox 1188 892 1932 2006">
    <p class='ocr_par' dir='ltr' id='par_1_10' title="bbox 1188 892 1932 2006">
     <span class='ocr_line' id='line_1_47' title="bbox 1188 892 1922 935; baseline 0.003 -9"><span class='ocrx_word' id='word_1_289' title='bbox 1188 892 1305 927; x_wconf 86' lang='lat' dir='ltr'><strong>codice</strong></span> <span class='ocrx_word' id='word_1_290' title='bbox 1334 892 1399 927; x_wconf 86' lang='lat' dir='ltr'><strong>An.</strong></span> <span class='ocrx_word' id='word_1_291' title='bbox 1431 905 1462 929; x_wconf 87' lang='lat' dir='ltr'><strong>a.</strong></span> <span class='ocrx_word' id='word_1_292' title='bbox 1517 893 1734 928; x_wconf 83' lang='lat' dir='ltr'><strong>Jamdudum</strong></span> <span class='ocrx_word' id='word_1_293' title='bbox 1762 914 1806 921; x_wconf 85' lang='lat'><strong>—-</strong></span> <span class='ocrx_word' id='word_1_294' title='bbox 1839 894 1922 935; x_wconf 83' lang='lat' dir='ltr'><strong>Sin,-</strong></span> 
     </span>
     <span class='ocr_line' id='line_1_48' title="bbox 1190 948 1919 994; baseline 0.008 -13"><span class='ocrx_word' id='word_1_295' title='bbox 1190 948 1252 982; x_wconf 88' lang='lat' dir='ltr'><strong>sed</strong></span> <span class='ocrx_word' id='word_1_296' title='bbox 1279 954 1377 983; x_wconf 88' lang='lat' dir='ltr'><strong>recte</strong></span> <span class='ocrx_word' id='word_1_297' title='bbox 1396 950 1572 994; x_wconf 87' lang='lat' dir='ltr'><strong>disputant</strong></span> <span class='ocrx_word' id='word_1_298' title='bbox 1587 954 1708 984; x_wconf 85' lang='lat' dir='ltr'><strong>contra</strong></span> <span class='ocrx_word' id='word_1_299' title='bbox 1724 962 1800 985; x_wconf 91' lang='lat' dir='ltr'><strong>eum</strong></span> <span class='ocrx_word' id='word_1_300' title='bbox 1814 952 1919 988; x_wconf 74' lang='lat' dir='ltr'><strong>Jahn.</strong></span> 
     </span>
     <span class='ocr_line' id='line_1_49' title="bbox 1191 1005 1922 1052; baseline 0.007 -15"><span class='ocrx_word' id='word_1_301' title='bbox 1191 1008 1227 1037; x_wconf 87' lang='lat' dir='ltr'><strong>et</strong></span> <span class='ocrx_word' id='word_1_302' title='bbox 1242 1005 1449 1040; x_wconf 83' lang='lat' dir='ltr'><strong>Schmidius.</strong></span> <span class='ocrx_word' id='word_1_303' title='bbox 1480 1007 1587 1040; x_wconf 87' lang='lat' dir='ltr'><strong>Feam</strong></span> <span class='ocrx_word' id='word_1_304' title='bbox 1598 1011 1789 1052; x_wconf 85' lang='lat' dir='ltr'><strong>sequuntur</strong></span> <span class='ocrx_word' id='word_1_305' title='bbox 1803 1009 1922 1043; x_wconf 85' lang='lat' dir='ltr'><strong>Jaeck.</strong></span> 
     </span>
     <span class='ocr_line' id='line_1_50' title="bbox 1191 1061 1926 1108; baseline 0.007 -14"><span class='ocrx_word' id='word_1_306' title='bbox 1191 1065 1227 1094; x_wconf 88' lang='lat' dir='ltr'><strong>et</strong></span> <span class='ocrx_word' id='word_1_307' title='bbox 1243 1061 1354 1095; x_wconf 86' lang='lat' dir='ltr'><strong>editor</strong></span> <span class='ocrx_word' id='word_1_308' title='bbox 1368 1062 1463 1107; x_wconf 90' lang='lat' dir='ltr'><strong>Lips.</strong></span> <span class='ocrx_word' id='word_1_309' title='bbox 1484 1064 1582 1100; x_wconf 89' lang='lat'><strong>1828.</strong></span> <span class='ocrx_word' id='word_1_310' title='bbox 1607 1083 1654 1088; x_wconf 88' lang='lat'><strong>——</strong></span> <span class='ocrx_word' id='word_1_311' title='bbox 1678 1065 1835 1108; x_wconf 71' lang='lat' dir='ltr'><strong>supeleae.</strong></span> <span class='ocrx_word' id='word_1_312' title='bbox 1858 1064 1926 1100; x_wconf 85' lang='lat' dir='ltr'><strong>Ms.</strong></span> 
     </span>
     <span class='ocr_line' id='line_1_51' title="bbox 1192 1117 1923 1167; baseline 0.005 -17"><span class='ocrx_word' id='word_1_313' title='bbox 1192 1117 1293 1151; x_wconf 81' lang='lat' dir='ltr'><strong>Gott.</strong></span> <span class='ocrx_word' id='word_1_314' title='bbox 1311 1119 1344 1151; x_wconf 91' lang='lat'><strong>2.</strong></span> <span class='ocrx_word' id='word_1_315' title='bbox 1369 1117 1436 1152; x_wconf 85' lang='lat' dir='ltr'><strong>Ed.</strong></span> <span class='ocrx_word' id='word_1_316' title='bbox 1451 1119 1536 1153; x_wconf 90' lang='lat' dir='ltr'><strong>Ven.</strong></span> <span class='ocrx_word' id='word_1_317' title='bbox 1549 1119 1628 1155; x_wconf 87' lang='lat'><strong>481.</strong></span> <span class='ocrx_word' id='word_1_318' title='bbox 1643 1121 1838 1167; x_wconf 53' lang='lat' dir='ltr'><strong>suppellex,</strong></span> <span class='ocrx_word' id='word_1_319' title='bbox 1856 1120 1923 1154; x_wconf 82' lang='lat' dir='ltr'><strong>Ed.</strong></span> 
     </span>
     <span class='ocr_line' id='line_1_52' title="bbox 1190 1173 1926 1212; baseline 0.007 -6"><span class='ocrx_word' id='word_1_320' title='bbox 1190 1173 1267 1207; x_wconf 86' lang='lat' dir='ltr'><strong>Ald.</strong></span> <span class='ocrx_word' id='word_1_321' title='bbox 1279 1173 1359 1207; x_wconf 79' lang='lat'><strong>519.</strong></span> <span class='ocrx_word' id='word_1_322' title='bbox 1379 1193 1426 1199; x_wconf 92' lang='lat'><strong>——</strong></span> <span class='ocrx_word' id='word_1_323' title='bbox 1447 1187 1489 1208; x_wconf 92' lang='lat' dir='ltr'><strong>ac</strong></span> <span class='ocrx_word' id='word_1_324' title='bbox 1499 1176 1570 1211; x_wconf 80' lang='lat' dir='ltr'><strong>tibi.</strong></span> <span class='ocrx_word' id='word_1_325' title='bbox 1583 1177 1651 1212; x_wconf 81' lang='lat' dir='ltr'><strong>Ed.</strong></span> <span class='ocrx_word' id='word_1_326' title='bbox 1664 1176 1768 1210; x_wconf 83' lang='lat' dir='ltr'><strong>Bask.</strong></span> <span class='ocrx_word' id='word_1_327' title='bbox 1788 1176 1867 1211; x_wconf 90' lang='grc'><strong>777.</strong></span> <span class='ocrx_word' id='word_1_328' title='bbox 1879 1194 1926 1201; x_wconf 90' lang='lat'><strong>--</strong></span> 
     </span>
     <span class='ocr_line' id='line_1_53' title="bbox 1192 1230 1925 1267; baseline 0.008 -6"><span class='ocrx_word' id='word_1_329' title='bbox 1192 1230 1235 1263; x_wconf 90' lang='lat' dir='ltr'><strong>V.</strong></span> <span class='ocrx_word' id='word_1_330' title='bbox 1249 1231 1283 1266; x_wconf 90' lang='lat'><strong>8.</strong></span> <span class='ocrx_word' id='word_1_331' title='bbox 1316 1230 1411 1264; x_wconf 80' lang='lat' dir='ltr'><strong>levis.</strong></span> <span class='ocrx_word' id='word_1_332' title='bbox 1443 1231 1504 1264; x_wconf 93' lang='lat' dir='ltr'><strong>Sic</strong></span> <span class='ocrx_word' id='word_1_333' title='bbox 1519 1243 1581 1266; x_wconf 89' lang='lat' dir='ltr'><strong>ms.</strong></span> <span class='ocrx_word' id='word_1_334' title='bbox 1599 1233 1708 1266; x_wconf 87' lang='lat' dir='ltr'><strong>Orell.</strong></span> <span class='ocrx_word' id='word_1_335' title='bbox 1726 1244 1757 1265; x_wconf 90' lang='lat' dir='ltr'><strong>c.</strong></span> <span class='ocrx_word' id='word_1_336' title='bbox 1775 1231 1876 1265; x_wconf 87' lang='lat' dir='ltr'><strong>Dess.</strong></span> <span class='ocrx_word' id='word_1_337' title='bbox 1893 1235 1925 1267; x_wconf 92' lang='lat'><strong>1.</strong></span> 
     </span>
     <span class='ocr_line' id='line_1_54' title="bbox 1194 1287 1927 1324; baseline 0.004 -5"><span class='ocrx_word' id='word_1_338' title='bbox 1194 1287 1297 1324; x_wconf 79' lang='lat' dir='ltr'><strong>lenes.</strong></span> <span class='ocrx_word' id='word_1_339' title='bbox 1327 1287 1397 1322; x_wconf 90' lang='lat' dir='ltr'><strong>Ms.</strong></span> <span class='ocrx_word' id='word_1_340' title='bbox 1416 1289 1535 1322; x_wconf 86' lang='lat' dir='ltr'><strong>Jaeck.</strong></span> <span class='ocrx_word' id='word_1_341' title='bbox 1554 1289 1586 1323; x_wconf 88' lang='lat'><strong>6.</strong></span> <span class='ocrx_word' id='word_1_342' title='bbox 1613 1289 1731 1322; x_wconf 88' lang='lat' dir='ltr'><strong>Guelf.</strong></span> <span class='ocrx_word' id='word_1_343' title='bbox 1747 1290 1780 1324; x_wconf 88' lang='lat'><strong>2.</strong></span> <span class='ocrx_word' id='word_1_344' title='bbox 1798 1287 1927 1322; x_wconf 85' lang='lat' dir='ltr'><strong>Eadem</strong></span> 
     </span>
     <span class='ocr_line' id='line_1_55' title="bbox 1193 1342 1929 1388; baseline 0.004 -13"><span class='ocrx_word' id='word_1_345' title='bbox 1193 1342 1377 1388; x_wconf 89' lang='lat' dir='ltr'><strong>utriusque</strong></span> <span class='ocrx_word' id='word_1_346' title='bbox 1397 1355 1476 1380; x_wconf 87' lang='lat' dir='ltr'><strong>voc.</strong></span> <span class='ocrx_word' id='word_1_347' title='bbox 1487 1345 1704 1378; x_wconf 86' lang='lat' dir='ltr'><strong>commutatio</strong></span> <span class='ocrx_word' id='word_1_348' title='bbox 1717 1344 1759 1379; x_wconf 90' lang='lat' dir='ltr'><strong>A.</strong></span> <span class='ocrx_word' id='word_1_349' title='bbox 1771 1344 1812 1382; x_wconf 81' lang='lat' dir='ltr'><strong>P.</strong></span> <span class='ocrx_word' id='word_1_350' title='bbox 1826 1347 1882 1381; x_wconf 87' lang='lat'><strong>26.</strong></span> <span class='ocrx_word' id='word_1_351' title='bbox 1892 1348 1929 1378; x_wconf 81' lang='lat' dir='ltr'><strong>et</strong></span> 
     </span>
     <span class='ocr_line' id='line_1_56' title="bbox 1193 1400 1927 1445; baseline 0 -13"><span class='ocrx_word' id='word_1_352' title='bbox 1193 1410 1311 1444; x_wconf 85' lang='lat' dir='ltr'><strong>saepe.</strong></span> <span class='ocrx_word' id='word_1_353' title='bbox 1325 1419 1371 1424; x_wconf 89' lang='lat'><strong>——</strong></span> <span class='ocrx_word' id='word_1_354' title='bbox 1398 1400 1615 1436; x_wconf 83' lang='lat' dir='ltr'><strong>diviciarum.</strong></span> <span class='ocrx_word' id='word_1_355' title='bbox 1646 1401 1706 1434; x_wconf 88' lang='lat' dir='ltr'><strong>Sic</strong></span> <span class='ocrx_word' id='word_1_356' title='bbox 1722 1400 1808 1437; x_wconf 85' lang='lat' dir='ltr'><strong>Mss.</strong></span> <span class='ocrx_word' id='word_1_357' title='bbox 1827 1401 1927 1445; x_wconf 84' lang='lat' dir='ltr'><strong>Lips.</strong></span> 
     </span>
     <span class='ocr_line' id='line_1_57' title="bbox 1195 1456 1928 1502; baseline 0.004 -12"><span class='ocrx_word' id='word_1_358' title='bbox 1195 1456 1228 1490; x_wconf 91' lang='lat'><strong>1.</strong></span> <span class='ocrx_word' id='word_1_359' title='bbox 1245 1457 1278 1492; x_wconf 89' lang='lat'><strong>2.</strong></span> <span class='ocrx_word' id='word_1_360' title='bbox 1294 1457 1395 1493; x_wconf 79' lang='lat' dir='ltr'><strong>Dess.</strong></span> <span class='ocrx_word' id='word_1_361' title='bbox 1413 1459 1446 1493; x_wconf 88' lang='lat'><strong>2.</strong></span> <span class='ocrx_word' id='word_1_362' title='bbox 1459 1457 1525 1491; x_wconf 81' lang='lat' dir='ltr'><strong>Ed.</strong></span> <span class='ocrx_word' id='word_1_363' title='bbox 1544 1458 1640 1502; x_wconf 92' lang='lat' dir='ltr'><strong>Lips.</strong></span> <span class='ocrx_word' id='word_1_364' title='bbox 1655 1456 1734 1494; x_wconf 89' lang='lat'><strong>492.</strong></span> <span class='ocrx_word' id='word_1_365' title='bbox 1758 1475 1805 1482; x_wconf 90' lang='lat'><strong>--</strong></span> <span class='ocrx_word' id='word_1_366' title='bbox 1834 1457 1879 1493; x_wconf 74' lang='lat' dir='ltr'><strong>V.</strong></span> <span class='ocrx_word' id='word_1_367' title='bbox 1893 1457 1928 1493; x_wconf 90' lang='lat'><strong>9.</strong></span> 
     </span>
     <span class='ocr_line' id='line_1_58' title="bbox 1194 1512 1928 1548; baseline 0.001 -3"><span class='ocrx_word' id='word_1_368' title='bbox 1194 1523 1334 1547; x_wconf 84' lang='lat' dir='ltr'><strong>causas.</strong></span> <span class='ocrx_word' id='word_1_369' title='bbox 1359 1512 1428 1548; x_wconf 90' lang='lat' dir='ltr'><strong>Ms.</strong></span> <span class='ocrx_word' id='word_1_370' title='bbox 1444 1514 1562 1547; x_wconf 84' lang='lat' dir='ltr'><strong>Jaeck.</strong></span> <span class='ocrx_word' id='word_1_371' title='bbox 1580 1514 1612 1548; x_wconf 87' lang='lat'><strong>5.</strong></span> <span class='ocrx_word' id='word_1_372' title='bbox 1644 1513 1695 1547; x_wconf 85' lang='lat' dir='ltr'><strong>Et</strong></span> <span class='ocrx_word' id='word_1_373' title='bbox 1711 1513 1827 1547; x_wconf 83' lang='lat' dir='ltr'><strong>Mosei</strong></span> <span class='ocrx_word' id='word_1_374' title='bbox 1841 1524 1928 1547; x_wconf 82' lang='lat' dir='ltr'><strong>cau—</strong></span> 
     </span>
     <span class='ocr_line' id='line_1_59' title="bbox 1195 1568 1928 1613; baseline -0.001 -11"><span class='ocrx_word' id='word_1_375' title='bbox 1195 1580 1281 1602; x_wconf 86' lang='lat' dir='ltr'><strong>sam.</strong></span> <span class='ocrx_word' id='word_1_376' title='bbox 1321 1569 1407 1602; x_wconf 87' lang='lat' dir='ltr'><strong>Mss.</strong></span> <span class='ocrx_word' id='word_1_377' title='bbox 1434 1568 1551 1605; x_wconf 88' lang='lat' dir='ltr'><strong>Guelf.</strong></span> <span class='ocrx_word' id='word_1_378' title='bbox 1575 1570 1608 1606; x_wconf 85' lang='lat'><strong>3.</strong></span> <span class='ocrx_word' id='word_1_379' title='bbox 1634 1570 1668 1603; x_wconf 90' lang='grc'><strong>4.</strong></span> <span class='ocrx_word' id='word_1_380' title='bbox 1707 1569 1785 1603; x_wconf 87' lang='lat' dir='ltr'><strong>Acr.</strong></span> <span class='ocrx_word' id='word_1_381' title='bbox 1802 1568 1928 1613; x_wconf 84' lang='lat' dir='ltr'><strong>Porph.</strong></span> 
     </span>
     <span class='ocr_line' id='line_1_60' title="bbox 1197 1625 1926 1670; baseline 0.003 -12"><span class='ocrx_word' id='word_1_382' title='bbox 1197 1630 1233 1658; x_wconf 89' lang='lat' dir='ltr'><strong>et</strong></span> <span class='ocrx_word' id='word_1_383' title='bbox 1258 1626 1401 1661; x_wconf 86' lang='lat' dir='ltr'><strong>Auctar.</strong></span> <span class='ocrx_word' id='word_1_384' title='bbox 1429 1626 1558 1658; x_wconf 88' lang='lat' dir='ltr'><strong>Comm.</strong></span> <span class='ocrx_word' id='word_1_385' title='bbox 1587 1628 1660 1661; x_wconf 85' lang='lat' dir='ltr'><strong>vet.</strong></span> <span class='ocrx_word' id='word_1_386' title='bbox 1679 1637 1734 1670; x_wconf 89' lang='lat' dir='ltr'><strong>ap.</strong></span> <span class='ocrx_word' id='word_1_387' title='bbox 1759 1625 1866 1669; x_wconf 91' lang='lat' dir='ltr'><strong>Cruq.</strong></span> <span class='ocrx_word' id='word_1_388' title='bbox 1891 1636 1926 1669; x_wconf 92' lang='lat' dir='ltr'><strong>p.</strong></span> 
     </span>
     <span class='ocr_line' id='line_1_61' title="bbox 1196 1681 1928 1716; baseline 0.001 -2"><span class='ocrx_word' id='word_1_389' title='bbox 1196 1682 1274 1716; x_wconf 89' lang='lat'><strong>692.</strong></span> <span class='ocrx_word' id='word_1_390' title='bbox 1290 1681 1381 1716; x_wconf 84' lang='lat' dir='ltr'><strong>Edd.</strong></span> <span class='ocrx_word' id='word_1_391' title='bbox 1401 1681 1480 1715; x_wconf 85' lang='lat' dir='ltr'><strong>Bas.</strong></span> <span class='ocrx_word' id='word_1_392' title='bbox 1494 1681 1572 1716; x_wconf 87' lang='lat'><strong>531.</strong></span> <span class='ocrx_word' id='word_1_393' title='bbox 1591 1681 1646 1715; x_wconf 86' lang='grc'><strong>55.</strong></span> <span class='ocrx_word' id='word_1_394' title='bbox 1660 1681 1747 1715; x_wconf 83' lang='lat' dir='ltr'><strong>Bad.</strong></span> <span class='ocrx_word' id='word_1_395' title='bbox 1764 1681 1815 1714; x_wconf 81' lang='lat' dir='ltr'><strong>Et</strong></span> <span class='ocrx_word' id='word_1_396' title='bbox 1831 1691 1928 1715; x_wconf 79' lang='lat' dir='ltr'><strong>caus.</strong></span> 
     </span>
     <span class='ocr_line' id='line_1_62' title="bbox 1198 1736 1930 1774; baseline 0 -4"><span class='ocrx_word' id='word_1_397' title='bbox 1198 1736 1348 1772; x_wconf 73' lang='lat' dir='ltr'><strong>Moschi.</strong></span> <span class='ocrx_word' id='word_1_398' title='bbox 1375 1737 1465 1773; x_wconf 80' lang='lat' dir='ltr'><strong>Edd.</strong></span> <span class='ocrx_word' id='word_1_399' title='bbox 1488 1739 1553 1774; x_wconf 84' lang='lat' dir='ltr'><strong>Fe.</strong></span> <span class='ocrx_word' id='word_1_400' title='bbox 1578 1738 1697 1772; x_wconf 84' lang='lat' dir='ltr'><strong>Jaeck.</strong></span> <span class='ocrx_word' id='word_1_401' title='bbox 1726 1737 1828 1772; x_wconf 87' lang='lat' dir='ltr'><strong>Jahn.</strong></span> <span class='ocrx_word' id='word_1_402' title='bbox 1845 1737 1930 1770; x_wconf 87' lang='lat' dir='ltr'><strong>We-</strong></span> 
     </span>
     <span class='ocr_line' id='line_1_63' title="bbox 1195 1792 1931 1839; baseline 0.001 -14"><span class='ocrx_word' id='word_1_403' title='bbox 1195 1793 1268 1828; x_wconf 89' lang='lat' dir='ltr'><strong>ber.</strong></span> <span class='ocrx_word' id='word_1_404' title='bbox 1296 1792 1448 1826; x_wconf 83' lang='lat' dir='ltr'><strong>Meinek.</strong></span> <span class='ocrx_word' id='word_1_405' title='bbox 1477 1794 1573 1839; x_wconf 87' lang='lat' dir='ltr'><strong>Lips.</strong></span> <span class='ocrx_word' id='word_1_406' title='bbox 1599 1795 1677 1831; x_wconf 88' lang='lat'><strong>828.</strong></span> <span class='ocrx_word' id='word_1_407' title='bbox 1727 1793 1840 1834; x_wconf 78' lang='lat' dir='ltr'><strong>Quum</strong></span> <span class='ocrx_word' id='word_1_408' title='bbox 1858 1794 1931 1827; x_wconf 85' lang='lat' dir='ltr'><strong>Fea</strong></span> 
     </span>
     <span class='ocr_line' id='line_1_64' title="bbox 1196 1849 1932 1895; baseline 0 -12"><span class='ocrx_word' id='word_1_409' title='bbox 1196 1861 1263 1883; x_wconf 91' lang='lat' dir='ltr'><strong>non</strong></span> <span class='ocrx_word' id='word_1_410' title='bbox 1305 1849 1422 1882; x_wconf 86' lang='lat' dir='ltr'><strong>addita</strong></span> <span class='ocrx_word' id='word_1_411' title='bbox 1467 1851 1658 1895; x_wconf 84' lang='lat' dir='ltr'><strong>scripturae</strong></span> <span class='ocrx_word' id='word_1_412' title='bbox 1700 1850 1932 1895; x_wconf 83' lang='lat' dir='ltr'><strong>discrepantia</strong></span> 
     </span>
     <span class='ocr_line' id='line_1_65' title="bbox 1196 1905 1930 1950; baseline 0 -11"><span class='ocrx_word' id='word_1_413' title='bbox 1196 1906 1245 1939; x_wconf 88' lang='lat' dir='ltr'><strong>sic</strong></span> <span class='ocrx_word' id='word_1_414' title='bbox 1266 1905 1468 1949; x_wconf 86' lang='lat' dir='ltr'><strong>scripserit,</strong></span> <span class='ocrx_word' id='word_1_415' title='bbox 1497 1906 1533 1939; x_wconf 89' lang='lat' dir='ltr'><strong>id</strong></span> <span class='ocrx_word' id='word_1_416' title='bbox 1561 1917 1677 1939; x_wconf 82' lang='lat' dir='ltr'><strong>errore</strong></span> <span class='ocrx_word' id='word_1_417' title='bbox 1693 1907 1838 1950; x_wconf 86' lang='lat' dir='ltr'><strong>quodam</strong></span> <span class='ocrx_word' id='word_1_418' title='bbox 1853 1906 1930 1939; x_wconf 79' lang='lat' dir='ltr'><strong>viro</strong></span> 
     </span>
     <span class='ocr_line' id='line_1_66' title="bbox 1197 1961 1931 2006; baseline 0.003 -12"><span class='ocrx_word' id='word_1_419' title='bbox 1197 1961 1325 2006; x_wconf 87' lang='lat' dir='ltr'><strong>optimo</strong></span> <span class='ocrx_word' id='word_1_420' title='bbox 1338 1961 1501 1995; x_wconf 84' lang='lat' dir='ltr'><strong>accidisse</strong></span> <span class='ocrx_word' id='word_1_421' title='bbox 1511 1962 1727 1998; x_wconf 89' lang='lat' dir='ltr'><strong>crediderim.</strong></span> <span class='ocrx_word' id='word_1_422' title='bbox 1735 1981 1782 1988; x_wconf 83' lang='lat'><strong>-—</strong></span> <span class='ocrx_word' id='word_1_423' title='bbox 1793 1963 1931 1996; x_wconf 79' lang='lat' dir='ltr'><strong>Festus.</strong></span> 
     </span>
    </p>
   </div>
   <div class='ocr_carea' id='block_1_11' title="bbox 1197 2017 1930 2110">
    <p class='ocr_par' dir='ltr' id='par_1_11' title="bbox 1197 2017 1930 2110">
     <span class='ocr_line' id='line_1_67' title="bbox 1198 2017 1930 2054; baseline 0 -3"><span class='ocrx_word' id='word_1_424' title='bbox 1198 2018 1259 2051; x_wconf 83' lang='lat' dir='ltr'><strong>Sic</strong></span> <span class='ocrx_word' id='word_1_425' title='bbox 1288 2018 1343 2051; x_wconf 89' lang='lat' dir='ltr'><strong>ed.</strong></span> <span class='ocrx_word' id='word_1_426' title='bbox 1375 2018 1453 2053; x_wconf 88' lang='lat' dir='ltr'><strong>Ald.</strong></span> <span class='ocrx_word' id='word_1_427' title='bbox 1482 2019 1562 2054; x_wconf 87' lang='grc'><strong>501.</strong></span> <span class='ocrx_word' id='word_1_428' title='bbox 1597 2037 1643 2043; x_wconf 84' lang='grc'>-</span> <span class='ocrx_word' id='word_1_429' title='bbox 1679 2030 1828 2054; x_wconf 77' lang='lat' dir='ltr'><strong>cessare.</strong></span> <span class='ocrx_word' id='word_1_430' title='bbox 1861 2017 1930 2052; x_wconf 90' lang='lat' dir='ltr'><strong>Ms.</strong></span> 
     </span>
     <span class='ocr_line' id='line_1_68' title="bbox 1197 2074 1347 2110; baseline 0.027 -4"><span class='ocrx_word' id='word_1_431' title='bbox 1197 2074 1298 2109; x_wconf 81' lang='lat' dir='ltr'><strong>Gott.</strong></span> <span class='ocrx_word' id='word_1_432' title='bbox 1317 2075 1347 2110; x_wconf 90' lang='grc'><strong>1.</strong></span> 
     </span>
    </p>
   </div>
   <div class='ocr_carea' id='block_1_12' title="bbox 1199 2185 1937 2954">
    <p class='ocr_par' dir='ltr' id='par_1_12' title="bbox 1199 2185 1937 2954">
     <span class='ocr_line' id='line_1_69' title="bbox 1244 2185 1930 2229; baseline 0.001 -12"><span class='ocrx_word' id='word_1_433' title='bbox 1244 2186 1290 2219; x_wconf 85' lang='lat' dir='ltr'><strong>V.</strong></span> <span class='ocrx_word' id='word_1_434' title='bbox 1313 2185 1366 2219; x_wconf 90' lang='grc'><strong>10.</strong></span> <span class='ocrx_word' id='word_1_435' title='bbox 1399 2195 1640 2229; x_wconf 78' lang='lat' dir='ltr'><strong>sompnosque.</strong></span> <span class='ocrx_word' id='word_1_436' title='bbox 1671 2185 1740 2221; x_wconf 84' lang='lat' dir='ltr'><strong>Ms.</strong></span> <span class='ocrx_word' id='word_1_437' title='bbox 1765 2185 1879 2219; x_wconf 85' lang='lat' dir='ltr'><strong>Guelf.</strong></span> <span class='ocrx_word' id='word_1_438' title='bbox 1897 2185 1930 2222; x_wconf 88' lang='lat'><strong>4.</strong></span> 
     </span>
     <span class='ocr_line' id='line_1_70' title="bbox 1199 2241 1931 2286; baseline 0.004 -12"><span class='ocrx_word' id='word_1_439' title='bbox 1199 2251 1411 2285; x_wconf 84' lang='lat' dir='ltr'><strong>supremum.</strong></span> <span class='ocrx_word' id='word_1_440' title='bbox 1445 2241 1513 2275; x_wconf 89' lang='lat' dir='ltr'><strong>Ms.</strong></span> <span class='ocrx_word' id='word_1_441' title='bbox 1529 2242 1648 2276; x_wconf 89' lang='lat' dir='ltr'><strong>Jaeck.</strong></span> <span class='ocrx_word' id='word_1_442' title='bbox 1665 2243 1697 2276; x_wconf 92' lang='lat'><strong>6.</strong></span> <span class='ocrx_word' id='word_1_443' title='bbox 1713 2261 1758 2266; x_wconf 86' lang='grc'>-</span> <span class='ocrx_word' id='word_1_444' title='bbox 1787 2242 1931 2286; x_wconf 81' lang='lat' dir='ltr'><strong>inpune.</strong></span> 
     </span>
     <span class='ocr_line' id='line_1_71' title="bbox 1200 2297 1933 2342; baseline -0.001 -11"><span class='ocrx_word' id='word_1_445' title='bbox 1200 2298 1261 2331; x_wconf 87' lang='lat' dir='ltr'><strong>Sic</strong></span> <span class='ocrx_word' id='word_1_446' title='bbox 1280 2309 1359 2331; x_wconf 88' lang='lat' dir='ltr'><strong>mss.</strong></span> <span class='ocrx_word' id='word_1_447' title='bbox 1376 2297 1477 2332; x_wconf 90' lang='lat' dir='ltr'><strong>Dess.</strong></span> <span class='ocrx_word' id='word_1_448' title='bbox 1490 2300 1520 2332; x_wconf 92' lang='lat'><strong>1.</strong></span> <span class='ocrx_word' id='word_1_449' title='bbox 1538 2297 1719 2342; x_wconf 80' lang='lat' dir='ltr'><strong>2.Lips.2.</strong></span> <span class='ocrx_word' id='word_1_450' title='bbox 1740 2297 1807 2331; x_wconf 82' lang='lat' dir='ltr'><strong>Ed.</strong></span> <span class='ocrx_word' id='word_1_451' title='bbox 1820 2297 1933 2331; x_wconf 86' lang='lat' dir='ltr'><strong>Bentl.</strong></span> 
     </span>
     <span class='ocr_line' id='line_1_72' title="bbox 1200 2353 1934 2399; baseline 0 -12"><span class='ocrx_word' id='word_1_452' title='bbox 1200 2374 1245 2379; x_wconf 90' lang='lat'>—</span> <span class='ocrx_word' id='word_1_453' title='bbox 1261 2356 1303 2390; x_wconf 91' lang='lat' dir='ltr'><strong>V.</strong></span> <span class='ocrx_word' id='word_1_454' title='bbox 1322 2357 1376 2389; x_wconf 92' lang='grc'><strong>11.</strong></span> <span class='ocrx_word' id='word_1_455' title='bbox 1398 2354 1583 2388; x_wconf 82' lang='lat' dir='ltr'><strong>Festivam.</strong></span> <span class='ocrx_word' id='word_1_456' title='bbox 1600 2354 1669 2387; x_wconf 89' lang='lat' dir='ltr'><strong>Ms.</strong></span> <span class='ocrx_word' id='word_1_457' title='bbox 1686 2365 1742 2399; x_wconf 88' lang='lat' dir='ltr'><strong>ap.</strong></span> <span class='ocrx_word' id='word_1_458' title='bbox 1759 2353 1934 2388; x_wconf 72' lang='lat' dir='ltr'><strong>Bormam.</strong></span> 
     </span>
     <span class='ocr_line' id='line_1_73' title="bbox 1202 2409 1937 2455; baseline 0 -12"><span class='ocrx_word' id='word_1_459' title='bbox 1202 2411 1283 2445; x_wconf 85' lang='lat' dir='ltr'><strong>Vid.</strong></span> <span class='ocrx_word' id='word_1_460' title='bbox 1301 2410 1418 2444; x_wconf 73' lang='lat' dir='ltr'><strong>Ziinm.</strong></span> <span class='ocrx_word' id='word_1_461' title='bbox 1437 2409 1605 2444; x_wconf 79' lang='lat' dir='ltr'><strong>zeitschr.</strong></span> <span class='ocrx_word' id='word_1_462' title='bbox 1625 2410 1723 2444; x_wconf 88' lang='grc'><strong>1838.</strong></span> <span class='ocrx_word' id='word_1_463' title='bbox 1749 2422 1784 2455; x_wconf 92' lang='lat' dir='ltr'><strong>p.</strong></span> <span class='ocrx_word' id='word_1_464' title='bbox 1802 2411 1880 2445; x_wconf 89' lang='lat'><strong>616.</strong></span> <span class='ocrx_word' id='word_1_465' title='bbox 1898 2412 1937 2443; x_wconf 81' lang='lat' dir='ltr'><strong>et</strong></span> 
     </span>
     <span class='ocr_line' id='line_1_74' title="bbox 1202 2465 1934 2510; baseline -0.003 -9"><span class='ocrx_word' id='word_1_466' title='bbox 1202 2466 1318 2501; x_wconf 91' lang='lat' dir='ltr'><strong>Berol.</strong></span> <span class='ocrx_word' id='word_1_467' title='bbox 1331 2468 1362 2500; x_wconf 93' lang='grc'><strong>1.</strong></span> <span class='ocrx_word' id='word_1_468' title='bbox 1381 2485 1425 2490; x_wconf 83' lang='lat'><em>-</em></span> <span class='ocrx_word' id='word_1_469' title='bbox 1441 2467 1593 2500; x_wconf 80' lang='lat' dir='ltr'><strong>tendere.</strong></span> <span class='ocrx_word' id='word_1_470' title='bbox 1605 2465 1681 2500; x_wconf 92' lang='lat' dir='ltr'><strong>Scr.</strong></span> <span class='ocrx_word' id='word_1_471' title='bbox 1697 2466 1790 2510; x_wconf 86' lang='lat' dir='ltr'><strong>vulg.</strong></span> <span class='ocrx_word' id='word_1_472' title='bbox 1804 2469 1841 2499; x_wconf 84' lang='lat' dir='ltr'><strong>et</strong></span> <span class='ocrx_word' id='word_1_473' title='bbox 1852 2476 1934 2499; x_wconf 90' lang='lat' dir='ltr'><strong>mss.</strong></span> 
     </span>
     <span class='ocr_line' id='line_1_75' title="bbox 1202 2521 1934 2565; baseline -0.003 -9"><span class='ocrx_word' id='word_1_474' title='bbox 1202 2527 1239 2556; x_wconf 86' lang='lat' dir='ltr'><strong>et</strong></span> <span class='ocrx_word' id='word_1_475' title='bbox 1255 2522 1347 2565; x_wconf 91' lang='lat' dir='ltr'><strong>edd.‚</strong></span> <span class='ocrx_word' id='word_1_476' title='bbox 1364 2522 1400 2554; x_wconf 91' lang='lat' dir='ltr'><strong>in</strong></span> <span class='ocrx_word' id='word_1_477' title='bbox 1413 2521 1462 2555; x_wconf 87' lang='lat' dir='ltr'><strong>his</strong></span> <span class='ocrx_word' id='word_1_478' title='bbox 1479 2522 1557 2556; x_wconf 89' lang='lat' dir='ltr'><strong>Ald.</strong></span> <span class='ocrx_word' id='word_1_479' title='bbox 1574 2522 1653 2555; x_wconf 91' lang='grc'><strong>501.</strong></span> <span class='ocrx_word' id='word_1_480' title='bbox 1673 2523 1726 2557; x_wconf 90' lang='grc'><strong>19.</strong></span> <span class='ocrx_word' id='word_1_481' title='bbox 1743 2521 1934 2555; x_wconf 88' lang='lat' dir='ltr'><strong>Britannic.</strong></span> 
     </span>
     <span class='ocr_line' id='line_1_76' title="bbox 1205 2577 1934 2622; baseline 0 -12"><span class='ocrx_word' id='word_1_482' title='bbox 1205 2578 1420 2622; x_wconf 79' lang='lat' dir='ltr'><strong>(Ven.520.)</strong></span> <span class='ocrx_word' id='word_1_483' title='bbox 1432 2578 1528 2610; x_wconf 89' lang='lat' dir='ltr'><strong>Glar.</strong></span> <span class='ocrx_word' id='word_1_484' title='bbox 1545 2577 1666 2611; x_wconf 84' lang='lat' dir='ltr'><strong>Lamb.</strong></span> <span class='ocrx_word' id='word_1_485' title='bbox 1685 2581 1753 2610; x_wconf 85' lang='lat' dir='ltr'><strong>etc.</strong></span> <span class='ocrx_word' id='word_1_486' title='bbox 1762 2577 1843 2612; x_wconf 88' lang='lat' dir='ltr'><strong>Bas.</strong></span> <span class='ocrx_word' id='word_1_487' title='bbox 1855 2577 1934 2612; x_wconf 82' lang='lat'><strong>531.</strong></span> 
     </span>
     <span class='ocr_line' id='line_1_77' title="bbox 1205 2632 1936 2676; baseline -0.003 -8"><span class='ocrx_word' id='word_1_488' title='bbox 1205 2633 1262 2670; x_wconf 89' lang='lat'><strong>55.</strong></span> <span class='ocrx_word' id='word_1_489' title='bbox 1273 2634 1470 2668; x_wconf 75' lang='lat' dir='ltr'><strong>extendere.</strong></span> <span class='ocrx_word' id='word_1_490' title='bbox 1483 2634 1570 2668; x_wconf 90' lang='lat' dir='ltr'><strong>Mss.</strong></span> <span class='ocrx_word' id='word_1_491' title='bbox 1583 2634 1697 2667; x_wconf 85' lang='lat' dir='ltr'><strong>Bentl.</strong></span> <span class='ocrx_word' id='word_1_492' title='bbox 1711 2633 1745 2667; x_wconf 90' lang='lat'><strong>6.</strong></span> <span class='ocrx_word' id='word_1_493' title='bbox 1756 2633 1790 2668; x_wconf 77' lang='lat'><strong>4.</strong></span> <span class='ocrx_word' id='word_1_494' title='bbox 1807 2633 1882 2676; x_wconf 91' lang='lat' dir='ltr'><strong>(un.</strong></span> <span class='ocrx_word' id='word_1_495' title='bbox 1901 2632 1936 2666; x_wconf 88' lang='lat' dir='ltr'><strong>in</strong></span> 
     </span>
     <span class='ocr_line' id='line_1_78' title="bbox 1205 2687 1935 2735; baseline 0.003 -13"><span class='ocrx_word' id='word_1_496' title='bbox 1205 2689 1345 2732; x_wconf 82' lang='lat' dir='ltr'><strong>rasura)</strong></span> <span class='ocrx_word' id='word_1_497' title='bbox 1352 2689 1471 2723; x_wconf 89' lang='lat' dir='ltr'><strong>Jaeck.</strong></span> <span class='ocrx_word' id='word_1_498' title='bbox 1485 2689 1519 2724; x_wconf 85' lang='lat'><strong>4.</strong></span> <span class='ocrx_word' id='word_1_499' title='bbox 1528 2691 1589 2724; x_wconf 86' lang='lat' dir='ltr'><strong>Fe.</strong></span> <span class='ocrx_word' id='word_1_500' title='bbox 1600 2693 1632 2733; x_wconf 85' lang='lat'><strong>2,</strong></span> <span class='ocrx_word' id='word_1_501' title='bbox 1644 2702 1678 2735; x_wconf 87' lang='lat' dir='ltr'><strong>g.</strong></span> <span class='ocrx_word' id='word_1_502' title='bbox 1691 2691 1724 2734; x_wconf 88' lang='lat'><strong>6,</strong></span> <span class='ocrx_word' id='word_1_503' title='bbox 1736 2701 1765 2724; x_wconf 92' lang='lat' dir='ltr'><strong>c.</strong></span> <span class='ocrx_word' id='word_1_504' title='bbox 1777 2690 1816 2732; x_wconf 83' lang='lat' dir='ltr'><strong>(a</strong></span> <span class='ocrx_word' id='word_1_505' title='bbox 1826 2691 1859 2724; x_wconf 90' lang='grc'><strong>2.</strong></span> <span class='ocrx_word' id='word_1_506' title='bbox 1870 2687 1935 2730; x_wconf 90' lang='lat' dir='ltr'><strong>m.)</strong></span> 
     </span>
     <span class='ocr_line' id='line_1_79' title="bbox 1207 2745 1935 2790; baseline -0.003 -11"><span class='ocrx_word' id='word_1_507' title='bbox 1207 2745 1319 2780; x_wconf 86' lang='lat' dir='ltr'><strong>Berol.</strong></span> <span class='ocrx_word' id='word_1_508' title='bbox 1332 2746 1440 2782; x_wconf 86' lang='lat' dir='ltr'><strong>2.Ed.</strong></span> <span class='ocrx_word' id='word_1_509' title='bbox 1456 2747 1564 2790; x_wconf 89' lang='lat' dir='ltr'><strong>princ.</strong></span> <span class='ocrx_word' id='word_1_510' title='bbox 1583 2758 1638 2790; x_wconf 87' lang='lat' dir='ltr'><strong>ap.</strong></span> <span class='ocrx_word' id='word_1_511' title='bbox 1650 2747 1713 2779; x_wconf 78' lang='lat' dir='ltr'><strong>Fe.</strong></span> <span class='ocrx_word' id='word_1_512' title='bbox 1729 2746 1860 2778; x_wconf 81' lang='lat' dir='ltr'><strong>etvett.</strong></span> <span class='ocrx_word' id='word_1_513' title='bbox 1878 2753 1935 2786; x_wconf 85' lang='lat' dir='ltr'><strong>ap.</strong></span> 
     </span>
     <span class='ocr_line' id='line_1_80' title="bbox 1205 2799 1935 2837; baseline -0.004 -3"><span class='ocrx_word' id='word_1_514' title='bbox 1205 2801 1324 2835; x_wconf 81' lang='lat' dir='ltr'><strong>Maitt.</strong></span> <span class='ocrx_word' id='word_1_515' title='bbox 1332 2801 1410 2836; x_wconf 83' lang='lat'><strong>474.</strong></span> <span class='ocrx_word' id='word_1_516' title='bbox 1421 2804 1477 2837; x_wconf 91' lang='lat'><strong>76.</strong></span> <span class='ocrx_word' id='word_1_517' title='bbox 1489 2803 1576 2836; x_wconf 91' lang='lat' dir='ltr'><strong>Ven.</strong></span> <span class='ocrx_word' id='word_1_518' title='bbox 1590 2802 1668 2837; x_wconf 88' lang='grc'><strong>479.</strong></span> <span class='ocrx_word' id='word_1_519' title='bbox 1677 2801 1734 2835; x_wconf 91' lang='lat'><strong>81.</strong></span> <span class='ocrx_word' id='word_1_520' title='bbox 1747 2800 1802 2834; x_wconf 90' lang='lat'><strong>83.</strong></span> <span class='ocrx_word' id='word_1_521' title='bbox 1813 2799 1870 2833; x_wconf 91' lang='lat'><strong>86.</strong></span> <span class='ocrx_word' id='word_1_522' title='bbox 1878 2799 1935 2835; x_wconf 86' lang='lat'><strong>92.</strong></span> 
     </span>
     <span class='ocr_line' id='line_1_81' title="bbox 1205 2853 1936 2903; baseline -0.007 -11"><span class='ocrx_word' id='word_1_523' title='bbox 1205 2857 1302 2892; x_wconf 86' lang='lat' dir='ltr'><strong>Flor.</strong></span> <span class='ocrx_word' id='word_1_524' title='bbox 1319 2857 1400 2894; x_wconf 91' lang='lat'><strong>482.</strong></span> <span class='ocrx_word' id='word_1_525' title='bbox 1432 2858 1530 2903; x_wconf 86' lang='lat' dir='ltr'><strong>Lips.</strong></span> <span class='ocrx_word' id='word_1_526' title='bbox 1546 2858 1626 2894; x_wconf 91' lang='grc'><strong>492.</strong></span> <span class='ocrx_word' id='word_1_527' title='bbox 1643 2858 1699 2892; x_wconf 89' lang='grc'><strong>98.</strong></span> <span class='ocrx_word' id='word_1_528' title='bbox 1715 2855 1793 2891; x_wconf 88' lang='grc'><strong>516.</strong></span> <span class='ocrx_word' id='word_1_529' title='bbox 1827 2853 1936 2888; x_wconf 84' lang='lat' dir='ltr'><strong>Loch.</strong></span> 
     </span>
     <span class='ocr_line' id='line_1_82' title="bbox 1205 2911 1936 2954; baseline -0.004 -6"><span class='ocrx_word' id='word_1_530' title='bbox 1205 2914 1287 2948; x_wconf 84' lang='lat' dir='ltr'><strong>Asc.</strong></span> <span class='ocrx_word' id='word_1_531' title='bbox 1317 2913 1396 2950; x_wconf 88' lang='lat'><strong>519.</strong></span> <span class='ocrx_word' id='word_1_532' title='bbox 1428 2914 1572 2949; x_wconf 83' lang='lat' dir='ltr'><strong>Vascos.</strong></span> <span class='ocrx_word' id='word_1_533' title='bbox 1602 2914 1734 2948; x_wconf 84' lang='lat' dir='ltr'><strong>Piscat.</strong></span> <span class='ocrx_word' id='word_1_534' title='bbox 1767 2911 1824 2946; x_wconf 80' lang='lat' dir='ltr'><strong>Cf.</strong></span> <span class='ocrx_word' id='word_1_535' title='bbox 1852 2911 1936 2954; x_wconf 68' lang='lat' dir='ltr'><strong>Fen,</strong></span> 
     </span>
    </p>
   </div>
  </div>
 </body>
</html>
