2028 3268
353 259 434 302 136
461 263 828 303 COMMENTARII
853 262 906 299 IN
931 260 1150 298 HORATII
1177 258 1348 299 EPIST.
1367 259 1579 302 SECUND.
1607 261 1705 299 LIB.
1722 262 1756 299 1.
1812 262 1868 302 30

351 388 484 412 rerum
521 374 747 426 disciplinas
786 385 947 424 operam
983 370 1240 424 impenderet.
1305 373 1464 409 Mecum
1494 372 1671 410 sentiunt
1705 371 1866 420 Sanad„

350 444 460 491 val„
496 442 682 492 Dorigl1.‚
722 439 973 477 Achaintrius
989 440 1039 491 *)‚
1072 441 1151 481 alii.
1219 440 1360 476 Nescio
1389 446 1539 486 autem,
1577 440 1720 491 quibus
1747 441 1870 478 ratio-

350 510 467 546 nibus
494 509 678 546 inductus
706 508 827 543 Daru.
856 509 899 543 in
927 507 1061 544 tabula
1089 505 1365 556 chronologica
1391 512 1547 556 tempus
1574 508 1742 559 scriptae
1769 507 1870 558 Epi-a

351 577 476 614 stolae
513 574 563 612 ad
599 586 748 610 annum
776 573 872 613 738.
910 575 1100 611 retulerit.
1158 574 1342 610 Ceterum
1371 578 1507 609 utrum
1544 570 1610 610 hic
1637 575 1790 612 Lollius
1819 587 1870 611 an

351 643 517 680 fratrum
545 654 648 678 unus
676 641 796 677 fuerit
822 647 934 691 pater
951 642 1104 678 Lolliae
1120 641 1348 688 Paullinae,
1379 639 1471 689 Cajo
1493 638 1695 690 Caligulae
1723 647 1871 693 nuptae

352 723 398 747 ac
425 710 585 746 luxuria
620 707 745 744 nimia
781 708 1063 759 immensisque
1099 707 1247 745 divitiis
1275 707 1450 744 famosae
1479 703 1660 756 (Sueton.
1684 706 1808 758 Calig.
1838 719 1870 747 c.

350 775 432 824 25„
463 774 599 812 Claud.
630 788 664 812 c.
693 775 772 823 26„
801 775 906 812 Pfin.
935 776 983 812 Η.
1011 777 1061 816 N.
1090 775 1130 822 9,
1159 773 1240 822 35„
1268 774 1399 811 Tacit.
1423 774 1527 810 Aun.
1558 773 1623 822 12,
1653 774 1688 813 1.
1717 770 1872 828 (ibique

350 843 459 893 Lips.
487 848 525 878 et
546 840 693 894 Ryck.)
724 844 764 882 2.
793 843 862 882 22.
901 838 965 889 14,
997 842 1059 880 12.
1089 841 1214 878 Solin,
1237 853 1269 880 c.
1295 840 1361 880 53.
1394 853 1486 877 cum
1513 840 1765 878 annotatione
1781 841 1874 878 Sal-

349 911 486 958 masii,
515 910 603 948 Dio.
640 909 745 946 Cass.
776 909 842 956 59,
877 909 939 948 12.
961 908 1049 960 23.)
1078 921 1149 959 pro
1179 908 1385 958 explorato
1413 905 1593 943 nondum
1612 904 1753 955 habeo,
1780 907 1874 945 licet

350 978 451 1024 sint,
481 978 549 1028 qui
576 975 680 1013 illud
708 977 783 1013 sibi
811 974 1087 1026 persuadeant.
1142 975 1295 1011 Plinius
1325 975 1431 1010 enim
1454 986 1541 1010 eam
1557 974 1610 1012 M.-
1630 975 1752 1011 Lollii
1779 986 1875 1011 con-

351 1045 493 1081 sularis
528 1050 690 1093 neptem
720 1043 836 1091 dicit,
879 1043 1044 1079 Tacitus
1073 1048 1207 1078 autem
1238 1038 1377 1092 (quem
1398 1042 1576 1092 sequitur
1604 1039 1784 1092 Solinus)
1802 1037 1873 1092 **)‚

350 1111 496 1159 filiam,
538 1123 590 1146 ex
619 1122 717 1161 quo,
754 1111 830 1146 nisi
859 1107 924 1146 hic
954 1110 1116 1158 erravit,
1146 1109 1259 1160 sequi
1285 1107 1460 1156 videtur,
1497 1106 1669 1144 eundem
1698 1108 1875 1146 Lollium

351 1179 475 1216 fuisse
499 1178 716 1225 consulem,
738 1177 847 1226 cujus
869 1175 1032 1228 quidem
1047 1176 1272 1214 consulatus
1286 1187 1484 1226 nusquam
1497 1176 1699 1226 reperitur.
1727 1173 1875 1221 Quodsi

351 1246 575 1296 complures
604 1246 859 1295 interpretes,
889 1249 934 1279 ut
962 1243 1185 1291 Fabricius,
1215 1242 1488 1291 Wielandius,
1524 1241 1628 1280 hanc
1654 1242 1876 1293 Epistolam

351 1314 564 1349 Praeneste
594 1312 782 1362 scriptam
811 1309 984 1358 tradunt,
1013 1309 1056 1347 id
1075 1308 1173 1347 adeo
1196 1317 1347 1347 certum
1365 1323 1450 1347 esse
1471 1310 1631 1359 negabit
1650 1310 1875 1360 quicunque

351 1379 606 1432 perpenderit
631 1391 698 1426 ea,
728 1391 829 1429 quae
858 1376 909 1414 ad
937 1389 974 1414 v.
1005 1377 1043 1416 1.
1075 1375 1124 1413 de
1153 1378 1345 1428 particula
1376 1376 1471 1413 dum
1500 1375 1690 1414 dicentur.

463 1449 508 1484 In
538 1446 710 1496 patrium
734 1457 958 1482 sermonem
986 1442 1089 1480 hanc
1118 1445 1342 1494 Epistolam
1379 1438 1571 1493 singulari
1595 1442 1879 1480 transtulerunt

353 1527 472 1565 opera
494 1512 656 1550 Herder.
687 1513 729 1548 iu
751 1511 942 1548 Adrastea
959 1513 989 1548 Ι.
1019 1512 1058 1552 2.
1086 1524 1127 1561 p.
1155 1509 1265 1559 242„
1296 1511 1411 1550 Conz.
1431 1511 1474 1547 in
1492 1508 1638 1546 Haufffi
1658 1507 1806 1549 Philol.
1825 1511 1876 1547 H.

355 1582 395 1622 1.
421 1595 461 1632 p.
493 1582 586 1621 179.
617 1586 654 1617 et
683 1578 846 1617 Cludius
875 1580 918 1615 in
947 1577 1133 1616 Seebodii
1161 1580 1288 1627 „Krit.
1310 1579 1440 1616 Bibl.“
1471 1576 1592 1619 1825.
1620 1577 1686 1615 IV.
1713 1589 1754 1627 p.
1783 1577 1878 1618 505.

444 1765 481 1809 *)
503 1764 687 1807 Kirchner,
720 1764 764 1796 V.
787 1763 891 1806 Exti„
923 1763 960 1798 in
988 1762 1132 1807 Quaest.
1158 1764 1287 1797 Horat.
1322 1775 1358 1808 p.
1381 1763 1439 1798 34.
1469 1763 1513 1796 de
1545 1761 1612 1796 hac
1633 1773 1672 1796 re
1695 1761 1786 1795 inter
1810 1759 1879 1794 alia

354 1823 406 1857 sic
429 1822 565 1855 erudite
586 1822 756 1865 disputat:
782 1820 943 1862 „Quodsi
965 1820 1056 1854 illam
1079 1820 1223 1865 primam
1242 1820 1419 1865 epistolam
1435 1818 1690 1853 adulescentulo
1706 1816 1879 1851 sexdecim

355 1878 496 1913 circiter
529 1888 695 1911 annorum
734 1876 883 1909 dicatam
916 1877 1142 1921 probabiliter
1176 1877 1376 1920 statuimus,
1416 1888 1459 1910 ex
1490 1886 1595 1909 versu
1634 1886 1690 1919 ep.
1724 1874 1786 1915 18,
1819 1873 1877 1907 55.

355 1936 530 1981 „denique
553 1944 692 1967 saevam
715 1933 875 1965 militiam
897 1944 989 1976 puer
1011 1938 1044 1967 et
1073 1933 1285 1965 Cantabrica
1310 1933 1400 1965 bella
1421 1932 1574 1966 tulisti.“
1597 1930 1759 1973 colligere
1781 1928 1877 1971 licet,

354 1994 522 2036 Augusto
555 2002 590 2022 a.
624 2001 663 2023 u.
688 1990 766 2024 729.
791 1989 829 2022 in
857 1990 1054 2022 Cantabros
1074 1989 1308 2032 proficiscenti
1332 1989 1487 2022 comitem
1509 1988 1618 2022 fuisse
1638 1986 1732 2019 circa
1754 1995 1880 2019 annum

354 2050 480 2084 aetatis
505 2046 835 2088 duodevicesimam,
860 2056 936 2078 cum
960 2045 1139 2090 superiore
1161 2056 1249 2078 anno
1273 2045 1368 2078 virili
1390 2050 1473 2088 toga
1494 2049 1630 2088 sumpta
1651 2040 1794 2076 militiae
1815 2041 1879 2075 ad-

354 2106 505 2150 scriptus
535 2104 671 2136 suisset.
718 2101 810 2134 Hinc
843 2100 1024 2145 epistolam
1052 2101 1143 2135 illam
1176 2102 1319 2146 primam
1352 2101 1395 2136 ad
1433 2100 1579 2133 Lollium
1610 2111 1643 2133 a.
1667 2107 1704 2132 u.
1739 2108 1769 2132 c.
1799 2098 1878 2132 727.

355 2161 580 2206 compositam
613 2170 689 2191 esse
714 2157 885 2190 efficitur:
916 2157 1018 2191 alteri
1051 2168 1174 2191 versus
1206 2158 1263 2192 56.
1298 2159 1386 2203 „sub
1411 2159 1519 2201 duce,
1545 2157 1607 2200 qui
1630 2155 1768 2199 templis
1791 2154 1881 2187 Par-

354 2219 498 2253 thorum
529 2217 638 2260 signa
667 2215 790 2258 refigit
819 2215 941 2246 mmc“
973 2225 1098 2248 annum
1125 2215 1204 2249 734.
1231 2226 1263 2248 a.
1289 2226 1323 2248 u.
1351 2226 1382 2248 c.
1415 2213 1605 2247 certissime
1628 2211 1777 2254 adserit,
1811 2221 1879 2256 quo

355 2273 487 2307 Lollius
518 2283 642 2306 annum
665 2271 789 2304 aetatis
812 2271 1011 2305 vicesimum
1033 2271 1172 2305 tertium
1195 2273 1340 2315 agebat,
1364 2271 1421 2304 cui
1444 2269 1628 2303 admonitio
1649 2267 1709 2302 illa
1731 2267 1774 2300 de
1797 2277 1879 2300 cau-

355 2331 452 2364 tione
474 2330 509 2363 in
537 2339 717 2374 procerum
734 2339 799 2361 usu
815 2328 911 2361 salua
928 2329 1031 2362 animi
1053 2328 1214 2362 libertate
1231 2326 1425 2361 adhibenda
1448 2324 1587 2368 egregie
1611 2322 1881 2358 conveniebat.“

357 2386 493 2419 Similia
519 2385 563 2418 ad
587 2386 677 2418 hunc
699 2384 811 2417 locum
841 2385 1021 2418 annotavit
1043 2384 1250 2417 Schmidius.
1293 2383 1404 2416 Aliter
1425 2386 1537 2415 tamen
1553 2381 1596 2414 de
1620 2386 1784 2425 tempore,
1811 2390 1880 2424 quo

356 2443 444 2476 haec
478 2441 640 2488 Epistola
668 2441 800 2486 scripta
823 2441 885 2484 sit,
929 2441 1037 2474 sentit
1070 2440 1307 2474 Grotefendus
1338 2439 1375 2472 in
1407 2438 1550 2482 Allgem.
1585 2436 1779 2480 Encyclop.
1812 2446 1882 2469 von

358 2500 473 2533 Ersch
497 2510 533 2532 u.
559 2499 712 2532 Gruber.
740 2499 836 2532 Sect.
859 2498 907 2532 ΙΙ.
939 2504 1022 2532 tom.
1047 2497 1094 2539 X,
1127 2508 1164 2540 p.
1191 2496 1283 2538 472„
1311 2495 1371 2538 qui
1401 2507 1474 2528 eam
1506 2506 1538 2528 a.
1563 2504 1598 2527 u.
1624 2494 1704 2528 733.
1740 2493 1882 2536 (Varr.)

359 2555 403 2589 ad
428 2556 577 2589 Lollium
601 2555 714 2590 datam
739 2559 869 2589 censet.
915 2554 1040 2597 Neque
1065 2553 1109 2585 de
1133 2550 1245 2585 Lollio
1268 2551 1339 2584 filio
1364 2551 1498 2584 dubitat
1521 2549 1671 2584 Orellius
1694 2549 1738 2583 ad
1759 2549 1828 2582 Od.
1845 2548 1880 2591 4,

357 2614 407 2655 9.,
429 2613 490 2646 ubi
514 2614 579 2646 Vir
602 2613 820 2647 doctissimus
845 2622 994 2645 errorem
1017 2620 1038 2642 a
1058 2608 1239 2642 Piranesio
1262 2608 1299 2642 in
1321 2609 1521 2652 cognomine
1545 2606 1758 2642 commissum
1786 2609 1882 2639 recte

358 2670 530 2702 emendat.

449 2735 502 2780 **)
527 2737 732 2781 Quanquam
754 2736 814 2770 illo
838 2735 955 2770 Taciti
979 2735 1056 2768 loco
1081 2731 1188 2778 (Ann.
1225 2734 1279 2776 12,
1315 2733 1367 2776 1.)
1391 2732 1514 2778 nuperi
1537 2731 1686 2766 editores
1701 2729 1880 2764 Bekkerus

361 2798 398 2826 et
420 2793 568 2826 Bachius
593 2805 671 2827 voc.
687 2794 806 2837 filiam
830 2792 1037 2826 auctoritate
1069 2791 1169 2825 codd.
1192 2800 1273 2822 mss.
1299 2789 1394 2823 Flor.
1426 2789 1546 2823 Guelf.
1569 2787 1659 2824 Bud.
1681 2785 1883 2820 deleverunt

361 2850 621 2895 Rupertiusque
643 2851 776 2885 uncinis
793 2849 941 2894 inclusit,
964 2860 1022 2883 res
1043 2854 1155 2882 tamen
1172 2847 1307 2890 integra
1322 2851 1387 2879 est.
