2028 3268
190 216 244 258 71
304 213 685 253 COMMENTARII‘
700 215 755 251 IN
775 213 998 252 HORATII
1026 213 1199 254 EPIST.
1221 212 1446 253 SECUND.
1474 214 1578 252 LIB.
1601 215 1634 252 1.
1667 209 1749 255 177

190 329 238 368 V.
263 329 314 366 D.
338 327 496 380 proprie
518 327 696 379 intelligi
726 327 882 375 calida,
898 328 1156 380 jbvimenta;
1185 334 1226 366 et
1257 325 1500 380 podagram,
1531 339 1584 365 ex
1612 334 1751 365 mente

191 403 387 445 veterum,
417 394 558 434 ardore
581 395 772 434 conficere
794 397 992 435 membra.
1023 397 1107 434 Cic.
1138 394 1188 434 de
1210 397 1300 435 Fin.
1321 395 1360 445 5,
1379 396 1449 445 31,
1472 393 1540 436 94.
1570 396 1678 434 Plin.
1699 397 1751 434 H.

191 467 240 506 N.
263 465 333 513 26,
355 462 423 506 64.
452 466 507 502 At
527 465 668 503 Celsus
698 463 738 515 4,
766 462 837 506 24.
869 462 920 502 de
947 478 1026 503 usu
1051 463 1292 516 frigidorum
1312 476 1474 518 quoque
1494 464 1593 517 ipsis
1616 464 1751 502 verbis

192 533 408 586 praecipit:
438 533 554 571 Nam
582 534 621 571 si
646 539 777 571 tumor
804 533 945 572 nullus
973 540 1048 580 est,
1086 533 1233 571 calidis
1248 533 1448 586 fomentis
1470 545 1571 584 opus
1599 539 1669 570 est.
1694 554 1752 562 —

197 602 273 640 Sin
300 615 391 640 vero
426 610 558 641 tumor
586 601 774 654 calorque
802 608 881 652 eet,
918 602 1084 640 utiliora
1112 609 1208 640 sunt
1235 602 1538 655 rffligerantia,
1573 607 1754 653 recteque

191 671 238 709 in
259 684 371 724 aqua
400 685 525 724 quam
535 671 813 724 frigidissima
839 670 1005 708 articuli
1030 673 1282 709 continentur
1309 678 1386 713 etc.
1442 671 1546 708 Hinc
1569 669 1755 721 fomenta

192 741 417 792 generatim
443 739 722 792 intelligenda,
752 745 797 778 ut
825 752 966 778 sensus
999 740 1077 778 sit:
1125 740 1207 790 Qui
1242 742 1379 778 animo
1417 746 1600 792 aegrotat
1608 767 1627 786 ,
1674 752 1755 776 non

193 810 327 862 magis
340 809 516 861 percipit
531 808 724 862 fluctum
747 823 794 846 ex
814 822 856 847 re
875 822 970 855 saa,
1002 823 1126 860 quam
1141 809 1329 862 podager
1357 822 1403 846 ex
1420 808 1637 861 fomentis,
1659 808 1755 861 quia

194 877 295 916 haec
333 877 438 930 (scil.
473 878 584 916 malo
621 878 744 915 altius
778 875 999 929 insidente)
1041 891 1136 915 eum
1175 891 1258 916 non
1293 884 1460 926 sanantr,
1507 877 1588 916 nisi
1622 876 1755 915 mavis

193 960 317 986 sensu
349 947 601 998 angustiore:
638 945 720 995 Qui
750 960 794 984 a.
824 959 962 999 aeg-n,
999 946 1034 985 is
1062 959 1146 985 non
1173 947 1303 998 magis
1332 959 1375 983 re
1406 959 1483 984 sua
1514 952 1687 984 sanatur
1715 951 1756 983 et

193 1015 387 1054 delinitur
414 1027 538 1068 quam
566 1015 702 1066 lippus
730 1016 879 1054 tabulis
907 1016 1055 1068 pictis,
1075 1015 1262 1067 podager
1281 1014 1482 1066 fomentis
1507 1022 1583 1053 etc.
1641 1016 1756 1052 Hanc

193 1085 305 1122 enim
336 1085 538 1137 propriam
575 1086 688 1123 verbi
723 1085 1059 1136 significationem
1102 1083 1302 1134 imprimis
1343 1081 1411 1121 hic
1447 1082 1637 1122 viderunt
1671 1083 1755 1122 Va-

192 1164 332 1192 vassor
360 1154 404 1190 in
432 1154 643 1192 Antibarb·
670 1168 712 1206 p.
742 1152 839 1195 594.
878 1160 919 1192 et
946 1154 1203 1191 Burmannus
1238 1151 1291 1190 ad
1318 1153 1481 1190 Petron.
1514 1151 1581 1194 18.
1615 1166 1658 1204 p.
1687 1152 1756 1193 63.

192 1222 302 1259 Inter
329 1235 471 1260 omnes
501 1224 609 1260 enim
638 1223 863 1272 constabat,
900 1220 1124 1274 podagram
1151 1220 1456 1259 medicamentis
1486 1234 1569 1259 non
1599 1220 1754 1267 sanari3

193 1288 289 1328 hinc
323 1289 440 1328 Ovid.
479 1305 532 1329 ex
568 1293 683 1330 Pont.
718 1293 756 1340 1,
789 1292 830 1340 3,
870 1292 949 1332 23:
996 1289 1147 1327 Tollere
1177 1289 1370 1327 nodosam
1402 1290 1526 1327 nescit
1557 1290 1756 1327 medicina

186 1358 420 1411 podagram
429 1373 446 1407 ,·
485 1361 654 1399 Lucian.
683 1358 991 1412 Tragopodagr.
1017 1359 1073 1399 28
1103 1371 1171 1411 sq·
1195 1356 1252 1406 οἷς
1283 1357 1342 1406 εἷς
1373 1353 1506 1411 μάτην
1537 1370 1579 1399 σε
1607 1352 1757 1405 πάντες

194 1423 527 1479 ἀμφιθάλπομεν,
553 1424 706 1469 Ἐλπίδι
727 1428 876 1483 ματαίᾳ
904 1423 1019 1480 μωροὶ
1050 1422 1387 1479 βουκολούμενοι.
1442 1428 1575 1465 Locus
1598 1426 1655 1463 ita
1681 1438 1756 1463 ex-

193 1496 366 1548 plicatus
393 1497 469 1534 etsi
496 1497 610 1534 nulla
640 1495 922 1534 emendatione
950 1494 1133 1546 indigere
1164 1495 1336 1544 videtur,
1368 1508 1499 1546 nuper
1528 1501 1665 1532 tamen
1693 1495 1755 1532 vir

192 1563 334 1603 doctus
363 1563 542 1617 quidam,
571 1566 737 1603 nomine
768 1565 995 1603 Cremutius
1027 1562 1204 1612 Cordus,
1234 1561 1401 1601 Buherii
1430 1563 1702 1613 conjecturam
1731 1577 1754 1600 e

189 1640 328 1672 mente
355 1634 528 1671 auctoris
569 1635 774 1685 explicare
804 1641 925 1686 atque
953 1634 1068 1671 novis
1098 1633 1214 1685 quasi
1243 1632 1384 1670 fulcris
1413 1632 1557 1669 fulcire
1589 1643 1753 1682 aggres-

190 1715 259 1742 sus
288 1709 361 1741 est.
416 1701 511 1741 vid.
541 1701 732 1740 Seebodii
761 1701 941 1751 „Archiv
966 1702 1033 1739 fiir
1053 1700 1230 1753 Paedag.
1254 1714 1296 1741 u.
1317 1698 1468 1738 Philol.
1500 1700 1624 1741 1826.
1653 1699 1753 1737 fasc.

188 1769 232 1812 4.
261 1785 302 1823 p.
331 1771 386 1812 75
410 1773 535 1824 sq.;“
564 1771 636 1809 ubi
668 1770 806 1816 docet,
849 1772 1021 1810 Poe'tam
1050 1770 1240 1821 exempla
1273 1770 1322 1807 ab
1361 1770 1410 1808 iis
1442 1769 1561 1807 rebus
1590 1769 1753 1819 petisse,

189 1853 294 1893 quae
322 1853 421 1879 sano
448 1840 664 1893 validoque
694 1837 944 1888 commodae,
975 1848 1137 1890 aegroto
1161 1845 1298 1875 autem
1326 1838 1445 1876 valde
1472 1836 1754 1877 incommodae

189 1916 344 1947 essent:
384 1907 479 1958 „die
518 1907 655 1946 hellen
695 1908 851 1945 Farben
892 1907 1002 1945 eines
1032 1905 1269 1955 Gemaldes,
1301 1905 1372 1946 das
1403 1907 1477 1945 der
1502 1905 1753 1944 lichtscheue

189 1974 491 2028 Augenkranke
530 1976 644 2016 nicht
682 1976 788 2016 ohne
830 1973 1022 2014 Sohmerz
1063 1973 1279 2012 anblicken
1317 1974 1454 2025 kann,
1500 1976 1589 2013 eine
1626 1988 1753 2027 ange-

191 2042 339 2082 nehme
368 2043 517 2094 Musik,
548 2045 614 2083 die
640 2045 735 2083 dem
765 2057 832 2081 am
855 2041 991 2081 Geho'r
1008 2042 1245 2081 Leideuden
1277 2043 1341 2082 die
1362 2043 1497 2082 Ohren
1517 2045 1752 2093 zerreisst;“

189 2113 248 2152 sic
286 2119 468 2151 tomenta
504 2114 653 2165 pariter
694 2120 815 2166 atque
859 2113 991 2151 omnis
1031 2114 1188 2162 generis
1232 2113 1398 2150 culcitas
1439 2113 1590 2163 plumis
1627 2112 1751 2150 fartas

190 2180 499 2234 (Federkissen)
535 2180 763 2232 podagricis
803 2188 924 2233 atque
971 2178 1186 2218 arthriticis
1235 2180 1465 2217 maximum
1505 2180 1647 2218 afferre
1684 2182 1752 2218 in-

193 2249 464 2291 commodum.
522 2251 625 2288 Nolo
648 2263 756 2287 nunc
785 2261 991 2302 quaerere,
1020 2261 1122 2285 num
1152 2249 1422 2298 conjecturffln
1449 2248 1505 2285 ita
1534 2249 1752 2287 intellexe-

191 2322 244 2359 rit
270 2318 469 2358 Buherius
502 2319 614 2370 ipse3
654 2319 696 2356 in
735 2332 782 2356 eo
825 2324 962 2355 autem
998 2316 1153 2353 fallitur
1191 2315 1322 2353 Crem.
1362 2314 1515 2354 Cordus
1542 2313 1603 2368 *),
1641 2317 1752 2370 quod

188 2395 370 2427 tomenta
399 2388 622 2440 generatim
650 2393 765 2438 putat
791 2399 878 2424 esse
909 2385 1075 2422 culcitas
1105 2396 1158 2421 ex
1187 2384 1338 2435 plumis
1369 2384 1583 2424 confectas.
1642 2388 1750 2426 Inter

189 2469 331 2495 omnes
360 2457 468 2494 enim
497 2462 665 2504 constat,
696 2457 928 2507 plumarum
957 2466 1079 2490 usum
1108 2453 1151 2489 in
1185 2450 1262 2489 hac
1281 2466 1323 2490 re
1343 2465 1478 2490 rarum
1496 2454 1621 2493 fuisse
1641 2454 1748 2507 apud

189 2531 359 2574 veteres,
390 2538 516 2578 quum
542 2531 722 2563 tomenta
744 2525 878 2576 potius
898 2537 920 2560 e
942 2522 1050 2570 lana,
1081 2533 1290 2572 caprarum
1307 2521 1401 2573 pilis
1423 2523 1490 2560 vel
1513 2537 1567 2562 ex
1587 2531 1745 2578 stuppa,

281 2757 320 2804 *)
344 2757 399 2793 Ad
427 2756 528 2803 haec,
552 2769 644 2804 quae
677 2759 758 2795 olim
793 2759 1014 2806 scripseram,
1048 2756 1113 2791 Fr.
1134 2755 1299 2791 Jacobs.=
1333 2755 1561 2802 „cremutius
1591 2755 1743 2800 Cordus,

189 2826 293 2861 quem
317 2815 490 2851 hominem
513 2817 596 2852 novi
619 2821 783 2864 tanquam
807 2829 863 2853 me
885 2817 1013 2863 ipsum,
1040 2826 1110 2849 non
1142 2814 1210 2848 hoc
1231 2814 1449 2860 potissimum
1471 2814 1566 2860 egit,
1597 2820 1637 2850 ut
1658 2826 1742 2849 con-

185 2874 358 2918 jecturam
389 2878 548 2908 tomenta
578 2880 756 2919 tueretur,
789 2874 853 2910 sed
875 2880 915 2909 ut
937 2872 1167 2917 Doeringium
1198 2871 1326 2908 leniter
1349 2872 1536 2915 derideret,
1562 2872 1622 2918 qui
1645 2872 1742 2906 Bou-

188 2930 321 2966 herium
345 2930 572 2977 podagricum
594 2931 704 2968 fuisse
729 2938 847 2977 negat,
872 2932 968 2976 quod
993 2930 1216 2965 falsissimum
1241 2941 1318 2965 esse
1341 2931 1522 2967 constat.“
