2028 3268
36 223 47 266 ξ’
112 259 175 304 351
255 255 633 298 COMMENTARII
663 257 723 296 IN
750 255 974 297 HORATII
1001 255 1102 296 LIB.
1120 256 1151 295 Ι.
1171 254 1337 295 EPIST.
1358 255 1511 295 SEXT.
1581 253 1665 296 307

38 386 42 387 ⁷
110 386 187 425 tius
215 383 314 435 loci,
361 396 437 435 qua
464 384 648 434 imprimis
678 383 910 435 Cyrenaicos
941 384 1049 435 sequi
1076 382 1224 420 videtur
1251 382 1371 433 Hor.,
1433 383 1666 423 Schmidius

6 431 8 434 Ι
34 450 41 458 ”
110 453 243 493 laudat
269 452 348 490 Cic.
380 451 499 490 Tusc.
530 451 572 503 4,
602 453 645 502 6,
678 454 744 495 12.
775 453 818 502 3,
850 453 916 502 13,
947 453 1040 498 28.;
1070 455 1110 490 at
1138 452 1211 490 huc
1239 452 1382 490 faciunt
1409 451 1484 490 loci
1513 466 1664 504 quoque

8 601 35 751 ..-m

7 927 10 930 ⁴
6 866 35 908 ..xj
7 808 29 846 Η,
7 749 31 785 ⁵¹}

111 522 176 573 qui
204 524 430 572 sequuntur:
462 520 542 558 Cic.
573 520 664 559 ibid.
695 519 737 571 4,
768 521 838 571 26,
869 519 938 561 57.
1005 519 1120 570 Quid
1145 527 1219 567 est,
1253 520 1363 572 quod
1389 526 1545 558 tantam
1561 536 1665 573 gra-

109 590 274 628 *uitatem
303 591 648 642 constantiamque
670 588 908 641 perturbet?
935 602 991 626 an
1019 590 1285 639 improvisum
1312 588 1474 642 aliquid
1499 597 1574 628 aut
1601 605 1665 628 re—

102 657 348 710 pentinum?
395 658 498 709 quid
513 665 647 708 potest
667 657 847 698 accidere
872 657 953 695 tale
980 658 1018 694 ei
1026 686 1043 703 ,
1093 658 1162 694 oui
1195 657 1326 704 nihil,
1371 657 1480 710 quod
1511 658 1667 696 homini

109 727 263 765 euenire
283 728 416 778 possit
444 726 538 768 ...?
578 727 640 765 Cf.
672 726 713 776 5,
743 728 811 776 28,
843 727 912 767 81.
943 726 1079 764 Senec.
1119 725 1245 777 Epist.
1275 725 1344 767 91.
1386 727 1665 778 Inexspectata

105 794 204 848 plus
229 802 476 847 aggravant,
535 795 710 834 Novitas
729 793 874 842 adjicit
901 792 1204 831 calamitatibus
1212 794 1390 845 pondus.
1441 795 1532 834 .Nec·
1556 798 1664 848 quis-

108 877 233 916 quam
260 863 492 903 mortalium
516 878 597 902 non
624 863 776 915 magis,
805 862 916 914 quod
941 863 1062 900 etiam
1082 864 1252 901 miratus
1271 870 1345 910 est,
1367 862 1511 902 doluit.
1568 865 1665 904 Ideo

107 931 218 969 nihil
243 931 357 970 nobis
396 933 657 984 improvisum
690 944 771 970 esse
808 929 948 976 debet,
999 931 1042 967 in
1082 931 1219 968 omnia
1251 933 1573 981 praemittendus
1607 941 1667 972 est

27 1009 39 1019 ⁹
106 1001 271 1038 animus
311 1022 370 1030 —·
411 1015 485 1039 neo
525 1007 724 1053 quantum
761 999 988 1051 plurimum
1018 1006 1153 1050 potest
1180 999 1307 1048 sieri,
1353 1015 1666 1052 praesumamus

4 1888 49 2567 ‘ffrfflzsm-zmffiza*wmw‘fflfflaegx
0 1221 35 1876 tsmffleemffmmmfmen
13 1174 22 1190 »⁴

14 2550 51 2730 ..m-,aa
45 2533 51 2537 ,
40 2516 42 2518 .
40 2494 42 2500 ,

105 1071 263 1116 animo,
286 1070 325 1108 si
345 1069 534 1107 nolumus
564 1069 751 1119 opprimi,
781 1082 854 1107 nec
883 1067 980 1105 ullis
1013 1069 1217 1106 inusitatis
1249 1069 1359 1106 velut
1387 1072 1502 1108 novis
1527 1071 1665 1110 obstu-

101 1137 257 1189 pefieri.
317 1137 376 1176 Id.
411 1136 538 1188 Epist.
583 1137 677 1178 107.
714 1138 941 1188 imparatus
978 1137 1099 1173 etiam
1139 1135 1342 1175 levissima
1380 1140 1552 1190 expavit,
1612 1140 1670 1179 Id

105 1205 310 1258 agemlum
338 1212 420 1252 est,
470 1218 520 1242 ne
547 1205 650 1257 quid
675 1203 789 1243 nobis
815 1205 1069 1255 inopinatum
1089 1206 1143 1242 sit
1160 1209 1236 1244 etc.
1275 1207 1371 1245 Ibid.
1397 1208 1492 1248 110.
1545 1209 1666 1247 Vana

104 1281 202 1311 sunt
233 1275 331 1320 ista,
361 1287 465 1325 quae
494 1287 565 1310 nos
595 1279 772 1318 movent,
801 1286 904 1324 quae
932 1275 1119 1310 attonitos
1143 1273 1303 1313 habent.
1364 1276 1461 1314 Ibid.
1492 1277 1563 1327 76,
1595 1278 1662 1320 26.

103 1341 162 1380 Id.
192 1343 243 1380 ad
270 1342 392 1380 Marc.
423 1342 464 1382 9.
522 1342 693 1394 Necesse
722 1348 779 1379 est
806 1342 940 1393 magis
969 1355 1232 1388 corruamus,
1282 1344 1354 1394 qui
1382 1348 1502 1397 quasi
1529 1361 1575 1384 ex
1599 1348 1666 1384 in-

103 1411 267 1461 opinato
286 1410 473 1462 ferimur.
539 1411 653 1461 Quae
682 1410 808 1448 multo
838 1418 932 1447 ante
953 1411 1146 1461 praevisa
1174 1418 1287 1462 sunt,
1334 1412 1572 1465 languidius
1601 1429 1666 1453 ex-

105 1485 287 1516 currunt.
348 1479 437 1516 Hic
465 1492 537 1516 nos
576 1493 684 1516 error
721 1479 894 1529 dec-ipit,
944 1478 1011 1516 liic
1049 1478 1280 1531 effeminat,
1330 1481 1429 1519 dum
1460 1485 1664 1533 patimur,

105 1560 210 1599 quae
237 1560 449 1598 nunquam
478 1560 550 1585 nos
573 1548 665 1598 pati
685 1547 982 1598 praevidimus.
1041 1547 1136 1586 Inde
1166 1548 1221 1586 M.
1252 1547 1469 1589 Antoninus
1502 1554 1522 1592 1
1538 1579 1550 1602 ,
1596 1553 1663 1593 15.

102 1615 233 1654 laudat
260 1611 304 1656 τὸ
331 1610 600 1668 ἀθαύμαστον
629 1614 698 1656 καὶ
728 1612 992 1668 ἄνέπληκτον.
1053 1617 1162 1662 Quae
1183 1618 1335 1667 quidem
1358 1620 1530 1670 exempla
1550 1634 1665 1671 quum

103 1685 263 1724 maxime
293 1685 332 1722 in
364 1683 526 1723 alteram
553 1689 704 1736 partem
733 1686 928 1735 dicantur,
977 1684 1189 1722 audiendus
1220 1685 1386 1724 Orellius
1418 1692 1501 1738 est,
1549 1701 1664 1738 quum

103 1754 207 1804 dicit,
235 1754 410 1792 homines
441 1753 653 1792 hereditate
673 1752 798 1804 aliqua
820 1754 1082 1802 inexspectata
1106 1753 1165 1791 vel
1194 1753 1346 1804 publica
1370 1757 1552 1807 pecuniae
1578 1769 1663 1794 sor-

102 1822 235 1862 tifione
262 1821 388 1860 subito
416 1822 556 1862 ditatos
585 1822 777 1861 interdum
805 1820 922 1872 linqui
950 1822 1090 1859 animo.
1151 1822 1212 1860 Cf.
1245 1823 1347 1861 Gell.
1378 1824 1431 1873 3,
1470 1824 1562 1874 15.,
1599 1825 1664 1862 ubi

101 1891 237 1943 ingens
266 1891 446 1942 gaudium
473 1891 712 1942 insperatum
745 1889 874 1928 multis
904 1893 1069 1928 mortem
1096 1891 1271 1930 attulisse
1303 1893 1479 1931 traditur.

214 1959 261 1997 V.
306 1961 356 2002 12
378 1980 436 1988 ·--
456 1957 524 2000 14.
603 1958 795 1996 Gaudeat
823 1980 875 1986 -—
907 1965 1045 2013 torpet.
1116 1960 1338 2011 Sententia,
1390 1973 1504 2010 quam
1536 1975 1661 2012 neque

100 2030 302 2066 assecutus
341 2031 402 2065 est
445 2026 649 2077 C'ruquius
660 2053 677 2071 ,
726 2039 851 2076 neque
892 2037 961 2063 sua
999 2026 1134 2065 horum
1173 2028 1377 2066 verborum
1416 2029 1661 2068 distinctione

100 2095 364 2146 Desprezius,
393 2098 569 2133 naturam
585 2095 755 2144 pavoris
783 2093 880 2130 illius
910 2093 1068 2130 molesti
1094 2097 1177 2134 fere
1205 2098 1260 2134 sic
1291 2097 1494 2134 describit:
1525 2098 1660 2146 „Nihil

101 2166 245 2213 refert,
300 2174 398 2213 quae
426 2167 467 2200 te
494 2161 729 2213 perturbatio
758 2162 892 2210 animi,
950 2162 1127 2212 gaudium
1154 2167 1228 2201 etc.
1265 2165 1315 2202 ad
1345 2176 1531 2202 summam
1559 2166 1661 2203 illam

100 2232 391 2272 admirationem
419 2230 619 2281 perducat,
650 2243 739 2280 qua,
768 2230 800 2266 si
830 2229 920 2279 quid
947 2231 1115 2267 evenerit
1142 2232 1318 2282 opinione
1348 2233 1407 2269 vel
1436 2233 1568 2271 melius
1600 2234 1660 2272 vel

99 2302 208 2354 pejus
218 2327 231 2350 ,
281 2299 425 2338 defixus
455 2302 536 2336 stas
567 2302 680 2348 atque
709 2299 933 2348 torpiduS.“
991 2299 1035 2336 In
1062 2300 1291 2337 sententiam
1325 2301 1426 2338 conf.
1455 2301 1582 2339 Beier.
1609 2303 1659 2340 ad

101 2369 184 2408 Cic.
213 2368 330 2407 Offic.
364 2369 411 2417 1,
441 2366 519 2416 20,
553 2367 621 2406 69.
682 2365 807 2403 Thiel.
840 2367 887 2403 ad
915 2366 1020 2417 Virg.
1052 2365 1147 2403 Aen.
1181 2367 1232 2416 6,
1265 2367 1360 2407 733-
1422 2367 1502 2406 Cic.
1536 2369 1656 2407 Tusc.

101 2435 152 2487 4,
181 2437 221 2477 6.
250 2438 292 2478 7.
327 2437 394 2477 16.
423 2436 489 2476 17.
523 2436 589 2476 18.
621 2435 688 2476 28.
721 2439 760 2472 et
789 2434 862 2472 loci
891 2448 927 2472 v.
962 2436 1026 2476 10.
1058 2434 1214 2472 laudati.
1275 2436 1369 2472 Fixi
1396 2440 1523 2474 autem
1552 2437 1660 2474 oculi

100 2517 179 2544 non
206 2508 295 2542 sunt
322 2504 478 2542 demissi
509 2507 548 2541 et
573 2503 733 2554 dejecti,
763 2507 807 2541 ut
839 2504 1013 2554 opinatur
1050 2503 1298 2550 Torrentius,
1327 2505 1397 2542 sed
1428 2505 1656 2555 immobiles,

101 2573 246 2624 stupidi
274 2571 334 2610 vel
363 2585 507 2622 eorum,
534 2573 598 2622 qui
625 2569 722 2621 τούς
750 2566 996 2623 ὀφθαλμούς
1023 2569 1246 2624 πεπηγότες
1266 2573 1345 2609 sive
1366 2566 1503 2620 ἀτενὲς
1527 2571 1658 2626 ὁρῶν-

101 2655 166 2688 τες
194 2644 296 2678 sunt.
354 2639 436 2678 Val.
463 2639 523 2677 Fl.
554 2637 605 2690 4,
646 2642 741 2683 226.
808 2639 944 2689 Quum
966 2653 1101 2689 pavor
1130 2646 1168 2676 et
1202 2640 1364 2692 gelidus
1398 2640 1535 2690 defixit
1576 2642 1656 2680 Ca-

102 2714 211 2746 stora
238 2707 422 2758 sanguis.
482 2708 540 2746 Id.
570 2709 621 2758 7,
668 2707 768 2749 407.
826 2708 939 2760 Ergo
968 2715 1014 2745 ut
1042 2714 1128 2744 erat
1154 2708 1272 2746 vultu
1302 2709 1457 2758 defixus
1492 2717 1656 2764 uterque

102 2774 248 2813 silenti.
310 2773 378 2812 Sil.
403 2773 485 2814 Ital.
517 2775 559 2826 9,
591 2776 686 2820 252.
718 2775 915 2828 defixique
943 2777 1072 2813 omine
1102 2783 1269 2827 torpent.
1330 2776 1415 2816 Liv.
1436 2779 1478 2829 3,
1509 2777 1580 2830 47,
1611 2782 1651 2821 6.

103 2844 243 2883 Primo
276 2850 414 2894 stupor
449 2858 583 2882 omnes
611 2845 877 2901 admiratione
906 2846 964 2881 rei
992 2852 1077 2882 tam
1106 2847 1252 2883 atrocis
1281 2846 1431 2895 defixit.
1493 2849 1552 2887 Id.
1583 2852 1651 2899 21,

103 2908 173 2961 33,
201 2912 243 2952 3.
310 2911 488 2962 Utraque
513 2912 638 2949 simul
665 2911 818 2961 objecta
844 2927 905 2950 res
935 2912 1061 2950 oculis
1089 2915 1314 2966 animisque
1335 2915 1555 2954 immobiles
1569 2932 1652 2968 pa—

39 3001 66 3037 ss
104 2991 266 3030 rumper
295 2979 444 3028 defixit.
503 2980 561 3018 Id.
593 2982 672 3032 22,
714 2980 784 3032 53,
816 2983 855 3022 6.
924 2981 1044 3031 Quod
1070 2982 1226 3020 malum
1258 3005 1308 3012 —
1341 2999 1466 3036 quum
1494 2993 1653 3037 stupore

1279 3038 1375 3080 20*
