<?xml version="1.0" encoding="UTF-8"?>
<!DOCTYPE html PUBLIC "-//W3C//DTD XHTML 1.0 Transitional//EN"
    "http://www.w3.org/TR/xhtml1/DTD/xhtml1-transitional.dtd">
<html xmlns="http://www.w3.org/1999/xhtml" xml:lang="en" lang="en">
 <head>
  <title>
</title>
<meta http-equiv="Content-Type" content="text/html;charset=utf-8" />
  <meta name='ocr-system' content='tesseract 3.04.00' />
  <meta name='ocr-capabilities' content='ocr_page ocr_carea ocr_par ocr_line ocrx_word'/>
</head>
<body>
  <div class='ocr_page' id='page_1' title='image "./epistolascomment01horauoft_0014.png"; bbox 0 0 2054 3268; ppageno 0'>
   <div class='ocr_carea' id='block_1_1' title="bbox 304 239 1246 283">
    <p class='ocr_par' dir='ltr' id='par_1_1' title="bbox 304 239 1246 283">
     <span class='ocr_line' id='line_1_1' title="bbox 304 239 1246 283; baseline -0.002 0"><span class='ocrx_word' id='word_1_1' title='bbox 304 254 336 283; x_wconf 80' lang='lat' dir='ltr'>x</span> <span class='ocrx_word' id='word_1_2' title='bbox 855 239 1246 282; x_wconf 79' lang='lat' dir='ltr'><strong>PRAEFATIO.</strong></span> 
     </span>
    </p>
   </div>
   <div class='ocr_carea' id='block_1_2' title="bbox 298 365 1836 2930">
    <p class='ocr_par' dir='ltr' id='par_1_2' title="bbox 301 365 1818 1052">
     <span class='ocr_line' id='line_1_2' title="bbox 303 365 1815 430; baseline -0.003 -16"><span class='ocrx_word' id='word_1_3' title='bbox 303 370 475 428; x_wconf 88' lang='lat' dir='ltr'><strong>fierique</strong></span> <span class='ocrx_word' id='word_1_4' title='bbox 503 370 668 415; x_wconf 83' lang='lat' dir='ltr'><strong>tribuno</strong></span> <span class='ocrx_word' id='word_1_5' title='bbox 692 365 731 412; x_wconf 59' lang='grc' dir='ltr'><strong>υ.</strong></span> <span class='ocrx_word' id='word_1_6' title='bbox 800 370 891 414; x_wconf 89' lang='lat' dir='ltr'><strong>Das</strong></span> <span class='ocrx_word' id='word_1_7' title='bbox 925 371 1157 430; x_wconf 81' lang='lat' dir='ltr'><strong>cigentlich</strong></span> <span class='ocrx_word' id='word_1_8' title='bbox 1179 368 1506 427; x_wconf 74' lang='lat' dir='ltr'><strong>Merkwfirdige</strong></span> <span class='ocrx_word' id='word_1_9' title='bbox 1542 369 1643 413; x_wconf 87' lang='lat' dir='ltr'><strong>aber</strong></span> <span class='ocrx_word' id='word_1_10' title='bbox 1669 370 1725 412; x_wconf 86' lang='lat' dir='ltr'><strong>ist</strong></span> <span class='ocrx_word' id='word_1_11' title='bbox 1746 367 1815 411; x_wconf 88' lang='lat' dir='ltr'><strong>die</strong></span> 
     </span>
     <span class='ocr_line' id='line_1_3' title="bbox 303 457 1818 519; baseline -0.001 -17"><span class='ocrx_word' id='word_1_12' title='bbox 303 458 528 519; x_wconf 81' lang='lat' dir='ltr'><strong><em>negative</em></strong></span> <span class='ocrx_word' id='word_1_13' title='bbox 556 459 872 517; x_wconf 88' lang='lat' dir='ltr'><strong>Interpunction</strong></span> <span class='ocrx_word' id='word_1_14' title='bbox 902 473 970 503; x_wconf 90' lang='lat' dir='ltr'><strong>am</strong></span> <span class='ocrx_word' id='word_1_15' title='bbox 992 459 1117 504; x_wconf 86' lang='lat' dir='ltr'><strong>Ende</strong></span> <span class='ocrx_word' id='word_1_16' title='bbox 1143 459 1220 504; x_wconf 86' lang='lat' dir='ltr'><strong>der</strong></span> <span class='ocrx_word' id='word_1_17' title='bbox 1247 459 1409 515; x_wconf 84' lang='lat' dir='ltr'><strong>Verse3</strong></span> <span class='ocrx_word' id='word_1_18' title='bbox 1442 458 1622 502; x_wconf 74' lang='lat' dir='ltr'><strong>namlich</strong></span> <span class='ocrx_word' id='word_1_19' title='bbox 1649 470 1721 502; x_wconf 92' lang='lat' dir='ltr'><strong>wo</strong></span> <span class='ocrx_word' id='word_1_20' title='bbox 1748 457 1818 500; x_wconf 88' lang='lat' dir='ltr'><strong>die</strong></span> 
     </span>
     <span class='ocr_line' id='line_1_4' title="bbox 302 546 1816 607; baseline -0.002 -14"><span class='ocrx_word' id='word_1_21' title='bbox 302 547 428 593; x_wconf 86' lang='lat' dir='ltr'><strong>Rede</strong></span> <span class='ocrx_word' id='word_1_22' title='bbox 446 562 541 593; x_wconf 85' lang='lat' dir='ltr'><strong>zum</strong></span> <span class='ocrx_word' id='word_1_23' title='bbox 563 546 797 607; x_wconf 85' lang='lat' dir='ltr'><strong>folgenden</strong></span> <span class='ocrx_word' id='word_1_24' title='bbox 815 547 955 592; x_wconf 90' lang='lat' dir='ltr'><strong>Verse</strong></span> <span class='ocrx_word' id='word_1_25' title='bbox 981 550 1250 594; x_wconf 87' lang='lat' dir='ltr'><strong>unmittelbar</strong></span> <span class='ocrx_word' id='word_1_26' title='bbox 1271 550 1426 592; x_wconf 88' lang='lat' dir='ltr'><strong>weiter</strong></span> <span class='ocrx_word' id='word_1_27' title='bbox 1450 548 1554 607; x_wconf 88' lang='lat' dir='ltr'><strong>geht</strong></span> <span class='ocrx_word' id='word_1_28' title='bbox 1583 547 1686 592; x_wconf 89' lang='lat' dir='ltr'><strong>oder</strong></span> <span class='ocrx_word' id='word_1_29' title='bbox 1716 559 1816 590; x_wconf 88' lang='lat' dir='ltr'><strong>we—</strong></span> 
     </span>
     <span class='ocr_line' id='line_1_5' title="bbox 301 636 1818 698; baseline -0.001 -17"><span class='ocrx_word' id='word_1_30' title='bbox 301 639 496 697; x_wconf 87' lang='lat' dir='ltr'><strong>nigstens</strong></span> <span class='ocrx_word' id='word_1_31' title='bbox 518 638 646 681; x_wconf 91' lang='lat' dir='ltr'><strong>keine</strong></span> <span class='ocrx_word' id='word_1_32' title='bbox 671 636 932 682; x_wconf 86' lang='lat' dir='ltr'><strong>bedentende</strong></span> <span class='ocrx_word' id='word_1_33' title='bbox 957 638 1115 698; x_wconf 86' lang='lat' dir='ltr'><strong>Interp.</strong></span> <span class='ocrx_word' id='word_1_34' title='bbox 1143 639 1282 698; x_wconf 73' lang='lat' dir='ltr'><strong>steht,</strong></span> <span class='ocrx_word' id='word_1_35' title='bbox 1313 640 1369 681; x_wconf 89' lang='lat' dir='ltr'><strong>ist</strong></span> <span class='ocrx_word' id='word_1_36' title='bbox 1392 637 1505 681; x_wconf 91' lang='lat' dir='ltr'><strong>diess</strong></span> <span class='ocrx_word' id='word_1_37' title='bbox 1533 637 1665 681; x_wconf 83' lang='lat' dir='ltr'><strong>durch</strong></span> <span class='ocrx_word' id='word_1_38' title='bbox 1694 638 1818 680; x_wconf 88' lang='lat' dir='ltr'><strong>einen</strong></span> 
     </span>
     <span class='ocr_line' id='line_1_6' title="bbox 302 725 1816 788; baseline -0.003 -16"><span class='ocrx_word' id='word_1_39' title='bbox 302 725 448 772; x_wconf 81' lang='lat' dir='ltr'><strong>Strich</strong></span> <span class='ocrx_word' id='word_1_40' title='bbox 473 735 516 769; x_wconf 63' lang='lat'><strong>:-</strong></span> <span class='ocrx_word' id='word_1_41' title='bbox 535 725 818 786; x_wconf 85' lang='lat' dir='ltr'><strong>angedeutet‚</strong></span> <span class='ocrx_word' id='word_1_42' title='bbox 851 727 954 771; x_wconf 88' lang='lat' dir='ltr'><strong>aber</strong></span> <span class='ocrx_word' id='word_1_43' title='bbox 970 727 1272 788; x_wconf 88' lang='lat' dir='ltr'><strong>keinesweges</strong></span> <span class='ocrx_word' id='word_1_44' title='bbox 1292 726 1618 787; x_wconf 67' lang='lat' dir='ltr'><strong>gleichma‘issig²</strong></span> <span class='ocrx_word' id='word_1_45' title='bbox 1640 727 1683 769; x_wconf 83' lang='lat' dir='ltr'><strong>in</strong></span> <span class='ocrx_word' id='word_1_46' title='bbox 1705 726 1816 770; x_wconf 89' lang='lat' dir='ltr'><strong>eini-</strong></span> 
     </span>
     <span class='ocr_line' id='line_1_7' title="bbox 301 812 1815 876; baseline -0.001 -17"><span class='ocrx_word' id='word_1_47' title='bbox 301 828 388 875; x_wconf 90' lang='lat' dir='ltr'><strong>gen</strong></span> <span class='ocrx_word' id='word_1_48' title='bbox 419 814 653 859; x_wconf 81' lang='lat' dir='ltr'><strong>Gedichten</strong></span> <span class='ocrx_word' id='word_1_49' title='bbox 681 814 783 858; x_wconf 87' lang='lat' dir='ltr'><strong>sehr</strong></span> <span class='ocrx_word' id='word_1_50' title='bbox 812 814 899 875; x_wconf 78' lang='lat' dir='ltr'><strong>oft,</strong></span> <span class='ocrx_word' id='word_1_51' title='bbox 932 818 975 860; x_wconf 91' lang='lat' dir='ltr'><strong>in</strong></span> <span class='ocrx_word' id='word_1_52' title='bbox 1006 817 1167 862; x_wconf 90' lang='lat' dir='ltr'><strong>andern</strong></span> <span class='ocrx_word' id='word_1_53' title='bbox 1199 819 1375 862; x_wconf 90' lang='lat' dir='ltr'><strong>seltner.</strong></span> <span class='ocrx_word' id='word_1_54' title='bbox 1442 816 1527 876; x_wconf 86' lang='lat' dir='ltr'><strong>Ep.</strong></span> <span class='ocrx_word' id='word_1_55' title='bbox 1553 815 1600 875; x_wconf 79' lang='lat'><strong>1,</strong></span> <span class='ocrx_word' id='word_1_56' title='bbox 1632 814 1676 858; x_wconf 94' lang='lat'><strong>1.</strong></span> <span class='ocrx_word' id='word_1_57' title='bbox 1701 829 1742 858; x_wconf 83' lang='lat' dir='ltr'><strong>z.</strong></span> <span class='ocrx_word' id='word_1_58' title='bbox 1762 812 1815 858; x_wconf 89' lang='lat' dir='ltr'><strong>B.</strong></span> 
     </span>
     <span class='ocr_line' id='line_1_8' title="bbox 301 902 1818 965; baseline -0.001 -18"><span class='ocrx_word' id='word_1_59' title='bbox 301 918 381 948; x_wconf 87' lang='lat' dir='ltr'><strong>nur</strong></span> <span class='ocrx_word' id='word_1_60' title='bbox 411 918 453 948; x_wconf 92' lang='lat' dir='ltr'><strong>v.</strong></span> <span class='ocrx_word' id='word_1_61' title='bbox 481 903 513 948; x_wconf 85' lang='lat'><strong>4</strong></span> <span class='ocrx_word' id='word_1_62' title='bbox 543 905 669 948; x_wconf 89' lang='lat' dir='ltr'><strong>armis</strong></span> <span class='ocrx_word' id='word_1_63' title='bbox 688 912 711 925; x_wconf 74' lang='lat'><strong><em>‘</em></strong></span> <span class='ocrx_word' id='word_1_64' title='bbox 763 903 823 948; x_wconf 88' lang='lat'><strong>13</strong></span> <span class='ocrx_word' id='word_1_65' title='bbox 852 909 964 950; x_wconf 87' lang='lat' dir='ltr'><strong>tuter</strong></span> <span class='ocrx_word' id='word_1_66' title='bbox 982 913 1004 925; x_wconf 68' lang='lat'><em>⁴</em></span> <span class='ocrx_word' id='word_1_67' title='bbox 1054 907 1115 950; x_wconf 88' lang='lat'><strong>21</strong></span> <span class='ocrx_word' id='word_1_68' title='bbox 1147 921 1280 951; x_wconf 90' lang='lat' dir='ltr'><strong>annus</strong></span> <span class='ocrx_word' id='word_1_69' title='bbox 1302 915 1325 927; x_wconf 70' lang='lat'><strong><em>‘</em></strong></span> <span class='ocrx_word' id='word_1_70' title='bbox 1370 906 1433 950; x_wconf 86' lang='lat'><strong>23</strong></span> <span class='ocrx_word' id='word_1_71' title='bbox 1471 919 1590 965; x_wconf 90' lang='lat' dir='ltr'><strong>spem</strong></span> <span class='ocrx_word' id='word_1_72' title='bbox 1614 913 1636 925; x_wconf 68' lang='lat'><strong><em>‘</em></strong></span> <span class='ocrx_word' id='word_1_73' title='bbox 1685 902 1750 948; x_wconf 84' lang='lat'><strong>24</strong></span> <span class='ocrx_word' id='word_1_74' title='bbox 1774 902 1818 947; x_wconf 90' lang='lat' dir='ltr'><strong>id</strong></span> 
     </span>
     <span class='ocr_line' id='line_1_9' title="bbox 301 992 878 1052; baseline -0.002 -14"><span class='ocrx_word' id='word_1_75' title='bbox 301 992 410 1052; x_wconf 92' lang='lat' dir='ltr'><strong>quod</strong></span> <span class='ocrx_word' id='word_1_76' title='bbox 427 1001 450 1014; x_wconf 70' lang='lat'><strong><em>‘</em></strong></span> <span class='ocrx_word' id='word_1_77' title='bbox 490 993 543 1034; x_wconf 84' lang='lat'><strong>25</strong></span> <span class='ocrx_word' id='word_1_78' title='bbox 571 997 696 1051; x_wconf 90' lang='lat' dir='ltr'><strong>atque</strong></span> <span class='ocrx_word' id='word_1_79' title='bbox 715 1000 738 1012; x_wconf 73' lang='lat'><strong><em>‘</em></strong></span> <span class='ocrx_word' id='word_1_80' title='bbox 795 998 878 1039; x_wconf 89' lang='lat' dir='ltr'><strong>etc.</strong></span> 
     </span>
    </p>

    <p class='ocr_par' dir='ltr' id='par_1_3' title="bbox 298 1078 1836 1486">
     <span class='ocr_line' id='line_1_10' title="bbox 405 1078 1819 1143; baseline -0.001 -18"><span class='ocrx_word' id='word_1_81' title='bbox 405 1078 460 1140; x_wconf 78' lang='lat' dir='ltr'><strong>b)</strong></span> <span class='ocrx_word' id='word_1_82' title='bbox 502 1081 696 1126; x_wconf 80' lang='lat' dir='ltr'><strong>Codicis</strong></span> <span class='ocrx_word' id='word_1_83' title='bbox 725 1082 957 1140; x_wconf 75' lang='lat' dir='ltr'><strong>Gotham&#39;,</strong></span> <span class='ocrx_word' id='word_1_84' title='bbox 994 1097 1115 1143; x_wconf 90' lang='lat' dir='ltr'><strong>quem</strong></span> <span class='ocrx_word' id='word_1_85' title='bbox 1142 1083 1367 1143; x_wconf 82' lang='lat' dir='ltr'><strong>descripsit</strong></span> <span class='ocrx_word' id='word_1_86' title='bbox 1395 1082 1474 1127; x_wconf 85' lang='lat' dir='ltr'><strong>Fr.</strong></span> <span class='ocrx_word' id='word_1_87' title='bbox 1499 1079 1680 1127; x_wconf 81' lang='lat' dir='ltr'><em>Jacobs</em></span> <span class='ocrx_word' id='word_1_88' title='bbox 1702 1082 1735 1125; x_wconf 91' lang='lat' dir='ltr'><strong>l.</strong></span> <span class='ocrx_word' id='word_1_89' title='bbox 1763 1081 1819 1125; x_wconf 87' lang='lat' dir='ltr'><strong>ad</strong></span> 
     </span>
     <span class='ocr_line' id='line_1_11' title="bbox 298 1170 1817 1233; baseline -0.001 -17"><span class='ocrx_word' id='word_1_90' title='bbox 298 1187 342 1216; x_wconf 88' lang='lat' dir='ltr'><strong>v.</strong></span> <span class='ocrx_word' id='word_1_91' title='bbox 375 1171 454 1216; x_wconf 88' lang='grc'><strong>58.</strong></span> <span class='ocrx_word' id='word_1_92' title='bbox 475 1186 519 1231; x_wconf 89' lang='lat' dir='ltr'><strong>p.</strong></span> <span class='ocrx_word' id='word_1_93' title='bbox 550 1171 628 1215; x_wconf 83' lang='lat'><strong>12.</strong></span> <span class='ocrx_word' id='word_1_94' title='bbox 652 1172 863 1233; x_wconf 77' lang='lat' dir='ltr'><strong>indicato,</strong></span> <span class='ocrx_word' id='word_1_95' title='bbox 900 1179 1141 1219; x_wconf 81' lang='lat' dir='ltr'><strong>accuratam</strong></span> <span class='ocrx_word' id='word_1_96' title='bbox 1169 1174 1437 1218; x_wconf 86' lang='lat' dir='ltr'><strong>collationem</strong></span> <span class='ocrx_word' id='word_1_97' title='bbox 1471 1172 1604 1216; x_wconf 82' lang='lat' dir='ltr'><strong>debeo</strong></span> <span class='ocrx_word' id='word_1_98' title='bbox 1637 1170 1817 1215; x_wconf 84' lang='lat' dir='ltr'><strong>Carolo</strong></span> 
     </span>
     <span class='ocr_line' id='line_1_12' title="bbox 303 1259 1836 1321; baseline 0 -17"><span class='ocrx_word' id='word_1_99' title='bbox 303 1260 548 1321; x_wconf 79' lang='lat' dir='ltr'><strong>Georges,</strong></span> <span class='ocrx_word' id='word_1_100' title='bbox 575 1259 633 1304; x_wconf 91' lang='lat' dir='ltr'><strong>V.</strong></span> <span class='ocrx_word' id='word_1_101' title='bbox 662 1260 907 1309; x_wconf 86' lang='lat' dir='ltr'><strong>doctissimo</strong></span> <span class='ocrx_word' id='word_1_102' title='bbox 936 1264 1120 1321; x_wconf 87' lang='lat' dir='ltr'><strong>mihique</strong></span> <span class='ocrx_word' id='word_1_103' title='bbox 1155 1264 1424 1307; x_wconf 89' lang='lat' dir='ltr'><strong>amicissimo.</strong></span> <span class='ocrx_word' id='word_1_104' title='bbox 1470 1262 1538 1306; x_wconf 91' lang='lat' dir='ltr'><strong>De</strong></span> <span class='ocrx_word' id='word_1_105' title='bbox 1565 1261 1647 1305; x_wconf 90' lang='lat' dir='ltr'><strong>hoc</strong></span> <span class='ocrx_word' id='word_1_106' title='bbox 1675 1260 1836 1305; x_wconf 90' lang='lat' dir='ltr'><strong>codice-</strong></span> 
     </span>
     <span class='ocr_line' id='line_1_13' title="bbox 299 1349 1821 1413; baseline -0.001 -17"><span class='ocrx_word' id='word_1_107' title='bbox 299 1352 546 1396; x_wconf 84' lang='lat' dir='ltr'><strong>recentioris</strong></span> <span class='ocrx_word' id='word_1_108' title='bbox 577 1350 742 1408; x_wconf 89' lang='lat' dir='ltr'><strong>quidem</strong></span> <span class='ocrx_word' id='word_1_109' title='bbox 778 1353 954 1413; x_wconf 79' lang='lat' dir='ltr'><strong>aetatiS‚</strong></span> <span class='ocrx_word' id='word_1_110' title='bbox 995 1353 1072 1397; x_wconf 89' lang='lat' dir='ltr'><strong>sed</strong></span> <span class='ocrx_word' id='word_1_111' title='bbox 1099 1357 1241 1397; x_wconf 91' lang='lat' dir='ltr'><strong>tamen</strong></span> <span class='ocrx_word' id='word_1_112' title='bbox 1269 1367 1354 1397; x_wconf 90' lang='lat' dir='ltr'><strong>non</strong></span> <span class='ocrx_word' id='word_1_113' title='bbox 1387 1350 1692 1398; x_wconf 88' lang='lat' dir='ltr'><strong>contemnendo</strong></span> <span class='ocrx_word' id='word_1_114' title='bbox 1721 1349 1821 1395; x_wconf 87' lang='lat' dir='ltr'><strong>vide</strong></span> 
     </span>
     <span class='ocr_line' id='line_1_14' title="bbox 299 1440 732 1486; baseline -0.005 0"><span class='ocrx_word' id='word_1_115' title='bbox 299 1445 503 1486; x_wconf 84' lang='lat' dir='ltr'><strong>annotata</strong></span> <span class='ocrx_word' id='word_1_116' title='bbox 521 1440 576 1483; x_wconf 90' lang='lat' dir='ltr'><strong>ad</strong></span> <span class='ocrx_word' id='word_1_117' title='bbox 600 1454 644 1483; x_wconf 91' lang='lat' dir='ltr'><strong>v.</strong></span> <span class='ocrx_word' id='word_1_118' title='bbox 663 1440 732 1484; x_wconf 90' lang='lat'><strong>58.</strong></span> 
     </span>
    </p>

    <p class='ocr_par' dir='ltr' id='par_1_4' title="bbox 298 1527 1820 2035">
     <span class='ocr_line' id='line_1_15' title="bbox 402 1527 1816 1589; baseline -0.003 -15"><span class='ocrx_word' id='word_1_119' title='bbox 402 1527 454 1589; x_wconf 85' lang='lat' dir='ltr'><strong>c)</strong></span> <span class='ocrx_word' id='word_1_120' title='bbox 499 1528 699 1574; x_wconf 82' lang='lat' dir='ltr'><strong>Codices</strong></span> <span class='ocrx_word' id='word_1_121' title='bbox 729 1527 1069 1589; x_wconf 82' lang='lat' dir='ltr'><strong>Gottingenses</strong></span> <span class='ocrx_word' id='word_1_122' title='bbox 1091 1530 1212 1574; x_wconf 83' lang='lat' dir='ltr'><strong>duos</strong></span> <span class='ocrx_word' id='word_1_123' title='bbox 1236 1531 1413 1576; x_wconf 83' lang='lat' dir='ltr'><strong>contulit</strong></span> <span class='ocrx_word' id='word_1_124' title='bbox 1434 1530 1606 1587; x_wconf 80' lang='lat' dir='ltr'><strong>Juvenis</strong></span> <span class='ocrx_word' id='word_1_125' title='bbox 1636 1527 1816 1587; x_wconf 86' lang='lat' dir='ltr'><strong>quidam,</strong></span> 
     </span>
     <span class='ocr_line' id='line_1_16' title="bbox 300 1618 1819 1679; baseline -0.001 -15"><span class='ocrx_word' id='word_1_126' title='bbox 300 1618 530 1664; x_wconf 81' lang='lat' dir='ltr'><strong>Seminarii</strong></span> <span class='ocrx_word' id='word_1_127' title='bbox 546 1618 813 1678; x_wconf 73' lang='lat' dir='ltr'><strong>philologici,</strong></span> <span class='ocrx_word' id='word_1_128' title='bbox 846 1620 956 1677; x_wconf 90' lang='lat' dir='ltr'><strong>quod</strong></span> <span class='ocrx_word' id='word_1_129' title='bbox 973 1620 1206 1679; x_wconf 80' lang='lat' dir='ltr'><strong>Gottingae</strong></span> <span class='ocrx_word' id='word_1_130' title='bbox 1227 1620 1365 1679; x_wconf 76' lang='lat' dir='ltr'><strong>floret,</strong></span> <span class='ocrx_word' id='word_1_131' title='bbox 1397 1618 1583 1677; x_wconf 73' lang='lat' dir='ltr'><strong>sodalis,</strong></span> <span class='ocrx_word' id='word_1_132' title='bbox 1613 1619 1680 1676; x_wconf 93' lang='lat' dir='ltr'><strong>qui</strong></span> <span class='ocrx_word' id='word_1_133' title='bbox 1697 1632 1819 1662; x_wconf 90' lang='lat' dir='ltr'><strong>suum</strong></span> 
     </span>
     <span class='ocr_line' id='line_1_17' title="bbox 299 1707 1820 1769; baseline -0.002 -15"><span class='ocrx_word' id='word_1_134' title='bbox 299 1723 451 1754; x_wconf 89' lang='lat' dir='ltr'><strong>nomen</strong></span> <span class='ocrx_word' id='word_1_135' title='bbox 472 1714 519 1754; x_wconf 91' lang='lat' dir='ltr'><strong>ut</strong></span> <span class='ocrx_word' id='word_1_136' title='bbox 547 1709 825 1767; x_wconf 86' lang='lat' dir='ltr'><strong>praeterirem</strong></span> <span class='ocrx_word' id='word_1_137' title='bbox 852 1722 921 1752; x_wconf 91' lang='lat' dir='ltr'><strong>me</strong></span> <span class='ocrx_word' id='word_1_138' title='bbox 947 1710 1083 1754; x_wconf 88' lang='lat' dir='ltr'><strong>literis</strong></span> <span class='ocrx_word' id='word_1_139' title='bbox 1108 1711 1294 1769; x_wconf 87' lang='lat' dir='ltr'><strong>rogavit.</strong></span> <span class='ocrx_word' id='word_1_140' title='bbox 1363 1707 1525 1754; x_wconf 79' lang='lat' dir='ltr'><strong>Codice</strong></span> <span class='ocrx_word' id='word_1_141' title='bbox 1553 1707 1590 1751; x_wconf 90' lang='grc' dir='ltr'><strong>Ι.</strong></span> <span class='ocrx_word' id='word_1_142' title='bbox 1623 1722 1725 1752; x_wconf 91' lang='lat' dir='ltr'><strong>usus</strong></span> <span class='ocrx_word' id='word_1_143' title='bbox 1753 1711 1820 1751; x_wconf 90' lang='lat' dir='ltr'><strong>est</strong></span> 
     </span>
     <span class='ocr_line' id='line_1_18' title="bbox 302 1796 1816 1857; baseline -0.002 -15"><span class='ocrx_word' id='word_1_144' title='bbox 302 1797 564 1852; x_wconf 82' lang='lat' dir='ltr'><strong>Gesnerus,</strong></span> <span class='ocrx_word' id='word_1_145' title='bbox 591 1797 669 1842; x_wconf 91' lang='lat' dir='ltr'><strong>sed</strong></span> <span class='ocrx_word' id='word_1_146' title='bbox 690 1802 852 1842; x_wconf 85' lang='lat' dir='ltr'><strong>tantum</strong></span> <span class='ocrx_word' id='word_1_147' title='bbox 873 1801 1097 1857; x_wconf 85' lang='lat' dir='ltr'><strong>perpaucis</strong></span> <span class='ocrx_word' id='word_1_148' title='bbox 1126 1800 1249 1844; x_wconf 90' lang='lat' dir='ltr'><strong>locis.</strong></span> <span class='ocrx_word' id='word_1_149' title='bbox 1316 1798 1384 1844; x_wconf 90' lang='lat' dir='ltr'><strong>De</strong></span> <span class='ocrx_word' id='word_1_150' title='bbox 1411 1803 1588 1856; x_wconf 87' lang='lat' dir='ltr'><strong>utroque</strong></span> <span class='ocrx_word' id='word_1_151' title='bbox 1611 1797 1706 1843; x_wconf 89' lang='lat' dir='ltr'><strong>cod.</strong></span> <span class='ocrx_word' id='word_1_152' title='bbox 1731 1796 1816 1840; x_wconf 89' lang='lat' dir='ltr'><strong>vid.</strong></span> 
     </span>
     <span class='ocr_line' id='line_1_19' title="bbox 300 1886 1816 1948; baseline -0.003 -14"><span class='ocrx_word' id='word_1_153' title='bbox 300 1887 539 1934; x_wconf 84' lang='lat' dir='ltr'><strong>Mitscherl.</strong></span> <span class='ocrx_word' id='word_1_154' title='bbox 569 1887 606 1930; x_wconf 95' lang='lat' dir='ltr'><strong>I.</strong></span> <span class='ocrx_word' id='word_1_155' title='bbox 636 1901 680 1946; x_wconf 90' lang='lat' dir='ltr'><strong>p.</strong></span> <span class='ocrx_word' id='word_1_156' title='bbox 708 1886 902 1932; x_wconf 91' lang='lat' dir='ltr'><strong>XXVII.</strong></span> <span class='ocrx_word' id='word_1_157' title='bbox 941 1888 1042 1932; x_wconf 87' lang='lat' dir='ltr'><strong>coll.</strong></span> <span class='ocrx_word' id='word_1_158' title='bbox 1073 1903 1116 1948; x_wconf 90' lang='lat' dir='ltr'><strong>p.</strong></span> <span class='ocrx_word' id='word_1_159' title='bbox 1150 1888 1235 1933; x_wconf 88' lang='lat' dir='ltr'><strong>IX.</strong></span> <span class='ocrx_word' id='word_1_160' title='bbox 1264 1892 1308 1933; x_wconf 85' lang='lat' dir='ltr'><strong>et</strong></span> <span class='ocrx_word' id='word_1_161' title='bbox 1342 1886 1603 1931; x_wconf 80' lang='lat' dir='ltr'><strong>Kirclmeri</strong></span> <span class='ocrx_word' id='word_1_162' title='bbox 1639 1886 1816 1942; x_wconf 80' lang='lat' dir='ltr'><strong>Quaest.</strong></span> 
     </span>
     <span class='ocr_line' id='line_1_20' title="bbox 298 1975 715 2035; baseline -0.01 -13"><span class='ocrx_word' id='word_1_163' title='bbox 298 1977 453 2022; x_wconf 84' lang='lat' dir='ltr'><strong>Horat.</strong></span> <span class='ocrx_word' id='word_1_164' title='bbox 482 1991 526 2035; x_wconf 91' lang='lat' dir='ltr'><strong>p.</strong></span> <span class='ocrx_word' id='word_1_165' title='bbox 558 1975 620 2019; x_wconf 87' lang='grc'><strong>21</strong></span> <span class='ocrx_word' id='word_1_166' title='bbox 650 1990 715 2034; x_wconf 89' lang='lat' dir='ltr'><strong>sq.</strong></span> 
     </span>
    </p>

    <p class='ocr_par' dir='ltr' id='par_1_5' title="bbox 299 2062 1818 2393">
     <span class='ocr_line' id='line_1_21' title="bbox 406 2062 1818 2124; baseline -0.001 -15"><span class='ocrx_word' id='word_1_167' title='bbox 406 2063 462 2124; x_wconf 89' lang='lat' dir='ltr'><strong>d)</strong></span> <span class='ocrx_word' id='word_1_168' title='bbox 496 2063 728 2109; x_wconf 83' lang='lat' dir='ltr'><strong>Codicum</strong></span> <span class='ocrx_word' id='word_1_169' title='bbox 751 2069 959 2122; x_wconf 81' lang='lat' dir='ltr'><strong>quatuor</strong></span> <span class='ocrx_word' id='word_1_170' title='bbox 980 2062 1223 2124; x_wconf 64' lang='lat' dir='ltr'><strong>Guefferb.</strong></span> <span class='ocrx_word' id='word_1_171' title='bbox 1249 2067 1484 2124; x_wconf 78' lang='lat' dir='ltr'><strong>scripturae</strong></span> <span class='ocrx_word' id='word_1_172' title='bbox 1501 2079 1528 2108; x_wconf 91' lang='lat' dir='ltr'><strong>a</strong></span> <span class='ocrx_word' id='word_1_173' title='bbox 1547 2063 1818 2109; x_wconf 78' lang='lat' dir='ltr'><strong>Schneide-</strong></span> 
     </span>
     <span class='ocr_line' id='line_1_22' title="bbox 299 2153 1818 2214; baseline 0 -16"><span class='ocrx_word' id='word_1_174' title='bbox 299 2153 446 2214; x_wconf 79' lang='lat' dir='ltr'><strong>wino,</strong></span> <span class='ocrx_word' id='word_1_175' title='bbox 486 2154 543 2198; x_wconf 91' lang='lat' dir='ltr'><strong>V.</strong></span> <span class='ocrx_word' id='word_1_176' title='bbox 572 2154 746 2198; x_wconf 90' lang='lat' dir='ltr'><strong>doctiss.</strong></span> <span class='ocrx_word' id='word_1_177' title='bbox 779 2153 1103 2213; x_wconf 84' lang='lat' dir='ltr'><strong>diligentissime</strong></span> <span class='ocrx_word' id='word_1_178' title='bbox 1134 2160 1333 2200; x_wconf 85' lang='lat' dir='ltr'><strong>enotatae</strong></span> <span class='ocrx_word' id='word_1_179' title='bbox 1364 2157 1630 2214; x_wconf 86' lang='lat' dir='ltr'><strong>reperiuntur</strong></span> <span class='ocrx_word' id='word_1_180' title='bbox 1657 2156 1701 2199; x_wconf 89' lang='lat' dir='ltr'><strong>in</strong></span> <span class='ocrx_word' id='word_1_181' title='bbox 1732 2153 1818 2198; x_wconf 77' lang='lat' dir='ltr'><strong>Th.</strong></span> 
     </span>
     <span class='ocr_line' id='line_1_23' title="bbox 299 2237 1817 2304; baseline 0 -16"><span class='ocrx_word' id='word_1_182' title='bbox 299 2242 542 2288; x_wconf 80' lang='lat' dir='ltr'><strong>Schmidz‘i</strong></span> <span class='ocrx_word' id='word_1_183' title='bbox 569 2237 754 2287; x_wconf 87' lang='lat' dir='ltr'><strong>editione</strong></span> <span class='ocrx_word' id='word_1_184' title='bbox 782 2242 1075 2302; x_wconf 81' lang='lat' dir='ltr'><strong>Epistularum</strong></span> <span class='ocrx_word' id='word_1_185' title='bbox 1104 2238 1262 2289; x_wconf 68' lang='lat' dir='ltr'><strong>Horat.</strong></span> <span class='ocrx_word' id='word_1_186' title='bbox 1293 2243 1513 2289; x_wconf 87' lang='lat' dir='ltr'><strong>Halberst.</strong></span> <span class='ocrx_word' id='word_1_187' title='bbox 1542 2258 1612 2304; x_wconf 90' lang='lat' dir='ltr'><strong>ap.</strong></span> <span class='ocrx_word' id='word_1_188' title='bbox 1641 2243 1817 2304; x_wconf 90' lang='lat' dir='ltr'><strong>Brueg—</strong></span> 
     </span>
     <span class='ocr_line' id='line_1_24' title="bbox 299 2332 1107 2393; baseline 0 -16"><span class='ocrx_word' id='word_1_189' title='bbox 299 2347 500 2393; x_wconf 82' lang='lat' dir='ltr'><strong>gemann.</strong></span> <span class='ocrx_word' id='word_1_190' title='bbox 543 2332 689 2377; x_wconf 87' lang='lat'><strong>1830.</strong></span> <span class='ocrx_word' id='word_1_191' title='bbox 725 2332 782 2376; x_wconf 89' lang='grc' dir='ltr'><strong>ΙΙ.</strong></span> <span class='ocrx_word' id='word_1_192' title='bbox 815 2347 858 2391; x_wconf 92' lang='lat' dir='ltr'><strong>p.</strong></span> <span class='ocrx_word' id='word_1_193' title='bbox 892 2332 989 2376; x_wconf 87' lang='grc'><strong>258</strong></span> <span class='ocrx_word' id='word_1_194' title='bbox 1016 2349 1107 2392; x_wconf 88' lang='lat' dir='ltr'><strong>sqq.</strong></span> 
     </span>
    </p>

    <p class='ocr_par' dir='ltr' id='par_1_6' title="bbox 300 2418 1819 2930">
     <span class='ocr_line' id='line_1_25' title="bbox 397 2418 1817 2481; baseline 0.001 -16"><span class='ocrx_word' id='word_1_195' title='bbox 397 2419 452 2479; x_wconf 86' lang='lat' dir='ltr'><strong>e)</strong></span> <span class='ocrx_word' id='word_1_196' title='bbox 498 2421 616 2466; x_wconf 84' lang='lat' dir='ltr'><strong>Tres</strong></span> <span class='ocrx_word' id='word_1_197' title='bbox 644 2421 835 2466; x_wconf 83' lang='lat' dir='ltr'><strong>codices</strong></span> <span class='ocrx_word' id='word_1_198' title='bbox 859 2420 1152 2481; x_wconf 76' lang='lat' dir='ltr'><strong>Lipsienses‚</strong></span> <span class='ocrx_word' id='word_1_199' title='bbox 1184 2424 1252 2481; x_wconf 87' lang='lat' dir='ltr'><strong>qui</strong></span> <span class='ocrx_word' id='word_1_200' title='bbox 1278 2424 1323 2467; x_wconf 88' lang='lat' dir='ltr'><strong>in</strong></span> <span class='ocrx_word' id='word_1_201' title='bbox 1346 2420 1598 2466; x_wconf 85' lang='lat' dir='ltr'><strong>bibliotheca</strong></span> <span class='ocrx_word' id='word_1_202' title='bbox 1622 2418 1817 2467; x_wconf 80' lang='lat' dir='ltr'><strong>Senato-</strong></span> 
     </span>
     <span class='ocr_line' id='line_1_26' title="bbox 302 2510 1819 2571; baseline 0.001 -17"><span class='ocrx_word' id='word_1_203' title='bbox 302 2511 366 2554; x_wconf 86' lang='lat' dir='ltr'><strong>ria</strong></span> <span class='ocrx_word' id='word_1_204' title='bbox 383 2510 505 2569; x_wconf 88' lang='lat' dir='ltr'><strong>Lips.</strong></span> <span class='ocrx_word' id='word_1_205' title='bbox 533 2516 837 2571; x_wconf 81' lang='lat' dir='ltr'><strong>asservantur,</strong></span> <span class='ocrx_word' id='word_1_206' title='bbox 865 2510 1113 2556; x_wconf 89' lang='lat' dir='ltr'><strong>conferendi</strong></span> <span class='ocrx_word' id='word_1_207' title='bbox 1144 2517 1271 2570; x_wconf 88' lang='lat' dir='ltr'><strong>atque</strong></span> <span class='ocrx_word' id='word_1_208' title='bbox 1299 2511 1552 2570; x_wconf 82' lang='lat' dir='ltr'><strong>excerpendi</strong></span> <span class='ocrx_word' id='word_1_209' title='bbox 1582 2511 1819 2556; x_wconf 87' lang='lat' dir='ltr'><strong>libertatem</strong></span> 
     </span>
     <span class='ocr_line' id='line_1_27' title="bbox 300 2598 1819 2659; baseline 0.001 -16"><span class='ocrx_word' id='word_1_210' title='bbox 300 2600 484 2659; x_wconf 88' lang='lat' dir='ltr'><strong>benigne</strong></span> <span class='ocrx_word' id='word_1_211' title='bbox 510 2606 811 2646; x_wconf 84' lang='lat' dir='ltr'><strong>concesserunt</strong></span> <span class='ocrx_word' id='word_1_212' title='bbox 830 2600 916 2646; x_wconf 91' lang='lat' dir='ltr'><strong>filio</strong></span> <span class='ocrx_word' id='word_1_213' title='bbox 934 2615 1029 2646; x_wconf 88' lang='lat' dir='ltr'><strong>meo</strong></span> <span class='ocrx_word' id='word_1_214' title='bbox 1053 2601 1284 2646; x_wconf 80' lang='lat' dir='ltr'><strong>Theodoro</strong></span> <span class='ocrx_word' id='word_1_215' title='bbox 1306 2599 1590 2644; x_wconf 79' lang='lat' dir='ltr'><strong>Demuthius</strong></span> <span class='ocrx_word' id='word_1_216' title='bbox 1607 2605 1650 2645; x_wconf 84' lang='lat' dir='ltr'><strong>et</strong></span> <span class='ocrx_word' id='word_1_217' title='bbox 1675 2598 1819 2644; x_wconf 82' lang='lat' dir='ltr'><strong>Nau-</strong></span> 
     </span>
     <span class='ocr_line' id='line_1_28' title="bbox 302 2688 1818 2750; baseline 0.001 -19"><span class='ocrx_word' id='word_1_218' title='bbox 302 2702 523 2747; x_wconf 71' lang='lat' dir='ltr'><strong>marmus,</strong></span> <span class='ocrx_word' id='word_1_219' title='bbox 554 2688 648 2733; x_wconf 83' lang='lat' dir='ltr'><strong>Viri</strong></span> <span class='ocrx_word' id='word_1_220' title='bbox 669 2691 915 2750; x_wconf 88' lang='lat' dir='ltr'><strong>amplissimi</strong></span> <span class='ocrx_word' id='word_1_221' title='bbox 935 2695 980 2736; x_wconf 89' lang='lat' dir='ltr'><strong>et</strong></span> <span class='ocrx_word' id='word_1_222' title='bbox 998 2690 1303 2735; x_wconf 86' lang='lat' dir='ltr'><strong>humanissimi.</strong></span> <span class='ocrx_word' id='word_1_223' title='bbox 1371 2689 1466 2736; x_wconf 90' lang='lat' dir='ltr'><strong>Hos</strong></span> <span class='ocrx_word' id='word_1_224' title='bbox 1483 2689 1649 2735; x_wconf 89' lang='lat' dir='ltr'><strong>codices</strong></span> <span class='ocrx_word' id='word_1_225' title='bbox 1672 2691 1818 2750; x_wconf 81' lang='lat' dir='ltr'><strong>paucis</strong></span> 
     </span>
     <span class='ocr_line' id='line_1_29' title="bbox 302 2776 1816 2826; baseline -0.001 -3"><span class='ocrx_word' id='word_1_226' title='bbox 302 2778 460 2823; x_wconf 86' lang='lat' dir='ltr'><strong>indicat</strong></span> <span class='ocrx_word' id='word_1_227' title='bbox 490 2776 744 2825; x_wconf 81' lang='lat' dir='ltr'><strong>Kirchner.</strong></span> <span class='ocrx_word' id='word_1_228' title='bbox 776 2780 822 2823; x_wconf 89' lang='lat' dir='ltr'><strong>in</strong></span> <span class='ocrx_word' id='word_1_229' title='bbox 867 2780 970 2825; x_wconf 87' lang='lat' dir='ltr'><strong>edit.</strong></span> <span class='ocrx_word' id='word_1_230' title='bbox 1002 2777 1140 2826; x_wconf 82' lang='lat' dir='ltr'><strong>Satir.</strong></span> <span class='ocrx_word' id='word_1_231' title='bbox 1177 2779 1332 2825; x_wconf 87' lang='lat' dir='ltr'><strong>Horat.</strong></span> <span class='ocrx_word' id='word_1_232' title='bbox 1381 2777 1628 2825; x_wconf 81' lang='lat' dir='ltr'><strong>Stralsund.</strong></span> <span class='ocrx_word' id='word_1_233' title='bbox 1670 2778 1816 2823; x_wconf 89' lang='grc'><strong>1829.</strong></span> 
     </span>
     <span class='ocr_line' id='line_1_30' title="bbox 303 2865 1817 2930; baseline -0.001 -18"><span class='ocrx_word' id='word_1_234' title='bbox 303 2867 339 2912; x_wconf 87' lang='lat'><strong>1.</strong></span> <span class='ocrx_word' id='word_1_235' title='bbox 373 2881 417 2928; x_wconf 90' lang='lat' dir='ltr'><strong>p.</strong></span> <span class='ocrx_word' id='word_1_236' title='bbox 457 2865 498 2915; x_wconf 78' lang='lat' dir='ltr'>C</span> <span class='ocrx_word' id='word_1_237' title='bbox 540 2870 586 2912; x_wconf 88' lang='lat' dir='ltr'><strong>et</strong></span> <span class='ocrx_word' id='word_1_238' title='bbox 621 2865 823 2929; x_wconf 85' lang='lat' dir='ltr'><strong>(praeter</strong></span> <span class='ocrx_word' id='word_1_239' title='bbox 856 2866 1056 2930; x_wconf 84' lang='lat' dir='ltr'><strong>tertium)</strong></span> <span class='ocrx_word' id='word_1_240' title='bbox 1096 2869 1266 2915; x_wconf 87' lang='lat' dir='ltr'><strong>uberius</strong></span> <span class='ocrx_word' id='word_1_241' title='bbox 1308 2869 1531 2930; x_wconf 89' lang='lat' dir='ltr'><strong>descripsit</strong></span> <span class='ocrx_word' id='word_1_242' title='bbox 1569 2867 1743 2920; x_wconf 74' lang='lat' dir='ltr'><strong>Janius</strong></span> <span class='ocrx_word' id='word_1_243' title='bbox 1774 2869 1817 2911; x_wconf 86' lang='lat' dir='ltr'><strong>in</strong></span> 
     </span>
    </p>
   </div>
  </div>
 </body>
</html>
