2028 3268
710 927 1549 1002 COMMENTARII

1106 1083 1159 1118 IN

550 1201 856 1248 HORATII
888 1199 1310 1248 EPISTOLAM
1345 1199 1700 1258 QUARTAM

990 1351 1180 1404 LIB.
1251 1351 1303 1402 1.

379 1671 509 1726 Haec
534 1688 705 1738 Epistola
731 1689 910 1739 inscripta
937 1694 994 1726 est
1023 1689 1196 1739 Tibullo,
1234 1691 1434 1728 tersissimo
1472 1693 1586 1739 atque
1621 1687 1892 1738 elegantissimo

380 1755 577 1805 elegiarum
594 1754 764 1803 scriptori
781 1759 819 1791 et
837 1755 995 1793 Horatio
1015 1756 1246 1793 amicissimo.
1293 1757 1368 1794 Od.
1391 1758 1434 1806 1,
1458 1757 1521 1796 33.
1581 1757 1654 1800 Qui
1676 1767 1788 1804 quum
1807 1766 1894 1791 suas

380 1821 556 1858 edidisset
583 1821 725 1857 Satiras
755 1821 962 1870 multosque
993 1826 1165 1872 expertus
1200 1827 1298 1860 esset
1319 1824 1448 1860 horum
1468 1835 1677 1860 sermonum
1696 1819 1895 1857 malevolos

375 1887 541 1938 judices,
571 1887 618 1923 ab
637 1887 708 1924 hoc
737 1887 846 1937 vulgo
876 1889 1083 1925 criticorum
1109 1890 1162 1926 ita
1191 1890 1359 1927 discessit
1391 1891 1469 1926 sine
1493 1889 1603 1926 dubio
1632 1886 1825 1935 Tibullus,
1853 1890 1896 1922 ut

379 1954 566 2002 integrum
591 1954 692 2003 apud
723 1954 858 1991 amicos
880 1955 1055 2004 judicium
1082 1956 1128 1992 de
1154 1957 1284 1992 iisdem
1321 1957 1458 1993 fecerit.
1516 1956 1601 1999 Qua
1620 1954 1767 2004 quidem
1785 1965 1825 1990 re
1844 1953 1898 1990 ita

381 2032 422 2057 se
450 2019 667 2056 obstrictum
693 2019 850 2057 candido
867 2021 980 2070 judici
1006 2023 1124 2058 sensit
1141 2022 1341 2072 Horatius,
1367 2026 1410 2059 ut
1435 2022 1593 2058 eundem
1611 2021 1682 2057 hoe
1700 2019 1898 2056 honorifico

381 2085 486 2134 quasi
506 2085 653 2122 nomine
673 2091 822 2123 ornaret
841 2091 954 2135 atque
972 2087 1200 2125 honestaret.
1262 2089 1332 2125 Cui
1353 2088 1555 2126 laudationi
1576 2087 1679 2136 quasi
1699 2086 1769 2123 alia
1789 2097 1899 2135 agere

382 2151 482 2189 visus
501 2151 646 2200 subjicit
666 2154 1003 2204 percontationem,
1033 2155 1122 2203 quid
1147 2155 1346 2192 meditetur
1366 2154 1535 2192 Tibullus
1558 2154 1596 2190 in
1623 2165 1769 2190 secessu
1787 2152 1899 2189 rusti-

384 2230 502 2266 cano,
537 2221 660 2255 utrum
682 2224 856 2268 poemata
874 2220 1032 2271 scribat,
1063 2235 1111 2259 an
1129 2222 1334 2272 sapientem
1353 2225 1464 2271 agat,
1494 2221 1606 2269 idque
1638 2224 1757 2269 recte,
1787 2231 1900 2268 quum

384 2284 417 2320 ei
435 2287 583 2333 praeter
599 2286 788 2335 ingenium
807 2287 1044 2337 corporisque
1062 2288 1217 2325 formam
1236 2289 1334 2326 bona
1354 2288 1476 2325 omnia
1494 2287 1569 2324 sint
1593 2287 1641 2323 ad
1666 2286 1815 2323 hilarem
1846 2285 1900 2321 vi-

385 2353 447 2387 tae
474 2363 581 2387 usum
612 2353 901 2391 accommodata.
956 2353 1007 2390 Et
1037 2358 1079 2391 ut
1106 2355 1148 2391 iis
1182 2355 1370 2405 sapienter
1396 2355 1558 2402 fruatur,
1591 2353 1744 2390 amicum
1763 2351 1900 2402 perhu-

386 2416 542 2453 maniter
569 2418 746 2456 admonet
770 2423 882 2469 poeta
910 2419 1119 2457 Venusinus
1147 2421 1339 2471 proposita
1368 2420 1495 2456 mortis
1515 2420 1761 2469 cogitatione,
1790 2430 1901 2466 quam

389 2482 558 2533 quidem,
583 2485 638 2521 uti
656 2485 772 2535 solet,
801 2486 854 2523 ita
871 2486 1074 2536 significat,
1101 2491 1144 2523 ut
1164 2487 1281 2524 omnis
1309 2487 1416 2536 hujus
1434 2486 1485 2522 rei
1505 2486 1655 2523 tristitia
1675 2485 1772 2522 absit
1790 2488 1903 2534 atque

390 2548 547 2599 epistola
566 2551 648 2600 ipsa
666 2552 787 2589 faceto
805 2554 966 2601 quodam
978 2554 1126 2603 jocandi
1151 2566 1285 2603 genere
1311 2553 1470 2590 finiatur.

502 2615 645 2658 Quodsi
663 2615 813 2666 elegans
831 2619 902 2656 hoc
919 2619 1127 2670 epistolium
1146 2623 1245 2656 reete
1276 2619 1328 2656 ait
1349 2619 1498 2655 Zellius
1525 2616 1770 2654 commendari
1797 2627 1904 2665 prae-

391 2679 518 2716 sertim
547 2681 614 2719 hoc
639 2683 806 2733 nomine,
833 2687 934 2735 quod
961 2686 1091 2723 summi
1123 2685 1322 2735 elegiarum
1340 2685 1530 2735 scriptoris
1548 2683 1735 2734 ingenium
1753 2688 1791 2719 et
1808 2681 1904 2718 vitae

392 2745 554 2783 conditio
574 2750 649 2784 tam
668 2749 762 2787 belle
780 2750 829 2787 ibi
849 2752 1096 2802 significetur,
1116 2752 1238 2788 nescio
1257 2755 1401 2799 tamen,
1421 2752 1605 2799 quomodo
1634 2750 1774 2798 aliquot
1791 2747 1904 2783 inter-

393 2816 517 2864 pretes
543 2812 581 2849 in
599 2814 682 2864 ipso
708 2817 860 2855 videant
876 2818 1267 2868 „aerumnosissimam
1299 2820 1460 2866 sortem,
1495 2830 1569 2866 qua
1595 2814 1765 2853 Tibullus
1793 2824 1904 2863 quum

394 2879 548 2917 maxime
565 2881 797 2920 conflictatus
816 2885 888 2933 sit,
918 2889 958 2923 nt
977 2885 1156 2923 Horatius
1177 2885 1292 2922 amico
1312 2888 1410 2921 tecte
1437 2885 1618 2933 suadeat,
1642 2886 1684 2920 ut
1715 2884 1780 2918 aut
1804 2879 1905 2929 legat
