2028 3268
189 255 246 298 59
299 251 685 295 COMNOENTARII
706 253 768 295 IN
787 250 1020 294 HoRATn
1046 251 1148 295 LIB.
1167 252 1198 293 1.
1225 251 1394 294 EPIST.
1411 251 1600 300 QUINT.
1651 250 1737 293 249

187 380 310 420 liceat.
368 380 567 419 Utendum
598 383 726 420 autem
750 392 834 419 esse
850 379 1026 418 fortunae
1048 378 1180 430 bonis,
1217 390 1297 418 non
1319 378 1367 416 iis
1385 378 1437 418 ad
1454 377 1605 418 heredis
1626 392 1738 417 usum

189 449 446 501 parcendum,
474 448 578 499 quod
598 448 750 498 quidem
770 461 839 485 suo
859 447 977 498 ipsius
998 447 1169 498 exemplo
1199 460 1242 485 se
1268 447 1360 486 dicit
1376 448 1737 497 demonstraturum,

190 519 237 554 ut
261 517 459 568 genialiter
483 517 647 555 insanire
672 530 716 556 ac
740 519 874 568 potare
905 514 963 553 vel
988 527 1108 565 usque
1129 516 1179 553 ad
1195 514 1438 567 ebrietatem,
1468 527 1544 566 qua
1569 514 1662 554 nihil
1685 514 1737 553 sit

189 584 399 635 efficacius,
426 584 498 623 sibi
519 589 598 623 stet
615 585 816 623 sententia.

302 652 413 691 Haec
438 654 517 691 fere
548 657 659 703 sunt,
698 653 835 704 quibus
858 650 1043 689 Horatius
1063 649 1324 701 Torquatum,
1355 654 1401 688 ut
1419 663 1548 690 secum
1567 649 1736 688 hilariter

183 721 424 772 jucundeque
453 722 577 773 vivat,
605 721 722 760 amice
748 719 986 759 adhortatur.
1044 718 1178 757 Omnis
1206 722 1334 756 autem
1355 718 1627 757 sententiarum
1653 716 1736 754 sine

187 787 264 826 ulla
285 789 364 827 fere
381 793 463 828 arte
482 802 566 828 sese
586 788 848 840 excipientium
868 788 962 827 ordo
988 788 1038 825 ad
1065 799 1144 824 rem
1163 790 1301 837 suapte
1330 791 1467 825 natura
1484 798 1563 824 non
1580 797 1736 836 gravem

189 857 350 895 maxime
377 858 683 896 accommodatus
711 856 863 895 cuilibet
885 854 1074 893 videbitur
1111 853 1323 905 intelligens
1355 854 1533 905 judicium
1569 852 1737 894 habenti.

192 923 288 969 Quis
319 929 446 963 autem
476 925 590 963 fuerit
619 924 841 974 Torquatus
870 923 957 974 ille,
991 922 1140 961 difficile
1165 923 1266 961 dictu
1305 927 1377 961 est.
1435 922 1610 960 Eundem
1640 933 1738 972 esse,

189 992 251 1030 cui
269 992 451 1044 inscripta
472 993 611 1043 legitur
631 993 706 1030 oda
729 992 890 1043 septima
909 990 993 1029 libri
1012 991 1160 1041 quarti,
1185 1003 1329 1029 mecum
1352 991 1523 1029 sentiunt
1544 991 1595 1028 ad
1620 1003 1738 1028 unum

187 1073 330 1099 omnes.
387 1061 442 1098 L.
466 1062 678 1100 Manlium
708 1063 956 1113 Torquatum
976 1060 1067 1099 Cos.
1082 1072 1114 1097 a.
1133 1072 1170 1101 u.
1191 1059 1288 1099 689.
1307 1058 1491 1097 intellexit
1515 1059 1736 1110 Cruquius‚

186 1140 212 1166 a
229 1129 332 1179 cujus
357 1129 530 1179 partibus
550 1131 777 1181 aliquamdiu
800 1128 909 1167 stetit
930 1128 1145 1165 Dacerias.
1207 1126 1286 1164 Eos
1310 1127 1490 1165 refutavit
1515 1127 1738 1164 Mas-sonus

186 1196 227 1233 in
246 1195 322 1234 Vit.
339 1196 436 1235 Hor.
466 1211 504 1249 p.
531 1199 627 1240 211.
647 1211 705 1249 sq.
764 1196 941 1236 Consulis
968 1200 1095 1233 autem
1122 1195 1383 1246 cognominem
1402 1195 1518 1233 filium
1539 1195 1598 1233 hic
1619 1195 1738 1246 signi-

184 1265 339 1303 ficatum
376 1267 582 1317 opinantur
607 1267 809 1304 Dae-erius
820 1294 837 1312 ,
885 1264 1148 1303 Welandius
1162 1292 1175 1308 ,
1223 1265 1262 1300 Τ
1255 1263 1490 1301 horbeekius
1522 1262 1590 1316 (de
1627 1262 1737 1303 Asin.

186 1331 286 1370 Poll.
308 1332 386 1370 Vit.
410 1347 449 1384 p.
467 1332 575 1386 71.),
609 1335 945 1373 Westermannus
973 1332 1262 1385 („Geschichte
1293 1333 1332 1370 d.
1360 1332 1474 1371 Ro’m.
1494 1331 1738 1370 Beredtsam—

186 1400 296 1438 keit“
325 1415 365 1452 p.
386 1400 526 1453 203.)‚
556 1412 669 1452 quam
695 1403 924 1441 sententiam
955 1414 1034 1439 non
1061 1401 1253 1453 improbat
1277 1400 1477 1438 Diintzer.
1510 1400 1560 1437 ad
1589 1399 1666 1438 od.
1692 1397 1736 1449 4,

186 1469 228 1510 7.
262 1481 302 1519 Ρ.
331 1469 449 1520 183.,
479 1470 658 1508 refellunt
687 1472 749 1508 H.
791 1473 968 1522 Illeyer„
1008 1468 1093 1522 (qui
1123 1473 1236 1507 antea
1262 1468 1491 1520 probaverat
1523 1468 1563 1505 in
1581 1466 1734 1517 Fragm.

188 1536 318 1574 Oratt·
346 1535 460 1578 Rom.
494 1552 531 1589 p·
551 1538 668 1590 218.)
696 1540 735 1576 in
774 1540 988 1577 Zimmerm.
1016 1538 1274 1588 „Zeitschrift
1308 1538 1334 1574 f.
1366 1538 1400 1575 d.
1428 1534 1739 1574 Alterthumsw.“

189 1604 313 1645 1835.
325 1618 366 1656 p.
381 1605 477 1648 927.
494 1611 533 1644 et
548 1607 804 1645 lVeiclzertus
822 1609 861 1645 in
882 1607 1084 1645 Dissertat.
1103 1607 1151 1644 de
1169 1606 1303 1644 Cassio
1318 1605 1441 1644 Parm.
1453 1605 1598 1656 p.307.
1614 1602 1738 1642 Deni-

187 1683 264 1721 que
277 1675 479 1722 utrumque
489 1676 719 1725 poematium
730 1676 778 1714 ad
790 1675 967 1713 Consulis
984 1674 1082 1712 illius
1096 1677 1275 1725 nepotem
1287 1673 1457 1711 referunt
1473 1672 1737 1718 Sanadonus,

188 1740 553 1789 M‘tsoherliclzius,
585 1744 630 1781 V
623 1743 960 1795 anderbourgt'us,
976 1745 1034 1780 H.
1049 1744 1237 1793 ZVIeyerus
1244 1741 1267 1778 l.
1280 1741 1320 1791 l.,
1334 1740 1410 1790 alii,
1422 1753 1518 1790 quos
1535 1740 1738 1790 impugnat

192 1807 450 1847 PWichertuS
486 1824 526 1862 p·
557 1811 656 1852 307.
665 1839 678 1862 ‚
717 1813 855 1862 „quod
879 1813 917 1849 in
937 1815 1072 1849 neutro
1090 1810 1254 1849 carmine
1269 1810 1471 1859 quicquam
1489 1808 1600 1858 insit,
1633 1808 1737 1857 quod

183 1877 237 1914 ad
270 1877 433 1916 nobilem
461 1878 561 1917 illam
586 1884 740 1930 gentem
766 1879 946 1918 Manliam
975 1879 1099 1931 possit
1121 1878 1292 1916 referri.“
1349 1877 1493 1914 Vereor
1517 1880 1665 1926 autem,
1693 1879 1738 1913 ut

187 1943 280 1982 haec
299 1946 396 1984 ratio
414 1947 553 1985 vincat.
595 1948 657 1986 Ab
674 1948 737 1986 illa
758 1949 950 1986 sententia
967 1961 1043 1986 non
1062 1946 1221 1984 multum
1245 1945 1403 1984 discedit
1430 1945 1738 1997 Doriglzellonis

185 2013 420 2064 conjectura,
450 2028 527 2064 qua
554 2016 759 2054 Consulem
784 2017 887 2054 illum
920 2017 1032 2066 hujus
1064 2014 1253 2063 Torquati
1280 2018 1458 2065 patruum
1491 2014 1607 2051 fuisse
1634 2013 1737 2052 dicit.

187 2080 314 2125 Quum
347 2082 493 2132 omnia,
530 2085 634 2132 quod
672 2084 826 2122 concedi
857 2083 990 2134 debet,
1020 2084 1097 2120 sint
1129 2083 1217 2119 fidei
1249 2082 1385 2119 dubiae
1404 2094 1526 2131 neque
1547 2093 1595 2119 ne
1617 2081 1738 2119 Scho-

186 2148 319 2186 liastae
350 2149 501 2198 quidem
530 2152 732 2201 quicquam
763 2152 966 2191 memoriae
1007 2150 1252 2199 tradiderint,
1289 2163 1365 2199 quo
1394 2150 1479 2199 quis
1510 2149 1620 2187 inniti
1651 2153 1737 2187 tan-

187 2229 301 2267 quam
333 2216 582 2257 fundamento
611 2221 761 2270 possit,
806 2220 1058 2258 Weielzertus
1096 2218 1246 2257 Theod.
1284 2218 1444 2256 Marcilii
1475 2229 1554 2255 rem
1591 2217 1736 2267 optimo

183 2286 269 2335 jure
287 2284 376 2323 fecit
395 2297 526 2337 suam,
556 2287 610 2325 ita
630 2292 673 2326 ut
700 2289 743 2326 C.
775 2289 954 2328 Nonium
984 2287 1256 2336 Asprenatem
1286 2284 1410 2335 (Suet.
1436 2284 1538 2335 Aug.
1559 2281 1628 2325 43.
1647 2282 1736 2336 56.)

185 2353 226 2390 in
247 2357 410 2403 utroque
430 2353 512 2393 loco
533 2356 784 2406 significatum
800 2357 999 2408 opinetur,
1028 2367 1141 2404 quam
1159 2355 1311 2404 quidem
1337 2353 1552 2403 opinionem
1577 2364 1654 2389 non
1673 2356 1736 2389 so‘-

185 2419 264 2459 lum
295 2422 487 2471 exquisitis
515 2425 748 2474 argumentis
778 2424 977 2475 probavit,
1019 2435 1148 2461 verum
1180 2423 1292 2460 etiam
1316 2422 1511 2472 ingeniose
1542 2421 1737 2459 contexuit

187 2488 281 2542 (vid.
314 2490 339 2528 l.
367 2490 393 2527 l.
430 2506 471 2543 p.
503 2491 777 2544 301—319.).
848 2491 1050 2531 Weicherti
1086 2491 1297 2528 sententiae
1335 2501 1490 2541 prorsus
1531 2487 1736 2525 assentitur

195 2557 287 2594 Car.
320 2558 525 2596 Frankius
554 2560 592 2597 in
618 2560 725 2598 Fast.
754 2562 890 2599 Horat.
918 2575 956 2612 p,
988 2559 1106 2609 220„
1139 2572 1220 2596 eam
1261 2557 1502 2609 amplectitur
1540 2554 1730 2593 Orellius.

188 2622 314 2662 Pauca
333 2625 484 2675 quidem
503 2633 614 2678 sunt,
645 2634 686 2667 at
709 2634 799 2667 sunt
822 2634 972 2678 tamen,
1002 2641 1098 2677 quae
1119 2640 1179 2665 me
1211 2627 1398 2676 retinent,
1428 2623 1629 2674 quominus
1648 2623 1734 2661 huic

188 2693 400 2730 sententiae
415 2694 673 2734 sollertissime
693 2699 929 2748 excogitatae
955 2697 1081 2735 album
1098 2695 1280 2733 calculum
1309 2699 1387 2732 tam
1418 2696 1596 2744 prompte
1621 2705 1734 2742 quam

190 2760 300 2810 cupio
336 2761 519 2811 adjiciam.
579 2766 845 2818 Quapropter,
888 2780 1004 2817 quum
1037 2767 1261 2815 argumenta
1287 2763 1327 2800 in
1359 2766 1557 2812 utramque
1586 2766 1734 2814 partem

188 2828 384 2877 pensitare
404 2829 514 2880 hujus
540 2831 611 2870 loci
641 2845 718 2871 non
742 2835 814 2885 sit,
843 2848 922 2873 rem
955 2835 994 2872 in
1016 2834 1141 2871 medio
1165 2831 1372 2880 relinquere
1393 2831 1512 2870 satius
1533 2842 1616 2868 esse
1634 2829 1734 2868 arbi-

191 2899 282 2935 tror.
340 2897 478 2935 Nescio
508 2903 651 2950 tamen,
681 2904 869 2951 quomodo
903 2903 1042 2940 factum
1065 2901 1138 2951 sit,
1167 2904 1210 2938 ut
1240 2900 1464 2950 interpretes
1486 2898 1655 2951 plerique
1674 2910 1733 2936 re-

191 2968 399 3006 manserint
422 2968 461 3005 in
490 2965 539 3008 L.
574 2966 693 3006 Manl-
721 2969 906 3021 Torquati
936 2970 1075 3022 stirpe,
1112 2981 1192 3007 non
1219 2967 1347 3007 oculos
1382 2968 1496 3007 etiam
1528 2965 1733 3019 adjecerint
