2028 3268
416 252 500 295 306
565 255 935 295 COMMENTARII
961 255 1018 292 IN
1045 253 1263 294 HORATII
1289 255 1385 294 LIB.
1406 257 1434 296 Ι.
1454 257 1618 298 EPlsT.
1638 259 1784 299 SEXT.
1868 259 1929 303 34

424 377 536 426 Quae
563 377 761 427 cupiditas
788 376 824 411 si
851 374 1010 426 quando
1040 381 1096 412 est
1120 376 1264 426 adepta
1296 391 1338 416 re.
1371 391 1465 416 vera
1497 380 1541 417 id
1549 407 1566 426 ,
1610 381 1717 432 quod
1743 383 1778 419 ei
1801 383 1929 434 fuerit

417 445 686 493 concupitum,
715 449 796 478 tum
814 441 951 491 fertur
979 441 1197 490 alacritate,
1227 450 1271 480 ut
1297 444 1400 482 nilzil
1427 446 1461 481 ei
1489 453 1650 493 constet,
1679 448 1779 500 quid
1805 456 1904 500 agat
1911 464 1928 497 ;

415 514 454 547 et
481 508 530 558 4,
571 511 644 556 16,
680 509 747 548 35.
814 508 922 557 Quid
946 515 1077 545 autem
1101 516 1156 546 est
1183 524 1262 547 non
1287 513 1466 548 miserius
1493 512 1650 559 solum,
1689 515 1760 552 sed
1771 516 1932 566 foedius

414 578 533 613 etiam
558 582 594 611 et
616 575 848 625 deformius,
876 588 998 626 quam
1021 577 1268 627 aegritudine
1295 581 1384 628 quis
1412 580 1583 630 afflictus
1611 579 1932 634 debilitatusque,

409 642 576 694 jacens?
621 646 658 678 et
686 642 735 690 4,
765 643 842 690 28,
873 644 940 682 61.
970 649 1016 678 ut
1042 645 1160 681 etiam
1186 646 1224 682 si
1245 659 1316 682 neo
1344 645 1455 682 mala
1482 646 1560 682 sint
1584 645 1659 684 illa
1667 675 1685 693 ,
1725 662 1827 699 quae
1854 663 1931 686 me-

415 716 499 745 tum
525 709 877 759 aegritudinemve,
905 722 975 745 nec
1005 708 1125 756 bona,
1152 724 1253 762 quae
1280 712 1535 762 cupiditatem
1576 712 1816 752 laetitiamve
1846 730 1932 753 mo-

411 782 556 821 veant,
611 783 742 812 tamen
779 778 830 813 sit
868 777 1010 814 vitiosa
1044 779 1132 827 ipsa
1158 781 1374 816 commotio.
1437 780 1496 816 Cf.
1525 779 1614 817 ibid.
1646 778 1694 829 4,
1745 782 1824 830 31,
1863 783 1930 823 66.

411 843 490 890 38,
520 843 585 884 82.
617 841 664 891 5,
695 844 742 892 6,
775 845 838 884 16.
895 842 955 881 De
979 857 1127 893 pavore
1151 844 1250 894 (Cic.
1281 845 1397 885 Tusc.
1427 844 1476 895 4,
1512 847 1560 895 8,
1601 845 1684 898 19.)
1711 847 1751 884 in
1778 847 1932 886 alteram

411 921 561 958 quoque
589 913 734 958 partem
756 915 911 960 accepto
950 911 1117 962 Koenig.
1144 912 1254 949 affert
1272 913 1337 950 Sil.
1362 912 1442 967 Itsdl.
1469 913 1510 960 3,
1536 913 1629 954 215.
1658 913 1759 950 laeto
1782 927 1932 964 pavore

411 976 616 1012 Promissa
645 978 787 1014 evolvit
813 979 942 1014 somni
951 993 968 1025 ;
1001 979 1066 1026 16,
1097 976 1190 1019 432.
1220 979 1308 1028 ibiq.
1338 967 1455 1016 Dr’ak.
1485 992 1664 1016 successu
1697 981 1818 1017 nimio
1846 980 1930 1017 lae-

410 1047 525 1091 toque
545 1055 694 1091 pavore
719 1045 907 1082 Proditus
918 1060 935 1091 ;
964 1045 1073 1082 ovid.
1096 1043 1200 1081 Fast.
1223 1045 1264 1093 3,
1292 1045 1386 1087 362.
1406 1044 1596 1082 sollicitae
1622 1054 1766 1084 mentes
1786 1060 1931 1098 speque

411 1115 592 1159 metuque
614 1119 766 1159 pavent
774 1127 790 1158 ,-
819 1111 985 1149 similiter
1013 1112 1108 1148 Stat.
1138 1111 1261 1148 Theb.
1291 1114 1337 1160 6,
1367 1112 1460 1153 802.
1489 1119 1702 1164 eventuque
1727 1113 1930 1164 impalluit

410 1177 492 1226 ipse
517 1177 713 1224 secundo;
741 1182 780 1215 et
808 1177 962 1222 Quintil.
987 1177 1079 1214 Inst.
1109 1177 1150 1226 9,
1177 1178 1218 1227 3,
1249 1178 1312 1219 58.
1374 1178 1539 1229 Stupere
1557 1180 1710 1230 gaudio
1738 1181 1928 1218 Graecus.

410 1244 470 1280 Cf.
507 1243 660 1294 Forbig.
700 1245 748 1281 ad
784 1244 890 1294 Virg.
932 1244 1001 1281 Ge.
1038 1243 1087 1292 3,
1139 1244 1217 1284 105
1255 1257 1314 1294 sq.
1353 1243 1446 1282 Aen.
1477 1246 1526 1294 5,
1575 1246 1668 1287 575.
1701 1268 1750 1276 --
1780 1247 1830 1286 V.
1860 1249 1927 1288 11.

410 1311 534 1360 Impr.
563 1312 649 1348 sim.
679 1324 780 1360 spec.
809 1317 971 1347 exterret
994 1317 1215 1360 utrumque.
1277 1311 1352 1355 Qui
1380 1313 1427 1349 de
1454 1314 1578 1350 media
1607 1314 1768 1364 quadam
1796 1326 1831 1350 v.
1861 1326 1928 1350 ex·-

410 1378 581 1414 terrendi
611 1378 881 1428 significatione
901 1376 1086 1426 dubitant,
1114 1378 1158 1415 iis
1179 1378 1351 1426 equidem
1370 1391 1543 1428 propono
1575 1379 1744 1429 exempla
1770 1379 1930 1418 haecce:

408 1444 561 1482 Lueret.
597 1447 646 1494 2,
694 1442 815 1485 1041.
873 1445 1021 1482 Desine
1062 1450 1326 1494 quapropter,
1375 1446 1547 1482 novitate
1585 1447 1786 1483 exterritus
1820 1447 1928 1496 ipsa,

408 1512 611 1561 Exspuere
639 1524 684 1548 ex
709 1513 842 1548 animo
875 1513 1078 1550 rationem.
1137 1509 1240 1560 virg.
1272 1509 1366 1549 Aen.
1399 1514 1474 1561 11,
1522 1513 1617 1553 806.
1674 1512 1799 1563 Fugit
1836 1519 1928 1550 ante

407 1580 534 1615 omnis
561 1579 763 1615 exterritus
789 1578 951 1615 Arruns
975 1579 1152 1615 Laetitia
1175 1579 1373 1628 mixtoque
1401 1586 1517 1616 metu.
1573 1579 1657 1618 Liv.
1687 1581 1728 1628 7,
1757 1580 1826 1630 39,
1859 1581 1924 1621 15.

407 1646 660 1695 insigniaque
694 1645 851 1682 ]zonoris
889 1645 1064 1682 exterrito
1101 1643 1252 1680 subitae
1279 1646 1337 1680 rei
1370 1645 1561 1682 miraculo
1590 1646 1783 1697 deserunt.
1842 1645 1924 1684 Du-

407 1711 485 1748 bito
511 1716 635 1748 autem
665 1712 711 1748 de
739 1711 824 1748 loco
851 1723 912 1760 ap.
944 1711 1055 1748 Caes.
1084 1710 1129 1747 Β.
1157 1710 1237 1746 Civ.
1270 1712 1318 1759 2,
1357 1710 1396 1751 4.
1426 1711 1515 1762 ibiq.
1543 1712 1657 1751 Held.
1687 1717 1726 1750 et
1755 1712 1924 1762 Herzog.

411 1779 621 1815 Communi
648 1779 750 1815 enim
766 1778 826 1825 fit
857 1779 950 1814 vitio
989 1783 1182 1822 naturae,
1232 1783 1276 1813 ut
1309 1778 1472 1824 invisis,
1521 1778 1770 1816 latitantibus
1805 1786 1924 1830 atque

406 1845 616 1895 incognitis
657 1844 772 1881 rebus
812 1846 940 1895 magis
985 1844 1229 1892 confidamus
1274 1844 1612 1897 vehementiusque
1653 1852 1922 1884 exterreamur.

404 1911 617 1948 Adventus
643 1912 744 1948 enim
767 1913 819 1953 L,
839 1911 1005 1948 Nasidii
1024 1923 1180 1947 summa
1207 1923 1274 1959 spe
1303 1917 1339 1946 et
1365 1911 1566 1948 voluntate
1594 1913 1786 1950 civitatem
1818 1926 1924 1950 com-

398 1978 619 2028 pleverant.
678 1979 852 2016 Similiter
879 1979 934 2014 vis
962 1991 998 2015 v.
1024 1977 1242 2014 deterrendi
1270 1978 1391 2016 fracta
1419 1983 1491 2028 est,
1519 1980 1594 2016 vid.
1619 1979 1785 2017 Broukh.
1805 1978 1922 2017 Bach.

405 2050 445 2083 et
472 2044 576 2082 Diss.
607 2046 656 2082 ad
687 2045 773 2082 Tib.
806 2047 844 2094 1,
873 2047 915 2093 3,
952 2045 1016 2084 13.
1047 2044 1252 2095 Kiessling.
1282 2045 1331 2081 ad
1359 2045 1452 2083 Tac.
1483 2044 1581 2084 Ann-
1613 2047 1652 2095 1,
1684 2047 1738 2096 1.,
1764 2046 1856 2084 item
1883 2058 1920 2084 v.

398 2112 672 2162 percutiendi,
701 2113 774 2149 vid.
804 2111 933 2149 Klotz.
963 2112 1012 2148 ad
1037 2111 1117 2148 Cic.
1150 2111 1266 2148 Tusc.
1296 2109 1344 2161 4,
1375 2113 1450 2162 11,
1478 2113 1548 2152 33.
1603 2112 1656 2151 Et
1683 2113 1716 2151 si
1741 2113 1923 2162 ejusmodi

404 2180 525 2217 nullus
555 2180 648 2216 alius
676 2179 780 2216 locus
808 2180 1058 2229 reperiretur,
1108 2178 1292 2228 scriptura
1318 2185 1500 2224 exterret,
1553 2192 1648 2230 quae
1677 2180 1724 2217 de
1750 2193 1795 2218 eo
1825 2179 1922 2218 bene

405 2246 551 2295 dicitur,
580 2247 680 2296 quod
707 2247 745 2282 in
774 2258 814 2283 re
843 2245 903 2283 vel
925 2247 1115 2295 inopinata
1130 2245 1187 2283 vel
1215 2247 1252 2283 in
1270 2246 1423 2284 terribili
1437 2246 1498 2284 vel
1513 2248 1551 2284 in
1579 2246 1708 2284 dolore
1735 2246 1922 2284 hominem

403 2317 620 2362 permovet,
658 2313 851 2362 percellit,
887 2313 946 2350 vel
977 2314 1056 2362 ejus
1084 2317 1247 2350 mentem
1280 2314 1439 2363 excutit,
1468 2325 1576 2351 suum
1602 2312 1757 2351 haberet
1783 2313 1920 2351 locum.

403 2378 520 2416 Locis
549 2391 572 2415 a
600 2380 682 2416 Fea
711 2380 832 2416 allatis
862 2381 958 2417 adde
985 2379 1088 2428 Virg.
1109 2378 1203 2417 Aen.
1225 2378 1266 2429 4,
1297 2380 1391 2419 571.
1449 2379 1608 2416 Aeneas
1634 2378 1772 2416 subitis
1801 2386 1920 2416 exter-

403 2447 503 2482 ritus
532 2445 682 2482 umbris
708 2447 877 2496 Corripit
905 2459 924 2482 e
951 2459 1084 2482 somno
1112 2459 1265 2495 corpus.
1325 2445 1419 2484 Ibid.
1441 2443 1482 2493 4,
1505 2445 1599 2486 672.
1655 2444 1806 2482 Audiit
1827 2458 1921 2482 exa-

404 2513 522 2548 nimis
550 2512 775 2563 trepidoque
804 2514 984 2550 exterrita
1013 2525 1132 2548 cursu
1160 2516 1233 2549 etc.
1293 2511 1387 2549 Tac.
1416 2511 1516 2549 Hist.
1550 2513 1598 2560 1,
1625 2511 1692 2551 68.
1722 2513 1831 2549 omni
1858 2525 1920 2549 co-

404 2580 538 2614 mitate
566 2586 740 2628 exceptos
767 2577 918 2615 subitus
937 2592 1070 2628 pavor
1097 2579 1290 2616 exterruit.
1349 2578 1425 2615 Cic.
1441 2577 1519 2614 Off.
1548 2579 1588 2627 2,
1622 2578 1688 2627 10,
1716 2579 1784 2618 37.
1813 2577 1919 2630 (11.)

403 2644 582 2681 dolorum
611 2659 734 2696 quum
761 2646 1020 2683 admoventur
1034 2645 1153 2697 fizces
1162 2673 1180 2691 ,
1225 2651 1382 2695 praeter
1409 2644 1569 2680 modum
1591 2644 1772 2695 plerique
1796 2651 1918 2682 exter-

402 2717 549 2747 rentur.
607 2711 688 2749 Val.
720 2711 780 2748 Fl.
813 2715 860 2761 1,
890 2713 986 2753 778.
1015 2714 1098 2763 ipse
1122 2725 1263 2764 aeger,
1301 2711 1495 2749 anhelans
1523 2711 1815 2762 Impatiensque
1841 2711 1920 2748 loci

403 2778 566 2827 visaque
593 2780 792 2816 exterritus
819 2778 974 2821 umbra,
1029 2780 1084 2817 Id.
1104 2781 1164 2829 8,
1212 2777 1306 2819 450.
1330 2778 1450 2829 ficgit
1473 2776 1644 2829 (Medea)
1673 2777 1832 2828 infisios
1857 2778 1916 2814 νὶ-

404 2842 609 2880 brantibus
637 2844 760 2882 hastis
794 2847 1042 2897 Terrigenas,
1063 2847 1177 2898 fugit
1199 2845 1378 2883 ardentes
1407 2847 1586 2882 exterrita
1615 2851 1760 2882 tauros.
1818 2841 1914 2881 Plin.

401 2911 523 2961 Epist.
554 2911 594 2959 6,
629 2909 670 2959 4,
699 2909 739 2950 4.
797 2913 934 2951 Justin.
965 2916 1032 2962 21,
1063 2915 1103 2962 6,
1135 2915 1172 2954 1.
1203 2914 1270 2963 27,
1300 2915 1339 2962 1,
1367 2914 1406 2953 6.
1436 2914 1476 2952 9.
1532 2912 1576 2950 In
1603 2911 1824 2949 sententiam
1851 2914 1913 2947 to-
