2028 3268
799 919 1536 1015 HORATII

549 1097 857 1146 LIBRI
923 1100 960 1146 I.

1056 1099 1596 1148 EPIS'POLA
1660 1100 1759 1146 Vll.

847 1229 923 1263 AD
967 1229 1458 1266 MAECENATEM.

463 1519 686 1606 Quinque
723 1544 813 1589 dies
849 1547 922 1589 tibi
954 1546 1166 1605 pollicitus
1199 1558 1267 1589 me
1304 1558 1404 1588 rure
1439 1543 1641 1606 futurum,

464 1622 674 1667 Sextilem
708 1625 842 1666 {otum
878 1623 1063 1667 mendax
1097 1623 1334 1667 desideror-

1402 1622 1533 1679 Atqui

460 1698 511 1746 Si
546 1713 616 1743 me
649 1702 794 1744 vivere
830 1702 895 1743 vis
929 1715 1078 1745 sanum
1110 1703 1310 1757 recteque
1343 1700 1574 1756 valentem,

450 1855 745 1891 AdMecenatem.
774 1857 844 1890 Ms.
861 1856 965 1890 Dess.
982 1859 1014 1893 2.
1031 1856 1133 1901 Lips.

395 1915 428 1948 2.
446 1913 543 1945 Mon.
566 1913 588 1945 l.
623 1913 771 1955 Quintus
789 1913 876 1945 Hor.
892 1913 1042 1946 Flaccus
1056 1912 1133 1946 Me-

394 1968 542 2003 coenati.
589 1968 659 2001 Ms.
690 1969 792 2000 Gott.
825 1970 857 2002 2.
887 1968 954 2012 Ep.
988 1968 1063 2002 VII.
1087 1969 1134 2001 ad

394 2023 626 2057 Mecenatem.
658 2023 727 2056 Ms.
757 2020 897 2057 Ber.'2.
927 2023 995 2067 Ep.
1025 2024 1059 2056 7.
1088 2024 1134 2056 ad

394 2079 669 2112 Mecen.scribit.
689 2078 909 2112 Ms.M0n.c.
929 2080 984 2112 Ad
994 2078 1134 2112 Maece-

394 2140 523 2167 natem.
551 2134 708 2168 Excusat
720 2146 767 2178 se,
792 2134 872 2178 quia
882 2134 1133 2168 diutiusmora-

394 2195 452 2223 tur
459 2190 495 2222 in
504 2189 613 2234 agris.
623 2189 693 2223 Ms.
705 2190 843 2234 Lips.3.
857 2194 894 2223 et
904 2190 1134 2233 Graev.(Sed

394 2245 451 2278 hic
485 2244 578 2278 Mec.
615 2263 663 2270 -—-
700 2247 791 2289 quod
823 2246 961 2279 omissis
1002 2257 1062 2279 vv.
1095 2245 1132 2278 in

396 2299 526 2346 agris).
554 2301 610 2333 Ad
622 2300 862 2335 Maecenatem
878 2321 926 2326 —
945 2301 1133 2335 Mecoena-

394 2362 475 2390 tem.
515 2354 770 2390 Aberrationes
794 2357 831 2390 in
855 2357 935 2390 edd.
959 2360 1049 2390 vett.
1078 2376 1126 2381 —

395 2412 439 2444 V.
461 2413 494 2445 2.
512 2412 652 2454 Atquin.
684 2412 755 2446 Ms.
771 2413 837 2446 Fe.
856 2415 888 2456 1,
905 2424 936 2446 a.
958 2412 1078 2446 Berol.
1097 2413 1130 2446 1.

396 2468 518 2509 Atque.
568 2467 638 2500 Ms.
672 2468 782 2513 Cruq.
819 2469 987 2513 complur.
1021 2469 1130 2501 Torr.

397 2522 562 2567 quinque.
591 2523 727 2557 Bersm.
744 2535 803 2558 un.
818 2525 940 2559 Jaeck.
958 2525 990 2557 1.
1013 2523 1131 2557 Guelf.

396 2577 430 2610 3.
450 2574 485 2610 4.
524 2578 623 2612 Mon.
641 2580 677 2613 b.
699 2581 738 2623 (a
756 2582 788 2615 2.
804 2581 868 2625 m.)
904 2580 987 2613 vid.
1009 2583 1131 2612 annot.

397 2633 441 2665 ad
462 2634 501 2674 2,
527 2633 586 2667 33.

452 2688 495 2719 V.
531 2688 566 2721 3.
604 2700 730 2723 sanum
757 2695 914 2734 recteque
949 2691 1133 2724 valentem.

397 2743 486 2776 Mss.
498 2743 620 2777 Lamb.
637 2745 723 2789 alqt.
739 2746 850 2780 Pulm.
866 2751 903 2780 et
917 2746 1027 2790 Cruq.
1042 2757 1131 2779 omn.

399 2798 509 2831 Torr.
527 2810 616 2832 omn.
632 2806 789 2844 praeter.
811 2812 867 2835 un.
883 2803 1019 2835 Bersm.
1040 2813 1130 2835 omn.

396 2858 541 2898 praeter
561 2866 619 2888 un.
642 2856 748 2890 Talb.
763 2858 856 2901 plur.
888 2857 1012 2891 Oberl.
1030 2858 1072 2890 C.
1084 2857 1129 2890 D.

398 2910 438 2953 (a
453 2911 486 2946 2.
502 2910 566 2953 m.)
600 2911 723 2945 Comb.
739 2913 782 2946 Β.
799 2914 841 2946 C.
859 2914 904 2947 G.
922 2914 1021 2947 Pott.
1037 2912 1128 2958 plur.

1180 1855 1273 1900 [Val.
1288 1855 1400 1899 tacet]
1422 1855 1488 1888 Fe.
1503 1854 1643 1899 pquue.
1675 1854 1799 1890 Jaeck.
1821 1863 1911 1887 omn.

1177 1911 1341 1945 Hoched.
1353 1923 1442 1944 omn.
1456 1914 1602 1955 praeter
1615 1922 1674 1944 un.
1702 1909 1814 1944 Orell.
1825 1909 1911 1942 bSc.

1179 1967 1298 2000 Guelf.
1330 1968 1363 2000 1.
1394 1966 1430 2000 3.
1460 1963 1496 1999 4.
1531 1966 1637 2000 Dess.
1665 1967 1698 2000 1.
1729 1967 1762 2001 2.
1801 1964 1911 1998 Goth.

1179 2023 1283 2055 Gott.
1305 2023 1338 2057 2.
1375 2021 1478 2066 Lips.
1506 2023 1539 2055 1.
1560 2023 1593 2057 2.
1614 2022 1649 2056 3.
1687 2021 1800 2055 Dorv.
1822 2021 1855 2054 1.
1877 2021 1912 2055 2.

1178 2077 1323 2112 Corbei.
1343 2078 1464 2111 Berol.
1494 2079 1527 2111 1.
1567 2077 1665 2111 Altd.
1685 2088 1744 2122 ap.
1761 2075 1911 2110 Haberf.

1178 2134 1260 2177 (sed
1275 2133 1420 2179 scripsit
1432 2133 1463 2166 si
1475 2145 1528 2167 me
1540 2132 1589 2166 vis
1602 2134 1715 2167 vivere
1725 2132 1821 2176 san.)
1841 2131 1911 2164 Ed.

1176 2189 1290 2234 princ.
1307 2201 1365 2234 ap.
1382 2189 1506 2223 Comb.
1526 2187 1606 2222 Ald.
1627 2188 1708 2224 501.
1728 2188 1784 2222 19.
1811 2187 1912 2221 Junt.

1177 2242 1259 2279 514.
1283 2246 1338 2279 19.
1361 2248 1397 2277 et
1418 2245 1499 2278 edd.
1522 2254 1610 2290 quae
1636 2247 1830 2289 sequuntur
1858 2243 1911 2276 fa-

1175 2301 1280 2334 miliis
1311 2300 1518 2345 quibusdam
1546 2300 1707 2345 exceptis
1730 2309 1842 2344 usque
1865 2298 1911 2332 ad

1177 2358 1328 2390 Gesner.
1339 2359 1422 2400 post
1435 2357 1526 2390 hunc
1539 2355 1776 2389 eddAErands
1792 2352 1910 2398 (756),

1175 2413 1284 2446 Bask.
1307 2413 1374 2447 762
1392 2415 1428 2444 et
1445 2412 1502 2446 77.
1535 2410 1614 2445 val.
1631 2411 1781 2456 Dorigh.
1797 2410 1909 2444 Daru.

1176 2468 1286 2501 Hunt.
1321 2466 1486 2500 Praedic.
1522 2467 1645 2511 Camp.
1681 2467 1795 2501 Orell.
1831 2465 1911 2510 (qui

1175 2522 1352 2566 vindicat)
1371 2523 1568 2567 Charpent.
1589 2522 1650 2566 vis,
1665 2534 1791 2556 sanum
1803 2526 1911 2555 recte-

1176 2590 1242 2622 que
1253 2578 1321 2611 val.
1360 2577 1421 2611 Sic
1441 2578 1524 2612 dist.
1541 2578 1691 2612 Haberf.
1707 2582 1745 2612 et
1763 2578 1908 2611 Ernest.

1176 2634 1225 2667 vis
1238 2639 1394 2676 recteque
1406 2645 1531 2668 sanum
1544 2634 1728 2668 valentem.
1745 2633 1908 2667 Ed.Ven.

1177 2686 1257 2723 481.
1286 2695 1443 2731 recteque
1460 2689 1576 2723 videre
1592 2690 1774 2723 valentem.
1818 2687 1908 2722 Mss.

1177 2745 1300 2778 Lamb.
1321 2746 1353 2787 1,
1373 2745 1454 2778 duo.
1477 2746 1510 2780 2.
1529 2746 1563 2779 6.
1579 2745 1614 2779 7.
1630 2745 1664 2788 9,
1682 2755 1740 2778 un.
1760 2745 1795 2786 8,
1815 2754 1848 2776 a.
1870 2743 1907 2776 b.

1178 2802 1233 2834 10.
1272 2800 1380 2833 Torr.
1396 2811 1454 2834 un.
1471 2800 1607 2834 Bersm.
1623 2811 1681 2833 un.
1700 2799 1806 2834 Talb.
1822 2798 1857 2832 3.
1871 2795 1907 2832 4.

1175 2855 1294 2889 Bentl.
1308 2852 1344 2890 4.
1367 2866 1442 2889 cum
1462 2855 1540 2890 aliis
1559 2855 1724 2899 vetustis,
1745 2858 1784 2888 ut
1801 2853 1853 2887 ait
1871 2853 1909 2887 in

1175 2911 1282 2946 Curis
1301 2911 1512 2946 novissimis.
1552 2911 1678 2946 Oberl.
1700 2911 1743 2945 C.
1757 2910 1803 2944 D.
1819 2910 1860 2955 (a
1874 2911 1906 2944 1.
