2028 3268
452 241 535 283 202
584 239 957 282 COMMENTARII
983 239 1042 279 IN
1068 238 1294 280 HORATII
1318 240 1416 280 LIB.
1445 242 1475 280 Ι.
1499 242 1664 281 EPIST.
1693 242 1852 283 TERT.
1918 244 1968 286 12

454 366 653 418 opinatur,
689 360 946 415 κατάχρησις,
987 363 1045 400 vel
1077 364 1126 401 ad
1149 363 1234 402 belli
1263 364 1425 415 auspicia
1454 363 1704 414 referendum,
1739 376 1834 414 quae
1865 368 1973 403 erant

453 445 569 484 penes
587 431 819 481 Augustum,
850 429 922 470 vid.
942 429 1017 466 od.
1038 425 1078 478 4,
1110 427 1176 479 14,
1200 429 1280 480 33.,
1307 430 1378 466 nisi
1396 430 1476 478 quis
1495 431 1564 468 hoc
1588 431 1702 468 verbo
1722 431 1828 480 quasi
1852 430 1972 468 omine

453 498 706 536 fortitudinem
731 495 872 532 Tiberii
891 494 986 546 (Od.
1007 491 1047 545 4,
1071 493 1111 546 4,
1130 493 1216 547 29.)
1234 495 1422 534 laudatam
1442 498 1638 536 existimari
1654 497 1806 534 mavult.

562 563 609 602 V.
634 562 673 601 3.
716 561 921 598 Thracane
939 584 988 588 ——
1012 562 1178 599 vinctus.
1239 561 1411 599 Tiberius
1433 575 1499 613 per
1520 562 1775 600 Macedoniam
1791 566 1830 600 et
1849 563 1972 601 Thra-

453 630 546 666 ciam
572 628 678 665 duxit
704 628 901 665 exercitum
937 626 1110 680 (Sueton.
1140 627 1228 668 Tib.
1261 625 1348 679 14.)
1379 628 1490 676 idque
1524 629 1593 666 sub
1623 641 1775 667 vernum
1810 633 1971 680 tempus,

451 694 577 742 itaque
615 693 1000 739 Hebrus-vinctus,
1042 695 1080 731 in
1108 707 1182 743 qua
1211 694 1359 743 quidem
1391 695 1637 746 descriptione
1668 695 1714 732 de
1750 696 1821 733 deo
1858 696 1971 733 fluvio

452 759 620 808 cogitant
641 759 870 798 Schmidius
891 765 931 799 et
962 761 1161 806 Orellius,
1192 764 1339 798 rectene
1370 773 1418 797 an
1440 773 1545 798 secus
1569 762 1702 802 nescio.
1757 761 1905 799 Etenim
1929 766 1972 799 ut

451 825 544 863 Hor.
560 827 667 875 aquis
685 826 803 876 glacie
821 828 981 866 astrictis
1002 828 1222 878 compedem
1253 827 1402 877 tribuit,
1440 828 1494 865 ita
1511 827 1684 878 Virgilius
1719 828 1790 865 Ge.
1808 825 1848 878 4,
1876 828 1970 868 136.

440 891 609 942 frenum
629 896 667 930 et
682 893 856 944 Sympos.
875 893 1045 944 Aenigm.
1069 895 1135 944 10,
1152 896 1191 936 2.
1218 902 1377 931 catenas
1391 909 1402 929 .-
1455 894 1574 930 Unda
1587 894 1664 944 sai
1681 917 1736 923 -—
1764 895 1889 932 Nunc
1914 895 1972 930 νί-

447 958 540 1009 gidi
567 959 665 996 coeli
697 960 807 997 daris
837 974 1010 997 connexa
1039 963 1187 997 catenis
1202 988 1218 1006 ,
1257 960 1320 998 ubi
1351 961 1418 998 W
1411 961 1648 1008 ernsdorflzcs
1687 961 1771 1014 (VI.
1801 974 1841 1012 p.
1869 957 1971 1012 488)

450 1025 571 1064 locum
600 1026 848 1065 Horatianum
874 1032 1077 1078 comparat.
1135 1028 1196 1065 Sic
1224 1027 1375 1066 Petron.
1411 1041 1445 1065 c.
1467 1028 1559 1069 123.
1584 1041 1622 1065 v.
1643 1029 1743 1068 188:
1772 1027 1973 1065 undarum

449 1093 615 1130 vincula
626 1108 642 1140 ;
670 1092 813 1133 Lucan.
833 1094 873 1144 5,
894 1092 990 1134 434.
1011 1094 1091 1131 allo
1110 1101 1260 1144 torpore
1281 1095 1430 1146 ligatae
1445 1117 1501 1122 —
1519 1094 1675 1131 haesere
1694 1095 1837 1133 undae.
1880 1092 1972 1131 Inde

449 1159 511 1197 lux
539 1160 693 1197 affertur
719 1159 894 1198 Lucretio
927 1162 966 1211 6,
998 1162 1091 1200 878.
1137 1161 1297 1199 exsolvit
1322 1162 1495 1212 glaciem
1524 1159 1656 1213 (ignis)
1687 1162 1882 1212 nodosque
1909 1174 1972 1196 re-

450 1226 587 1271 laxat,
623 1227 711 1276 ibiq.
746 1228 898 1265 Creech.
954 1226 1014 1264 De
1043 1240 1112 1264 usu
1134 1227 1235 1265 verbi
1262 1228 1430 1272 vinciri,
1461 1227 1523 1275 qui
1543 1228 1602 1266 hic
1625 1233 1709 1278 est,
1737 1229 1829 1266 dixit
1843 1228 1970 1268 Burm.

450 1294 499 1331 ad
518 1293 670 1331 Petron.
691 1307 722 1333 c.
751 1295 845 1336 123.
866 1307 904 1344 p.
928 1294 1022 1334 583.
1042 1315 1089 1321 —
1111 1294 1261 1344 nivali,
1291 1298 1333 1332 ut
1349 1294 1510 1332 Martial.
1529 1296 1568 1344 7,
1585 1293 1654 1334 94.
1674 1295 1805 1332 osculo
1826 1295 1970 1339 nivali,

450 1359 585 1400 Claud.
618 1363 665 1398 de
688 1360 802 1413 Rapt.
830 1360 1004 1412 Proserp.
1027 1361 1064 1411 1,
1094 1361 1159 1400 70.
1178 1362 1388 1412 glacieque
1416 1359 1545 1398 nivali
1563 1362 1763 1412 fflspidus
1784 1362 1970 1415 (Boreas).

450 1426 627 1464 Ceterum
654 1428 837 1478 frigiditas
871 1429 979 1478 hujus
1010 1431 1152 1465 tractus
1183 1432 1221 1465 et
1249 1429 1388 1479 amnis,
1418 1441 1527 1477 quem
1543 1427 1702 1466 Romani
1720 1430 1797 1467 fere
1814 1430 1971 1481 primum

449 1495 613 1531 omnium
635 1494 675 1532 in
702 1495 998 1546 expeditionibus
1026 1495 1101 1532 suis
1133 1500 1312 1533 noverant
1341 1496 1457 1546 glacie
1485 1495 1743 1547 constrictum,
1773 1497 1971 1534 abiet-abin

450 1561 705 1612 proverbium,
745 1563 792 1598 de
824 1575 898 1611 qua
927 1575 967 1599 re
995 1562 1079 1599 vide
1102 1574 1194 1611 quos
1224 1562 1379 1600 laudant
1409 1563 1490 1598 Fea
1513 1562 1563 1599 ad
1585 1562 1659 1599 Od.
1685 1564 1722 1612 1,
1753 1562 1819 1612 25,
1841 1562 1909 1603 20.
1930 1563 1971 1612 3,

449 1627 517 1676 26,
547 1627 612 1669 10,
641 1631 680 1665 et
706 1628 816 1666 Voss.
843 1630 892 1666 ad
922 1629 1027 1679 Virg.
1053 1628 1182 1678 Eclog.
1203 1628 1268 1678 10,
1301 1629 1368 1669 65.
1425 1628 1536 1665 Errat
1566 1631 1690 1665 autem
1718 1629 1970 1674 Tarteromts,

449 1704 562 1741 quum
577 1693 745 1732 Hebrum
761 1696 946 1734 existimat
965 1697 1159 1746 „toujours
1178 1695 1323 1744 glace.“
1378 1694 1498 1732 Docte
1515 1693 1694 1734 Prudent.
1711 1694 1853 1746 Apoth.
1872 1693 1969 1735 428.

450 1766 587 1795 exutas
602 1761 735 1810 glacie
740 1764 837 1808 jam
857 1763 1014 1799 mollior
1033 1764 1163 1799 amnis
1193 1763 1393 1799 Caucasea
1413 1762 1460 1798 cle
1482 1768 1562 1798 eote
1575 1761 1692 1810 fluat
1714 1762 1970 1812 Rhodopeius

450 1825 627 1863 Hebrus.

559 1893 606 1930 V.
632 1893 671 1932 3.
726 1893 801 1931 An
826 1916 881 1924 —·
913 1902 1050 1933 turres.
1110 1895 1321 1945 Descriptio
1350 1894 1598 1944 Hellesponti.
1668 1895 1808 1932 Turres
1835 1896 1970 1933 intelli-

448 1961 594 2010 gendae
609 1963 697 1997 sunt
716 1965 781 1998 aut
799 1961 894 1999 duae
913 1962 995 1999 illae
1015 1963 1054 1999 in
1073 1965 1232 2011 utroque
1249 1962 1485 2012 Hellesponti
1512 1961 1620 1997 litore
1640 1961 1801 2011 positae,
1816 1974 1970 2011 quarum

448 2027 672 2064 mentionem
689 2027 778 2065 facit
805 2029 942 2066 Strabo
962 2029 1027 2078 13,
1048 2030 1111 2069 22.
1133 2027 1195 2080 (V.
1215 2042 1251 2078 p.
1273 2029 1366 2069 298.
1392 2028 1463 2066 Tz.
1483 2040 1513 2065 s,
1536 2026 1604 2067 III.
1631 2040 1667 2076 p.
1691 2027 1758 2066 96.
1781 2025 1969 2078 Tauchn.)

436 2091 550 2133 ’Ἐστι
569 2091 611 2132 δὲ
629 2092 657 2143 ἦ
677 2090 831 2144 Σηστὸς
854 2094 1041 2146 ἐνδοτέρω
1059 2093 1157 2134 nocto?
1187 2092 1262 2145 τήν
1281 2095 1537 2147 Προποντίδα
1557 2091 1785 2145 ὖπερδέξιος
1803 2097 1876 2134 τοῦ
1893 2095 1971 2143 ῥὀῦ

448 2163 521 2200 τοῦ
549 2160 587 2208 ἐξ
618 2156 751 2211 αὐτῆς·
782 2158 845 2201 διό
874 2161 940 2201 καὶ
961 2157 1233 2212 εὐπετέστερον
1262 2160 1304 2200 ἐκ
1333 2164 1402 2212 τῆς
1419 2163 1578 2213 Σηστοῦ
1599 2161 1796 2212 διαίρουσι
1818 2165 1969 2213 παραλ-

449 2224 663 2279 λαξᾶμενοι
694 2225 830 2279 μικρὸν
868 2227 933 2268 ἐπὶ
971 2226 1037 2268 τὸν
1074 2231 1145 2278 τῆς
1181 2226 1324 2279 Ἡροῦς
1351 2225 1526 2279 πύργον,
1571 2223 1760 2267 κάκεῖθεν
1789 2222 1969 2277 ἀφιέντες

449 2292 497 2334 τοὶ
532 2297 651 2334 πλοῖα
687 2292 1006 2347 συμπράττοντος
1042 2298 1116 2335 τοῦ
1156 2295 1232 2346 ῥοῦ
1259 2292 1355 2347 πρὸς
1387 2292 1463 2347 τήν
1491 2294 1726 2345 περαίωσιν·
1755 2297 1837 2339 τοῖς
1866 2289 1900 2332 δ’
1928 2293 1967 2341 ἐξ

447 2357 621 2413 Ἀβύδου
647 2362 946 2414 περαιουμένοις
975 2361 1268 2414 παραλλακτὲον
1297 2361 1400 2401 ἐστὶν
1435 2362 1489 2408 εἰς
1517 2357 1723 2409 τάναντία,
1754 2355 1857 2399 ὀκτώ
1889 2375 1967 2399 που

450 2429 633 2475 σταδίους
656 2427 720 2468 ἐπὶ
741 2424 894 2480 πύργον
913 2427 1000 2468 τινοέ
1031 2425 1111 2468 κατ’
1143 2425 1305 2479 ἀντικρύ
1333 2431 1404 2478 τῆς
1426 2430 1609 2478 Σηστοῦ,
1641 2426 1771 2466 ἔπειτα
1802 2427 1966 2478 διαίρειν

450 2495 617 2550 πλάγιον
656 2495 723 2536 καὶ
767 2493 820 2547 μὴ
863 2495 1000 2543 τελέως
1042 2495 1198 2546 ἔχουσιν
1235 2494 1418 2535 ἐναντίον
1454 2491 1524 2533 τόν
1562 2493 1661 2544 ῥοῦν
1690 2498 1761 2533 etc.
1799 2496 1888 2542 aut,
1924 2498 1968 2530 ut

451 2565 678 2602 Scholiastae
696 2564 1013 2614 interpretantur,
1042 2563 1173 2600 Sestus
1191 2565 1230 2599 et
1248 2560 1424 2610 Abydus,
1457 2572 1552 2608 quae
1572 2560 1682 2597 urbes
1705 2559 1965 2610 navigantibus

452 2632 581 2682 procul
606 2644 680 2668 una
704 2629 792 2666 urbs
821 2641 901 2667 esse
918 2630 1018 2668 visae
1039 2632 1147 2678 sunt,
1176 2631 1218 2665 ut
1238 2631 1397 2665 testatur
1414 2627 1495 2666 Val.
1521 2627 1641 2666 Flacc.
1662 2627 1708 2676 1,
1735 2626 1836 2667 285:
1867 2625 1967 2662 diri-

451 2699 582 2748 mique
605 2697 753 2748 procul
778 2710 858 2734 non
880 2710 1047 2747 aequore
1074 2698 1160 2732 visa
1187 2696 1374 2744 Coeperat
1399 2707 1425 2730 a
1438 2695 1600 2744 gemina
1622 2692 1815 2730 discedere
1838 2692 1967 2730 Sestos

452 2763 612 2814 Abydo.
665 2764 753 2803 Vid.
780 2764 830 2801 ibi
856 2763 1003 2802 Harles.
1038 2766 1077 2800 et
1102 2763 1148 2800 cf.
1169 2761 1280 2802 Ovid,
1300 2760 1417 2800 Trist.
1436 2761 1474 2811 1,
1500 2761 1566 2809 10,
1584 2760 1649 2800 27.
1713 2759 1877 2810 Quaque
1891 2773 1968 2809 per

451 2837 646 2881 angustas
674 2838 808 2868 vectae
834 2830 939 2868 male
963 2830 1130 2881 virginis
1152 2828 1281 2865 undas
1307 2827 1445 2864 Seston
1472 2826 1670 2876 Abydena
1695 2833 1855 2876 separat
1872 2824 1967 2862 urbe

441 2898 610 2950 fletum.
669 2895 800 2938 Avien.
839 2898 955 2936 deser.
983 2896 1076 2935 orb.
1109 2895 1218 2937 Terr.
1249 2894 1344 2934 693.
1407 2892 1540 2930 Sestus
1564 2891 1634 2930 ubi
1656 2899 1775 2945 atque
1796 2891 1968 2943 Abydus
