2028 3268
435 1097 1327 1175 COMMENTARII

857 1241 911 1276 IN

174 1342 541 1390 HORA'PH
599 1342 1103 1392 EPIS'POLAM
1152 1338 1606 1392 SEPTIMAM

733 1474 916 1530 LIB.
978 1474 1034 1527 1.

119 1791 350 1854 Maecenas
378 1827 494 1866 quum
520 1827 636 1867 aegre
666 1819 813 1855 careret
839 1816 1096 1856 familiaritate
1116 1814 1267 1854 Horatii
1292 1814 1388 1852 vatis
1412 1817 1453 1851 et
1479 1812 1587 1852 amici
1616 1810 1665 1850 ob

122 1897 280 1935 eamque
315 1896 419 1932 rem,
464 1884 631 1923 fortasse
668 1887 782 1923 variis
815 1887 915 1924 vitae
949 1885 1197 1924 incommodis
1229 1884 1308 1934 jam
1344 1887 1470 1921 tactus
1510 1881 1665 1934 (Senec-

120 1952 245 2004 Epist.
273 1950 369 1992 114.
399 1951 448 1989 de
471 1950 624 1991 Provid.
654 1953 693 1993 3.
722 1953 818 1992 Tac.
844 1952 944 1991 Anu.
969 1950 1011 2003 4,
1038 1950 1152 2004 24.),
1182 1953 1342 1990 amicum
1366 1950 1543 1988 dilectum
1570 1948 1667 1986 invi-

121 2026 183 2059 tus
211 2020 441 2068 dimitteret,
479 2019 607 2057 Flacci
631 2020 866 2072 longiorem,
901 2034 1014 2072 quam
1040 2033 1154 2071 quem
1177 2020 1211 2057 is
1237 2019 1320 2056 sore
1344 2019 1591 2069 promiserat,
1627 2017 1667 2054 in

122 2088 212 2126 villa
234 2099 303 2124 sua
324 2099 518 2124 secessum
542 2099 658 2138 aegre
683 2088 816 2126 tulisse
843 2089 1007 2126 videtur.
1066 2087 1189 2124 Poeta
1214 2086 1352 2136 igitur,
1395 2090 1436 2123 ut
1462 2097 1569 2122 suam
1596 2083 1667 2121 ab·

124 2157 284 2195 sentiam
316 2155 356 2192 in
395 2167 460 2193 sex
488 2167 641 2193 menses
669 2155 851 2194 dilaturus
887 2158 1087 2194 excusaret
1118 2154 1334 2202 crimenque
1367 2153 1479 2191 animi
1513 2152 1669 2202 ingrati,

125 2225 228 2277 quod
254 2223 323 2262 sibi
343 2226 504 2275 propter
531 2224 758 2274 promissum
786 2237 863 2262 non
889 2228 1080 2262 servatum
1103 2220 1186 2260 fieri
1210 2221 1414 2270 videretur,
1442 2219 1670 2257 dissolveret

124 2298 240 2345 atque
272 2293 422 2330 omnino
457 2304 563 2330 suam
587 2305 656 2330 suo
686 2306 793 2331 more
818 2292 968 2330 vivendi
994 2291 1180 2329 rationem
1206 2292 1368 2340 patrono
1401 2287 1518 2326 libere
1550 2299 1670 2338 expo-

125 2367 250 2412 neret,
275 2361 373 2400 hanc
397 2360 550 2412 scripsit
570 2360 783 2412 Epistolam
804 2361 980 2400 Romano
1007 2359 1156 2397 homine
1184 2356 1452 2408 diguissimam.
1509 2355 1547 2393 Is
1571 2354 1671 2392 enim

126 2429 342 2469 valetudine
366 2432 446 2467 tum
467 2429 643 2468 utebatur
663 2432 785 2468 minus
813 2428 1024 2478 commoda,
1054 2427 1113 2465 cui
1135 2428 1189 2465 ita
1214 2424 1484 2463 consulendum
1509 2428 1604 2473 erat,
1628 2427 1672 2462 ut

128 2510 243 2550 quum
267 2498 405 2536 diutius
432 2511 520 2537 rure
547 2502 772 2547 moraretur,
798 2501 877 2536 tum
896 2509 966 2549 per
992 2497 1156 2534 hiemem
1180 2494 1230 2532 ad
1252 2505 1355 2531 mare
1378 2493 1405 2530 i.
1422 2504 1455 2532 e.
1481 2492 1519 2530 in‘
1541 2491 1672 2542 regio-

129 2578 217 2605 nem
255 2565 484 2617 tepidiorem
520 2568 782 2606 descenderet.
842 2564 945 2603 Ante
979 2564 1104 2602 omnia
1132 2562 1271 2614 igitur,
1320 2563 1500 2611 quantum
1532 2559 1671 2598 debeat

130 2638 293 2686 patrono
319 2632 580 2673 liberalissimo
610 2635 816 2686 quantique
845 2634 884 2671 in
918 2632 1113 2671 beneficiis
1145 2629 1279 2669 dandis
1310 2629 1483 2668 facienda
1517 2628 1568 2666 sit
1590 2628 1672 2679 ejus

130 2701 356 2751 humanitas,
386 2704 496 2751 grato
523 2702 726 2752 profitetur
752 2702 893 2752 animo,
922 2702 974 2740 ita
1002 2703 1143 2749 tamen,
1170 2700 1214 2735 ut
1241 2709 1346 2735 suam
1373 2697 1491 2749 ipsius
1516 2695 1673 2735 liberta-

133 2774 211 2808 tem
239 2768 412 2807 omnibus
443 2770 647 2808 amicorum
675 2770 787 2809 donis
823 2774 862 2809 et
892 2768 952 2807 vel
979 2769 1073 2819 ipsis
1101 2765 1269 2805 Arabum
1307 2765 1445 2804 divitiis
1480 2767 1675 2819 praeferre

133 2851 211 2876 nou
236 2837 397 2875 dubitet.
454 2836 536 2875 Sibi
565 2837 664 2876 enim
690 2843 817 2878 aetate
852 2835 1084 2891 provectiori
1112 2838 1152 2873 et
1186 2833 1356 2887 corporis
1391 2834 1532 2873 viribus
1560 2834 1674 2887 paulo

135 2907 258 2945 fracto
288 2905 361 2944 alia
385 2906 464 2956 jam
490 2919 589 2958 opus
616 2919 703 2945 esse
730 2908 831 2947 vitae
854 2905 1096 2953 conditione,
1122 2914 1234 2954 quam
1259 2914 1335 2954 qua
1358 2901 1550 2955 hueusque
1574 2903 1677 2955 apud

135 2977 337 3026 patronum
364 2974 578 3015 munificum
606 2987 696 3014 usus
730 2976 795 3015 sit.
854 2973 1002 3022 Quodsi
1029 2971 1232 3014 Maecenas
1258 2970 1429 3023 vincula,
1478 2971 1614 3024 quibus
1642 2971 1677 3008 ei

183 3039 331 3075 HonAr.
355 3039 384 3073 Ι.
1244 3036 1302 3079 23
1328 3037 1396 3094 (6)
