2028 3268
137 250 190 294 25
259 249 632 288 COMMENTARII
661 249 715 285 IN
743 246 970 285 HORATII
1000 245 1173 283 EPIST.
1200 245 1533 284 SECUNRLIB.
1554 246 1588 282 Ι.
1618 240 1701 283 131

133 376 217 402 una
243 375 337 402 cum
363 363 409 410 Ω.
435 362 584 400 Aemil.
614 358 771 414 Lepido
798 359 1055 399 consulatum
1087 358 1212 411 gessit
1243 372 1280 397 a.
1313 372 1356 397 u.
1385 371 1420 397 c.
1449 358 1547 399 733.
1586 358 1698 407 Varr,

225 555 300 591 Sed
323 554 476 590 nondum
497 553 659 588 absoluta
687 554 742 587 est
765 549 956 597 disputatio
980 551 1025 586 de
1046 550 1208 595 homine,
1241 550 1300 586 cui
1323 549 1494 585 Horatius
1517 547 1702 595 epistolam

134 611 295 658 dedicat,
329 616 441 650 restat
474 610 567 645 aliud
582 637 592 656 ,
629 621 699 657 quo
726 609 867 655 quidem
891 620 961 643 non
982 610 1156 654 probant,
1192 609 1286 643 hunc
1306 608 1459 643 Lollium
1481 607 1590 642 filium
1615 618 1701 641 con-

133 663 262 706 sularis
285 670 417 714 fuisse,
441 670 505 705 sed
532 670 626 714 quod
651 669 754 703 aliter
775 672 894 703 tamen
919 665 1089 711 explicari
1114 678 1221 712 posse
1245 678 1316 700 non
1340 670 1478 712 putant,
1502 665 1571 700 nisi
1593 665 1703 699 filium

134 740 213 763 eum
239 740 317 763 esse
343 727 573 772 cogitaveris.
620 725 828 773 Appellatur
851 723 988 758 Lollius
1012 736 1034 758 a
1058 725 1163 770 poeta
1184 725 1362 759 maximus
1385 724 1550 768 (maxime
1576 722 1700 767 Lolli).

135 785 242 827 Quod
268 784 473 820 vocabulum
507 795 612 830 quum
645 789 743 820 recte
773 782 947 817 vidissent
980 793 1172 826 cognomen
1195 783 1311 827 gentis
1347 782 1486 817 Lolliae
1516 794 1586 816 non
1610 793 1701 826 esse,

134 843 207 879 viri
230 844 327 878 docti
354 844 426 889 jam
450 843 494 878 ad
518 853 622 877 unum
646 852 766 876 omnes
795 845 890 874 natu
913 840 1106 874 maximum
1128 841 1338 886 significare
1361 846 1525 886 censent,
1550 845 1589 875 ut
1613 840 1703 874 alter

134 900 241 936 Lollii
263 901 358 936 filius
382 901 426 935 ab
455 899 587 944 altero,
623 900 722 944 cujus
754 898 792 932 in
818 898 892 944 Ep.
918 899 975 933 18.
1000 898 1130 933 mentio
1162 900 1223 944 fit,
1260 899 1522 944 distinguatur,
1556 909 1704 944 eamque

137 959 412 1005 explicationem
436 962 507 993 tam
532 961 661 992 certam
682 961 827 1004 putant,
853 960 893 990 ut
913 956 1048 1000 omnia,
1083 969 1174 1003 quae
1192 958 1263 1002 jam
1288 957 1416 992 dudum
1442 958 1487 991 ab
1512 955 1591 991 aliis
1616 967 1701 990 con-

133 1021 191 1051 tra
226 1017 322 1051 dicta
355 1022 458 1061 sunt,
499 1015 692 1061 negligant.
755 1013 931 1060 Equidem
963 1020 1004 1049 ut
1034 1015 1126 1049 idem
1156 1014 1242 1048 mihi
1271 1015 1530 1060 persuaderem,
1568 1025 1702 1049 omnem

133 1085 277 1120 operam
303 1074 404 1118 dedi,
430 1085 535 1119 quum
558 1074 656 1108 viros
680 1073 901 1107 doctissimos
926 1076 963 1106 et
985 1072 1206 1106 acutissimos
1229 1072 1265 1106 in
1293 1084 1336 1107 ea
1359 1072 1525 1119 opinione
1553 1083 1701 1106 consen·
1721 1096 1723 1098 -

132 1130 204 1165 tire
231 1131 411 1176 viderem,
444 1137 481 1166 et
503 1131 655 1166 libenter
678 1130 784 1165 hodie
816 1141 956 1175 quoque
981 1129 1126 1164 eandem
1159 1130 1410 1175 amplecterer,
1450 1131 1481 1165 si
1505 1130 1608 1164 ullam
1633 1141 1703 1176 qua

132 1186 202 1222 hoc
232 1189 314 1223 fieri
336 1194 459 1235 posset
480 1190 650 1224 rationem
674 1188 885 1223 invenirem.
934 1187 1050 1232 Nam,
1087 1192 1126 1222 ut
1157 1188 1202 1222 de
1226 1188 1304 1222 aliis
1324 1190 1430 1223 rebus
1448 1193 1602 1232 taceam,
1640 1187 1703 1232 qui

132 1245 213 1280 fieri
235 1251 374 1292 potest,
408 1251 447 1282 ut
470 1247 509 1282 in
533 1246 703 1294 epistola,
740 1257 831 1291 quae
854 1245 900 1280 ad
923 1256 1028 1280 unum
1058 1250 1192 1280 tantum
1214 1245 1349 1292 scripta
1383 1249 1455 1290 est,
1493 1244 1703 1280 vocabulum

132 1303 341 1349 adjiciatur,
366 1315 436 1350 quo
454 1305 511 1340 hic
539 1317 562 1340 a
584 1305 696 1339 fratre
720 1303 991 1348 distinguatur?
1038 1303 1186 1341 Scilicet
1217 1309 1256 1338 ut
1278 1303 1414 1338 Lollius
1442 1315 1464 1337 a
1488 1303 1600 1337 fratre
1622 1302 1703 1347 ipse

133 1374 172 1396 se
203 1363 417 1398 discernat?
463 1364 510 1398 At
546 1364 638 1398 idem
661 1360 833 1396 Horatius
865 1360 903 1394 in
937 1361 1087 1407 epistola
1117 1362 1163 1398 ad
1189 1362 1339 1396 Pisones
1373 1374 1410 1396 v.
1436 1361 1518 1397 366.
1553 1360 1701 1395 alterum

131 1419 294 1456 Pisonem
319 1421 476 1468 appellat
498 1423 663 1466 majorem
683 1420 865 1464 juvenum.
913 1418 995 1453 Hoc
1020 1418 1233 1465 exemplum,
1258 1420 1362 1454 etiam
1386 1419 1418 1454 si
1446 1423 1565 1464 aptum
1593 1422 1700 1462 esset,

131 1477 220 1512 nihil
246 1479 436 1525 probaret3
464 1484 501 1514 at
527 1478 774 1513 alienissimum
800 1481 855 1511 est
877 1488 898 1511 a
922 1483 1043 1512 nostra
1065 1490 1118 1512 re.
1166 1478 1332 1524 Epistola
1356 1478 1448 1512 enim
1473 1477 1534 1512 illa
1558 1476 1603 1511 ad
1626 1482 1701 1510 tres

131 1535 311 1581 homines,
335 1541 470 1583 patrem
494 1537 656 1581 duosque
680 1535 786 1579 filios,
811 1534 943 1581 scripta
970 1542 1048 1580 est,
1073 1535 1115 1570 ad
1142 1548 1230 1582 quos
1257 1536 1524 1581 distinguendos
1549 1534 1701 1569 nomini-

130 1594 200 1628 bus
223 1593 425 1628 necessario
457 1592 591 1638 aliquid
615 1592 872 1638 adjungendum
899 1598 988 1627 erat.
1045 1592 1180 1627 Omitto
1216 1594 1310 1640 quod
1334 1606 1380 1628 ne
1404 1594 1456 1628 ibi
1479 1593 1620 1639 quidem
1645 1592 1701 1626 di-

131 1655 224 1686 ctum
241 1656 296 1686 est
311 1644 423 1697 major
437 1651 522 1686 Piso
540 1650 602 1685 sed
618 1652 736 1694 major
751 1651 931 1694 juvenum
958 1650 1016 1695 (ut
1032 1650 1103 1685 od.
1121 1650 1186 1694 IV,
1206 1650 1260 1696 14,
1279 1651 1335 1685 14.
1353 1653 1471 1695 major
1483 1651 1702 1695 Neronum),

131 1714 170 1745 et
191 1710 285 1755 quod
301 1710 339 1744 in
362 1715 482 1745 nostro
499 1709 576 1743 loco
602 1709 709 1743 multo
734 1708 845 1753 magis
869 1707 981 1742 simile
1006 1719 1153 1752 nomen,
1188 1710 1335 1747 fratrum
1367 1709 1424 1744 vel
1442 1711 1612 1755 juvenum
1636 1709 1700 1743 ad-

127 1767 320 1813 jiciendum
356 1772 447 1803 erat.
501 1767 632 1802 Omitto
662 1778 793 1813 porro,
826 1766 923 1811 quod
958 1777 1070 1810 quum
1106 1767 1198 1801 duos
1228 1772 1374 1802 tantum
1401 1768 1537 1801 Lollius
1568 1769 1702 1803 fratres

129 1825 242 1860 fuisse
258 1830 397 1872 putent,
421 1825 509 1860 alter
533 1826 643 1870 major
665 1825 783 1871 potius
802 1834 903 1870 quam
919 1823 1088 1858 maximus
1112 1826 1293 1860 vocandus
1310 1826 1450 1861 fuisset.
1499 1827 1572 1861 Sed
1589 1827 1701 1860 omni-

128 1882 197 1917 bus
222 1882 277 1917 his
302 1883 500 1918 rationibus
526 1883 683 1927 omissis,
711 1893 815 1928 quam
842 1882 976 1926 inepte,
1001 1893 1045 1915 ne
1068 1881 1180 1916 dicam
1206 1883 1371 1927 absurde,
1397 1884 1468 1919 tale
1494 1885 1702 1920 vocabulum

130 1940 169 1974 in
192 1941 337 1976 exordio
363 1940 536 1987 epistolae
558 1941 720 1987 poeticae
740 1939 894 1986 positum
919 1941 995 1974 est!
1021 1951 1126 1985 quum
1149 1940 1188 1975 in
1208 1941 1347 1985 vulgari
1365 1943 1438 1987 jam
1456 1955 1618 1978 sermone
1634 1955 1699 1977 no-

131 2009 212 2032 men
236 1999 460 2043 adjectivum,
486 1999 580 2044 quod
607 1998 752 2032 honoris
781 2008 887 2032 causa
909 1997 1066 2031 additum
1091 1997 1158 2042 sit,
1182 1998 1399 2043 requiratur.
1448 2002 1575 2043 Quid?
1606 2002 1701 2037 Num

130 2055 170 2089 in
199 2055 352 2101 epistola
377 2057 433 2091 18.
467 2057 575 2102 poeta
609 2055 780 2099 Lollium,
820 2065 922 2099 quem
958 2054 1173 2089 liberrimum
1211 2057 1387 2105 appellat,
1431 2071 1452 2093 a
1483 2071 1588 2093 servo
1624 2059 1699 2093 dis-

130 2112 248 2157 tingui
271 2112 375 2147 vult?
399 2112 446 2147 At
463 2113 550 2147 situ
573 2112 681 2147 Lollii
705 2115 856 2145 aetatem
879 2111 947 2144 hoc
970 2112 1142 2146 vocabulo
1165 2109 1361 2157 significari
1385 2128 1507 2160 negas,
1534 2128 1604 2161 qua
1628 2116 1700 2160 igi-

131 2176 191 2205 tur
214 2171 354 2204 ratione
378 2170 500 2204 melius
525 2169 802 2215 interpretaris?
851 2168 966 2208 Quasi
990 2181 1077 2203 vero
1102 2169 1170 2203 hoc
1191 2182 1303 2205 meum
1329 2172 1395 2207 sit!
1443 2174 1533 2207 Nam
1557 2173 1590 2207 si
1615 2174 1701 2218 quid

131 2228 312 2274 explicare
337 2240 405 2263 non
430 2239 583 2274 possum,
607 2227 845 2272 ignorantiam
870 2226 986 2271 potius
1003 2227 1210 2272 confitebor,
1235 2239 1352 2274 quam,
1378 2231 1474 2274 quod
1489 2230 1615 2265 salsum
1632 2235 1698 2275 est,

130 2286 305 2331 probabo.
355 2286 429 2320 Sed
461 2291 561 2320 estne
590 2285 658 2319 hoc
681 2288 751 2318 tam
778 2283 924 2317 difficile
949 2282 1156 2328 explicatu?
1205 2285 1322 2325 Quum
1352 2287 1442 2322 enim
1467 2288 1617 2323 Romani
1640 2289 1699 2324 vel

130 2334 170 2376 in
191 2342 330 2388 vulgari
355 2343 633 2389 quotidianoque
657 2354 817 2377 sermone
834 2341 978 2375 honoris
1004 2352 1111 2376 causa
1127 2342 1286 2378 homines
1310 2345 1555 2391 amplissimos,
1577 2347 1696 2392 splen-

133 2399 355 2446 didissimos,
400 2401 633 2445 fortissimos,
665 2400 927 2443 sanctissimos,
962 2400 1113 2444 optimos
1153 2401 1429 2448 appellaverint,
1462 2415 1526 2439 cur
1551 2405 1698 2440 amicum

131 2458 329 2493 maximum
353 2458 525 2504 appellari
548 2470 618 2492 non
642 2458 802 2503 licuerit,
835 2469 906 2491 non
932 2457 1052 2492 video.
1099 2459 1216 2504 Vulgo
1242 2460 1380 2505 quidem
1405 2473 1475 2495 non
1490 2462 1545 2496 fit.
1593 2462 1699 2498 Tune

131 2512 259 2560 igitur‘
274 2516 388 2550 omnia
411 2516 449 2550 in
476 2516 620 2550 Horatii
646 2515 747 2550 libris
782 2515 944 2561 vulgaria
978 2528 1057 2550 esse
1080 2517 1210 2552 debere
1245 2519 1388 2553 credis?
1433 2518 1581 2554 Accedit
1603 2521 1698 2567 quod

132 2582 205 2605 non
226 2571 304 2607 sine
327 2585 433 2608 causa
455 2573 590 2608 Lollius
613 2573 756 2608 videtur
779 2574 829 2608 ita
853 2574 1051 2620 appellatus
1075 2587 1175 2619 esse,
1210 2587 1314 2620 quum
1335 2577 1507 2612 Horatius
1531 2579 1635 2614 etiam
1658 2579 1696 2614 in

133 2628 216 2663 aliis
240 2629 398 2676 epistolis
422 2630 526 2665 amici
549 2631 679 2666 nomini
697 2632 770 2676 jam
787 2643 808 2666 a
831 2631 1007 2678 principio
1024 2632 1158 2677 aliquid
1177 2634 1304 2679 addat,
1331 2636 1423 2681 quod
1448 2637 1493 2671 ad
1517 2648 1578 2681 ea,
1605 2648 1696 2682 quae

133 2687 172 2721 in
190 2686 342 2732 epistola
357 2692 567 2723 tractatures
584 2694 651 2734 est,
668 2693 827 2736 spectat3
854 2695 891 2724 ut
907 2690 945 2724 in
966 2691 1039 2736 Ep.
1065 2693 1140 2735 18.‚
1167 2691 1204 2725 in
1226 2703 1309 2742 qua,
1333 2705 1437 2740 quum
1460 2694 1504 2729 de
1520 2694 1695 2731 libertatis

133 2743 251 2779 studio
274 2744 310 2778 in
327 2746 579 2781 consuetudine
596 2758 673 2781 cum
690 2746 880 2791 majoribus
905 2749 1099 2783 coercendo
1122 2749 1280 2784 dicturus
1295 2751 1353 2795 sit,
1375 2751 1525 2788 Lollium
1541 2753 1696 2800 appellat

133 2802 364 2837 liberrimum.
412 2802 530 2848 Quid,
564 2804 595 2838 si
620 2804 761 2839 Lollius
785 2811 907 2840 noster
929 2818 1090 2852 magnus
1114 2819 1188 2841 esse
1219 2808 1401 2844 voluerit?
1445 2811 1487 2845 Si
1513 2811 1574 2847 illa
1604 2823 1694 2857 quae

134 2865 330 2905 sequuntur
345 2860 470 2904 verba,
494 2861 574 2895 dum
596 2866 636 2896 tu
661 2862 831 2897 declamas
856 2864 1001 2908 Romae,
1027 2866 1317 2910 magnitudinem
1340 2871 1553 2913 affectatam
1579 2871 1693 2916 signi-

125 2917 270 2962 ficent?
317 2917 417 2951 Certi
433 2918 478 2951 de
500 2918 567 2954 hac
583 2931 623 2955 re
639 2919 726 2955 nihil
741 2927 903 2967 statuam,
930 2934 974 2957 ne
992 2922 1029 2957 in
1044 2924 1203 2970 eundem,
1227 2936 1330 2972 quem
1346 2938 1453 2975 supra
1467 2928 1691 2974 reprehendi,

136 2982 289 3010 errorem
312 2974 519 3020 prolabar.“
