2054 3268
806 223 1217 268 PRAEFATIO.
1762 241 1791 268 v

240 356 484 403 Henricus
506 357 761 412 Lindner„
790 356 1069 405 Serenissimi
1086 358 1218 404 Ducis
1238 357 1463 404 Anhaltini
1482 358 1789 405 Dessaviensis

232 450 577 496 bibliothecarius
614 453 657 495 et
683 450 881 496 tabularii
912 449 1176 510 praefectuS.
1232 450 1276 495 Is
1307 450 1389 495 Vir
1421 451 1571 497 doctus
1599 453 1790 499 codicem

232 541 516 588 Anhaltinum
556 539 777 586 Fabricii
807 546 852 587 et
891 540 1030 586 Janii
1065 542 1254 588 Dessav.
1276 541 1329 586 ·1.
1358 557 1488 588 unum
1523 544 1789 605 eundemque

232 647 332 678 esse
349 647 455 679 vere
473 633 631 679 docuIt.
691 633 1029 679 Dessaviensem
1046 638 1193 679 autem
1215 634 1288 696 2.,
1327 650 1408 695 quo
1431 634 1585 680 eodem
1608 635 1788 682 Jarzias

231 730 300 771 est
319 740 452 787 usus,
488 727 673 785 itemque
701 724 892 770 codicem
910 725 958 770 3.
983 739 1110 771 nemo
1141 725 1197 770 ad
1226 726 1340 771 hunc
1371 727 1484 772 diem
1510 729 1553 772 in
1572 728 1786 790 Epistolis

230 817 408 863 edendis
427 818 673 863 adhibuisse
689 816 876 862 videtur.
946 816 1117 863 Horum
1135 817 1327 863 codicum
1346 824 1592 865 accuratam
1618 825 1662 866 et
1688 822 1786 867 col—

230 911 436 955 lationem
454 914 498 955 et
517 909 849 968 descriptionem
879 908 936 953 ad
965 923 1034 954 me
1060 909 1368 954 humanissime
1393 911 1508 957 misit
1538 911 1786 969 Lindum„

230 1015 312 1061 quo
349 1003 392 1046 in
441 1015 574 1063 opere
610 1000 742 1047 taedii
786 1001 915 1061 pleno
954 1002 1112 1046 eximie
1144 1001 1316 1060 adjutus
1354 1006 1422 1048 est
1458 1003 1511 1047 ab
1552 1002 1786 1064 Augusto

230 1091 428 1150 Fuchs„
462 1095 574 1139 bono
593 1093 846 1154 disciplinae
866 1093 1219 1139 Hermannianae
1240 1098 1284 1140 et
1303 1094 1566 1140 Klotzianae
1589 1096 1779 1142 alumno.

228 1183 369 1240 Quum
386 1186 463 1230 illa
480 1185 660 1231 duorum
678 1185 803 1231 codd.
824 1185 956 1230 Dess.
979 1185 1210 1246 descriptio
1223 1218 1237 1247 9
1276 1201 1386 1246 quae
1413 1188 1579 1248 legitur
1605 1203 1676 1248 ap.
1695 1188 1782 1232 Ja-

226 1278 343 1322 nium
369 1277 408 1322 l.
436 1293 481 1338 p.
510 1277 737 1322 IX—XI.
766 1282 810 1323 et
828 1277 1007 1323 Mitsch.
1036 1277 1073 1322 Ι.
1103 1277 1254 1337 p.1X.
1276 1277 1367 1340 X„
1403 1293 1554 1339 parum
1580 1286 1784 1326 accurata

227 1371 283 1415 sit
307 1367 423 1431 (vid.
441 1368 600 1415 Lindn.
620 1369 653 1413 l.
672 1369 706 1412 l.
727 1383 771 1429 p.
794 1365 959 1430 225.)7
997 1370 1309 1415 accuratiorem
1332 1369 1403 1415 hic
1429 1371 1534 1431 ipsis
1555 1371 1649 1416 Viri
1670 1372 1782 1418 docti

225 1462 368 1507 verbis
396 1476 500 1507 usus
533 1462 845 1506 transscribere
870 1476 959 1507 non
996 1461 1200 1507 dubitavi.

357 1575 486 1638 „Die
513 1580 645 1620 erste
673 1575 967 1621 Dessauische
994 1574 1280 1623 Handschrift
1306 1574 1383 1620 des
1402 1574 1641 1639 Horatius,
1681 1579 1780 1624 die-

220 1670 341 1714 selbe
360 1701 375 1730 7
410 1667 583 1712 welche
605 1665 863 1712 Fabricius
882 1672 1011 1714 unter
1031 1668 1130 1713 dem
1146 1666 1315 1714 Namen
1336 1665 1494 1714 Codex
1513 1668 1778 1717 Anhaltinus

219 1760 417 1823 verglich
429 1792 444 1821 ⁷
471 1761 528 1804 ist
546 1761 589 1803 in
609 1759 729 1805 klein
746 1760 847 1804 Fol.
866 1759 953 1805 und
974 1759 1054 1806 auf
1067 1759 1334 1820 Pergamcnt
1351 1760 1651 1821 geschrieben.
1692 1760 1772 1809 Sic

219 1855 296 1900 hat
331 1867 429 1898 zum
467 1851 586 1897 'ritel
631 1840 748 1913 (der
781 1852 987 1913 iibrigens
1025 1866 1112 1898 von
1151 1853 1272 1897 einer
1306 1855 1482 1913 spatern
1517 1851 1648 1898 Hand
1686 1869 1774 1916 ge-

218 1945 443 1991 schrieben
479 1939 603 2004 ist):

307 2085 409 2126 liber
446 2084 592 2124 beatae
627 2085 783 2124 mariae
819 2084 993 2137 virginis
1031 2085 1247 2139 sanctique
1289 2084 1477 2139 Cipriani
1511 2087 1696 2141 episcopi

668 2182 712 2215 et
740 2175 938 2227 martyris
976 2174 1030 2214 In
1061 2174 1308 2230 Nigebarge

597 2285 980 2331 HoRA'rrus
1048 2284 1372 2331 FLAccns

371 2404 542 2445 Horatii
562 2405 692 2456 flacci
719 2404 888 2458 poetria
915 2404 1001 2444 sive
1029 2404 1260 2445 carminum
1288 2404 1384 2446 libri
1407 2410 1594 2459 quatuor·

690 2537 798 2584 Item
824 2538 1013 2584 humano
1041 2539 1169 2600 capiti
1192 2544 1274 2586 etc.

272 2653 386 2691 oratii
419 2651 531 2689 flacci
559 2650 822 2703 epistolarum
850 2650 944 2689 libri
974 2648 1068 2688 duo.

272 2721 388 2760 oratii
411 2721 523 2758 flacci
545 2721 664 2758 satire
689 2720 754 2758 vel
778 2731 1012 2758 sermonum
1029 2719 1123 2758 libri
1144 2718 1238 2758 duo.

272 2788 389 2826 oratii
416 2788 528 2826 flacci
558 2789 744 2826 Carmina
773 2787 854 2826 duo
879 2795 973 2840 post
998 2794 1187 2840 quartum
1213 2788 1437 2826 canninuin
1458 2788 1606 2826 librum

269 2857 445 2908 primum
464 2856 513 2894 de
532 2858 645 2910 poesi
668 2864 707 2895 et
725 2858 855 2910 poetis
878 2869 940 2895 sc:
969 2855 1151 2895 humano
1184 2844 1316 2908 capiti.
1374 2857 1455 2895 Ibis
1479 2857 1586 2895 Ebur

268 2927 331 2964 nis
364 2933 401 2963 et
426 2932 556 2963 cetera
581 2939 674 2964 cum
700 2926 859 2966 defectu
884 2939 1006 2981 quem
1033 2923 1155 2963 habet
1183 2925 1226 2963 in
1250 2925 1418 2978 papirio.
