2028 3268
470 240 555 282 296
626 241 999 282 COMMENTARII
1018 242 1072 280 IN
1092 239 1309 281 HORATII
1331 241 1428 282 LIB.
1444 244 1473 283 I.
1496 244 1661 284 EPIST.
1675 245 1827 286 SEXT.
1933 248 1985 290 28

471 366 696 415 sempiterno
730 377 774 402 ac
811 368 991 401 nocturno
1019 369 1120 403 metu
1148 363 1351 402 liberarint.
1411 366 1491 403 Sat.
1529 369 1576 416 1,
1606 367 1656 417 5,
1693 366 1785 408 101.
1830 366 1983 406 Lucret.

468 430 509 480 5,
535 432 642 472 1205
664 444 748 480 sqq.
809 431 890 467 Cic.
907 430 1024 468 Tusc.
1050 432 1088 479 1,
1111 432 1179 480 21,
1199 428 1266 470 48.
1327 430 1387 467 Cf.
1418 432 1533 470 Giese
1563 434 1611 472 ad
1637 434 1715 471 Cic.
1746 435 1793 472 de
1818 433 1981 471 Divinat-

468 500 494 538 2
508 524 521 546 ,
558 498 609 537 18
622 524 634 546 ,
655 495 722 537 42.
758 498 811 538 72
825 523 837 546 ,
871 494 963 538 149.
1010 495 1069 534 Ad
1089 510 1182 547 quos
1202 510 1323 547 prope
1342 499 1524 537 accedunt
1541 499 1766 550 Rappoltus
1779 499 1836 551 (p.
1854 498 1984 549 587.),

467 564 529 612 qui
551 561 810 612 formidinem
837 562 1011 612 intelligit
1042 564 1258 614 religionem
1292 563 1350 600 vel
1377 566 1533 603 numinis
1565 571 1723 616 metum,
1752 567 1984 611 Juveneius,

467 630 529 678 qui
558 629 770 677 religiosam
801 631 1096 680 venerationem,
1125 630 1352 667 Schmidias
1362 657 1378 675 ,
1408 633 1467 681 qui
1495 631 1687 670 horrorem
1715 633 1898 682 quendam
1915 645 1984 669 nu-

464 696 572 732 minis
601 695 679 732 sive
703 700 905 746 terrorem,
939 702 980 734 ut
1007 697 1088 734 Val.
1120 697 1178 735 Fl.
1214 700 1261 746 2,
1291 695 1386 736 433.
1446 697 1568 737 Tacit.
1601 699 1730 736 Germ.
1750 695 1837 748 40„
1867 699 1984 748 signi-

464 760 615 798 ficatum
651 763 791 801 vident.
849 763 1099 801 Frisclzlinzis
1134 769 1259 802 autem
1305 768 1343 801 et
1371 762 1579 810 Lubinus‚
1619 764 1885 816 paraphrastae
1913 765 1983 814 illi,

462 839 541 864 non
568 832 643 866 tam
676 829 905 880 „physic0s,
943 832 1005 881 qui
1033 832 1190 870 detectis
1219 843 1342 868 rerum
1369 830 1587 868 naturalium
1615 832 1735 870 causis
1753 832 1984 871 formidinem

464 894 678 945 depellant,
712 909 822 946 quam
852 898 951 934 viros
985 899 1126 948 sortes,
1162 897 1414 948 magnanimos
1439 901 1478 935 et
1503 897 1693 948 excelsos,
1729 911 1884 950 quorum
1902 900 1983 949 qui-

463 960 548 999 dem
579 963 756 1001 fortitudo
783 965 1010 1002 conscientia
1037 969 1140 1002 recte
1162 966 1347 1003 factorum
1365 965 1524 1015 nitatur,
1553 969 1594 1003 ut
1610 966 1684 1003 od.
1702 966 1752 1016 3,
1771 966 1822 1016 3,
1845 966 1952 1006 1-8
1970 979 1982 1012 ;

460 1026 523 1063 alii
558 1026 806 1076 Pyrrhonicos
842 1032 919 1068 sive
953 1034 1163 1083 scepticos,
1197 1033 1262 1082 qui
1298 1037 1494 1082 „propter
1526 1033 1603 1070 veri
1636 1032 1794 1083 falsique
1829 1033 1984 1070 confusa

461 1094 570 1143 signa
597 1099 638 1132 ut
664 1095 752 1132 nihil
777 1098 954 1136 definiant
979 1100 1288 1149 pronuntientve,
1317 1099 1368 1135 ita
1399 1098 1447 1135 ad
1475 1098 1611 1136 nullam
1636 1112 1716 1136 rem
1747 1112 1816 1136 nos
1850 1098 1980 1136 obstu-

460 1160 591 1211 pefieri
624 1161 787 1210 velint“;
816 1164 877 1202 alii
909 1166 1029 1215 ipsam
1066 1165 1359 1214 multitudinem,
1389 1177 1525 1214 „quae
1555 1165 1732 1204 coelestia
1762 1165 1824 1202 illa
1851 1177 1981 1215 parum

462 1231 566 1266 curet
593 1232 655 1265 aut
683 1230 839 1267 naturali
868 1234 1029 1281 quodam
1060 1237 1212 1282 torpore
1242 1235 1280 1268 et
1314 1231 1492 1280 languore
1516 1233 1693 1283 impedita
1717 1236 1779 1270 aut
1810 1232 1982 1269 diuturna

459 1296 679 1333 asuetudine
713 1296 894 1348 decepta,
943 1300 996 1337 ita
1039 1303 1080 1336 ut
1113 1299 1336 1336 ordinarium
1369 1302 1523 1336 naturae
1558 1299 1792 1348 siderumque
1835 1310 1980 1334 cursum

459 1363 518 1399 vix
552 1363 862 1414 contemplatione
892 1378 958 1402 sua
992 1364 1210 1416 dignetur.“
1267 1363 1348 1400 Cic.
1378 1365 1430 1403 N.
1458 1363 1508 1403 D.
1535 1367 1584 1414 2,
1614 1364 1692 1414 38,
1724 1365 1792 1404 96.
1825 1363 1977 1402 Lucret.

460 1432 483 1470 2
497 1455 509 1477 ,
542 1429 648 1470 1038
678 1443 736 1480 sq.
796 1430 906 1469 Auct.
928 1433 976 1469 ad
994 1433 1160 1472 Herenn.
1182 1431 1231 1479 3,
1264 1432 1315 1472 22
1330 1457 1343 1479 ,
1379 1430 1447 1469 36.
1506 1430 1550 1467 In
1567 1435 1743 1481 promptu
1762 1435 1885 1477 autem
1905 1434 1978 1479 est,

457 1496 562 1542 illos,
592 1496 669 1534 sive
698 1498 907 1549 philosophi
935 1501 1010 1539 sint
1038 1502 1117 1538 sive
1142 1499 1291 1536 omnino
1319 1497 1485 1534 homines
1518 1497 1652 1534 eruditi
1688 1502 1726 1536 et
1754 1509 1879 1534 rerum
1910 1509 1978 1534 na-

457 1563 627 1602 turalium
654 1565 807 1602 scientia
834 1566 960 1616 politi,
1003 1572 1044 1605 ut
1071 1568 1290 1614 laudentur,
1319 1577 1395 1601 non
1424 1569 1465 1602 ut
1493 1568 1668 1614 tanquam
1694 1563 1793 1602 athei
1833 1563 1977 1613 vitupe-

457 1635 585 1667 rentur
616 1630 674 1681 (ut
708 1632 905 1681 opinantur
932 1633 1044 1671 Torr.
1059 1662 1072 1684 ,
1101 1635 1236 1682 Baxt.,
1266 1633 1427 1680 samad„
1457 1631 1557 1683 alii),
1597 1631 1656 1668 hie
1686 1630 1975 1678 commemorari,

457 1698 543 1745 quia
570 1697 731 1746 quisine
763 1699 959 1737 formidine
988 1701 1165 1737 coelestia
1195 1701 1367 1748 spectant
1395 1699 1499 1748 quasi
1527 1699 1571 1734 iis
1600 1696 1807 1746 exemplum
1834 1708 1975 1745 propo-

454 1766 612 1810 nuntur,
642 1764 704 1813 qui
727 1776 788 1800 res
818 1765 993 1803 humanas
1023 1767 1262 1803 admirantur.
1291 1764 1432 1801 Dubito
1461 1767 1606 1812 autem,
1634 1774 1722 1799 num
1747 1765 1850 1799 recte
1866 1762 1975 1797 Doe—

454 1829 646 1866 det-linias
679 1830 794 1868 verbo
820 1830 1057 1881 firmidinis
1082 1832 1201 1884 (quod
1237 1832 1424 1868 verissime
1457 1832 1720 1879 interpretatus
1748 1831 1807 1864 est
1838 1828 1876 1865 in
1902 1827 1974 1877 Sy-

453 1909 543 1934 non.
574 1897 618 1933 11.
651 1911 690 1947 p.
724 1896 817 1938 199.
849 1899 897 1934 cf.
927 1897 1048 1935 Drak.
1079 1900 1127 1935 ad
1143 1897 1210 1934 Sil.
1244 1899 1293 1945 1,
1319 1898 1386 1938 82.
1444 1897 1600 1946 Rupert.
1626 1895 1686 1932 ad.
1719 1893 1815 1931 Tac.
1843 1894 1971 1931 Germ.

453 1962 531 2012 39,
570 1961 629 2013 4.)
676 1963 747 2000 vim
791 1964 895 2001 verbi
926 1991 955 2014 „
969 1960 1152 2016 θάμβος,
1184 1963 1390 2002 staunende
1416 1961 1754 2010 Bewunderung“,
1789 1960 1973 2010 tribuerit,

455 2042 567 2079 quum
598 2030 862 2067 sententiarum
895 2032 1064 2068 ordinem
1095 2042 1266 2067 versuum
1294 2030 1403 2069 3—8
1431 2030 1483 2066 sic
1517 2029 1779 2066 constitueret:
1818 2054 1846 2078 9,
1859 2028 1974 2066 Giebt

455 2110 496 2135 es
522 2097 619 2134 doch
644 2102 877 2147 sogenannte
904 2098 1033 2136 starke
1064 2098 1237 2146 Geister,
1273 2098 1333 2134 fiir
1359 2097 1417 2134 die
1442 2096 1562 2134 selbst
1597 2096 1656 2132 die
1689 2107 1822 2145 grosse
1849 2095 1972 2133 Natur

453 2166 489 2201 in
513 2165 611 2202 ihrer
634 2164 884 2204 Herrlichkeit
914 2164 1003 2202 kein
1025 2163 1193 2203 Wunder
1220 2166 1289 2202 ist!
1322 2163 1456 2213 [Wenn
1477 2175 1562 2201 man
1589 2163 1691 2199 diese
1715 2161 1971 2200 Athaumastie

454 2232 513 2268 fiir
551 2231 822 2281 Seelengrt'isse
863 2245 910 2269 zu
946 2231 1073 2270 halten
1110 2232 1263 2282 geneigt
1299 2230 1374 2280 ist].
1431 2229 1514 2267 Wie
1548 2227 1722 2266 kleinlieh
1753 2229 1889 2267 sollten
1921 2230 1971 2267 da

453 2298 558 2348 billig
585 2298 754 2336 vollends
781 2300 840 2336 die
867 2299 1055 2336 irdischen
1083 2299 1203 2336 Giiter
1232 2298 1425 2336 scheinen!
1452 2301 1524 2334 etc.
1562 2295 1726 2333 Similem
1749 2297 1970 2334 sententiam

452 2371 716 2418 expresserunt
752 2367 891 2403 Minos
901 2393 919 2411 ,
961 2365 1200 2403 Sanadonzis
1212 2393 1228 2410 ,
1257 2363 1505 2414 Doriglzello.
1561 2362 1612 2400 At
1641 2361 1839 2400 verborum
1875 2363 1969 2399 ratio

561 2432 606 2471 V.
637 2433 787 2474 5—11.
846 2433 946 2483 qaid
972 2446 1101 2470 censes
1121 2454 1175 2461 --
1198 2438 1407 2482 utrumque
1435 2442 1517 2467 cum
1543 2428 1848 2467 antecedentibus
1878 2442 1970 2466 con-

450 2513 546 2539 nexa
574 2501 666 2538 haec
694 2504 770 2538 est:
807 2501 860 2537 Ut
890 2500 1053 2551 quidam
1081 2499 1300 2550 spectandis
1337 2495 1564 2533 coelestibus
1592 2509 1670 2533 non
1693 2494 1966 2546 percelluntur

452 2574 557 2604 metu
570 2595 585 2613 ,
623 2568 681 2604 ita
718 2581 766 2604 ne
804 2568 999 2604 terrestria
1032 2567 1188 2618 quidem
1230 2579 1300 2603 nos
1339 2577 1489 2601 movere
1528 2561 1677 2600 debent.
1747 2560 1966 2612 [Quemad—

450 2635 611 2671 modum
637 2642 770 2672 autem
798 2636 842 2672 in
867 2635 950 2672 illis
975 2635 1168 2685 imprimis
1195 2640 1251 2670 esi
1281 2644 1410 2669 rerum
1426 2631 1668 2682 fiitzcrarum
1687 2629 1879 2681 formido,
1908 2629 1967 2664 ita

450 2701 493 2736 in
520 2700 582 2737 his
608 2715 738 2739 rerum
763 2703 1032 2753 praesentium
1066 2700 1235 2751 cupida]
1290 2699 1369 2748 Qui
1397 2698 1554 2750 quidem
1583 2697 1686 2735 bona
1716 2709 1817 2750 qaae
1843 2695 1964 2747 vulgo

449 2767 644 2805 hahentur
679 2783 757 2806 non
793 2771 945 2820 appetit
979 2769 1044 2807 vel
1083 2781 1123 2805 se
1155 2773 1335 2817 appetere
1361 2773 1482 2816 negat
1492 2794 1509 2812 ,
1545 2772 1590 2802 at
1607 2765 1723 2817 sugit
1747 2763 1964 2807 contraria,

447 2834 482 2870 is
520 2835 649 2871 eodem
673 2837 767 2886 sere
801 2838 982 2889 afficitur
1018 2835 1143 2874 modo.
1202 2834 1359 2870 Etenim
1390 2835 1450 2870 uti
1486 2831 1684 2883 cupiditas
1694 2859 1710 2877 ,
1742 2832 1800 2867 ita
1838 2836 1963 2868 metus

448 2913 494 2937 ex
527 2903 660 2939 animo
694 2903 938 2953 admirante,
973 2906 999 2943 i.
1039 2917 1070 2943 e.
1103 2900 1362 2954 perturbato,
1401 2899 1676 2952 proficiscitur.
1741 2898 1961 2948 Utrumque
