2028 3268
394 227 477 269 314
532 228 902 268 COMMENTARII
928 229 986 267 IN
1015 227 1238 268 HORATII
1264 227 1362 267 LIB.
1383 230 1414 268 I.
1433 230 1595 270 EPIST.
1615 231 1765 270 SEXT.
1849 231 1903 274 42

393 352 461 393 καὶ
488 356 572 400 τοῖς
599 353 817 405 παρεοῦσιν
847 346 1063 402 οἷρκὲεσθαι
1089 351 1171 390 τῶν
1204 347 1260 402 μη“
1293 350 1538 402 ζηλουμένων
1565 352 1633 393 καὶ
1660 351 1908 406 θαυμαζομέ-

394 435 478 460 νων
505 416 640 472 ὀλίγην
668 413 831 468 μνήμην
859 415 994 467 ἔχοντα
1025 421 1097 454 etc.
1155 416 1215 454 Ad
1250 419 1473 457 sententiam
1506 419 1595 457 facit
1621 422 1732 459 etiam
1762 421 1910 459 Seneca

395 488 442 525 de
472 487 615 534 Tranq.
644 486 684 524 7.
745 487 840 522 Non
869 490 905 519 te
926 484 1069 534 pudet,
1099 485 1276 535 quisquis
1300 484 1449 521 divitiis
1475 485 1687 536 adstupes?

505 552 550 589 V.
579 549 633 591 24
665 571 713 577 —
745 552 812 591 27.
883 551 1085 602 Quicquid
1111 573 1162 579 —
1193 551 1346 590 Ancus.
1415 551 1689 592 Sententiarum
1727 554 1907 603 ordinem,

394 620 442 657 de
480 631 555 667 qno
593 620 791 668 tantopere
830 618 1024 668 ambigunt
1063 620 1309 670 interpretes,
1361 618 1536 668 equidem
1574 624 1700 658 statuo
1744 620 1907 658 huncce:

391 685 524 735 „Quid
553 683 693 720 moliris
722 685 852 722 tanta?
886 687 1059 723 fortunae
1088 686 1185 722 enim
1213 685 1395 723 bonorum
1422 690 1465 723 ut
1489 686 1654 735 initium,
1680 686 1734 724 sic
1757 685 1843 724 finis
1869 690 1908 723 et

391 752 471 800 tibi,
502 763 614 801 quam
642 752 692 788 sis
722 753 941 802 conspicuus
963 752 1021 789 vel
1048 755 1269 791 auctoritate
1290 753 1348 790 vel
1374 753 1522 802 divitiis,
1551 752 1784 790 moriendum
1805 750 1910 789 est.“

391 818 557 856 Similem
583 819 807 856 sententiam
824 817 918 856 Hor.
947 821 1186 870 persequitur
1214 822 1252 858 in
1279 820 1401 870 lyricis
1422 819 1497 857 Od.
1520 822 1560 869 2,
1592 821 1659 868 18,
1686 820 1739 859 16
1754 839 1806 846 —-
1822 819 1907 867 32„

391 886 579 923 consentit
614 886 653 922 in
691 886 824 923 eadem
851 887 931 923 fere
959 899 999 924 re
1028 887 1173 925 Seneca
1199 888 1238 924 in
1260 887 1382 938 Epist.
1415 887 1530 928 110.:
1584 885 1692 936 Quid
1717 884 1908 922 miraris?

393 952 494 1003 quid
517 948 680 1001 stupes?
710 954 867 1002 Pompa
893 960 963 991 est.
1029 953 1298 991 Ostenduntur
1325 956 1422 991 istae
1447 967 1525 999 res,
1553 966 1632 990 non
1655 952 1906 1003 possidentur

391 1027 441 1068 et,
466 1019 560 1056 dum
582 1019 759 1069 placent,
788 1026 1004 1058 transeunt.
1047 1021 1108 1057 Cf.
1129 1021 1181 1058 id.
1209 1022 1247 1058 in
1276 1021 1470 1059 consolat.
1500 1021 1549 1058 ad
1573 1019 1705 1070 Polyb.
1737 1020 1804 1061 28.
1845 1017 1907 1055 Ad

388 1086 428 1123 id
456 1091 581 1124 autem
607 1085 843 1136 probandum
871 1086 991 1125 Poeta
1017 1088 1056 1124 in
1084 1087 1230 1125 verbis:
1271 1087 1474 1139 Quicquid
1498 1111 1554 1117 —
1579 1087 1763 1132 nitentia,
1792 1087 1907 1124 utitur

386 1151 474 1191 loco
503 1154 667 1202 quodam
697 1155 881 1191 communi
910 1158 949 1191 et
974 1165 997 1190 a
1024 1156 1148 1206 poetis
1183 1155 1339 1192 Graecis
1365 1156 1467 1192 varie
1494 1156 1747 1204 frequentato.
1802 1152 1904 1190 Lau-

389 1220 456 1258 dat
493 1221 690 1271 Cruquius
723 1221 814 1258 illud
841 1222 1102 1271 Xenophanis.
1149 1218 1216 1261 Ἐκ
1243 1228 1317 1275 γῆς
1344 1220 1419 1274 γοῖρ
1449 1219 1543 1261 ταδε
1570 1218 1724 1266 πάντα,
1773 1218 1840 1259 καὶ
1867 1219 1907 1266 ἐς

388 1303 466 1340 γην
494 1285 623 1327 πάντα
649 1291 819 1343 τελευτᾷ,
846 1288 999 1326 laudant
1027 1291 1214 1327 Muretus
1242 1295 1281 1328 et
1302 1288 1525 1325 Lambinus
1545 1287 1662 1338 Soph.
1683 1285 1786 1338 Ajac.
1809 1285 1904 1326 646.

377 1350 557 1396 (Awavvff'
587 1371 608 1395 ο
637 1353 788 1407 μακρός
810 1351 1108 1408 καναρίθμητος
1134 1352 1276 1409 χρόνος
1301 1351 1403 1395 Φύει
1429 1351 1461 1394 τ’
1489 1351 1615 1405 ἄδηλα
1640 1353 1708 1394 καὶ
1729 1351 1906 1404 φανέντα

389 1418 602 1472 κρύπτεται
629 1422 779 1473 (eadem
807 1424 993 1461 sententia
1020 1424 1158 1474 legitur
1185 1436 1247 1474 ap.
1276 1422 1383 1461 Stob.
1411 1423 1448 1459 in
1475 1421 1557 1460 Ecl.
1591 1423 1637 1471 1,
1677 1421 1726 1470 7,
1767 1420 1834 1468 23.
1862 1433 1903 1470 p-

390 1487 484 1531 234.
510 1490 660 1540 Heer.),
691 1491 794 1527 addit
825 1490 996 1527 Orellius
1024 1490 1078 1528 M.
1109 1489 1286 1528 Antonin.
1318 1490 1367 1540 9,
1398 1490 1465 1530 28.
1495 1484 1619 1528 ταύτά
1647 1486 1727 1527 ἐστι
1757 1501 1804 1525 τα
1831 1488 1904 1524 τοῦ

386 1553 541 1606 κόσμου
567 1554 765 1608 ἐγκύκλια,
795 1553 879 1595 ἅνω
908 1553 1027 1605 κάτω,
1055 1556 1095 1605 ἐξ
1121 1557 1269 1603 αἰῶνος
1296 1557 1351 1604 εἷς
1373 1556 1513 1595 αἶαῖνα.
1531 1577 1588 1584 —
1605 1575 1662 1583 —
1678 1550 1782 1604 ’Ήδη
1795 1549 1903 1592 ποίν-

386 1637 456 1669 τας
487 1621 594 1673 ’ἡμᾶς
621 1626 674 1675 γῆ
700 1622 896 1674 καλύψει·
929 1623 1061 1664 ἔπειτα
1088 1622 1157 1663 καὶ
1185 1619 1288 1674 αὗτή
1316 1624 1531 1674 μεταβαλεῖ.
1587 1620 1728 1658 Similia
1752 1619 1902 1670 collegit

392 1689 546 1726 Cortius
577 1690 626 1726 ad
654 1690 744 1727 Sall.
775 1691 862 1729 Cat.
896 1693 942 1740 1,
987 1688 1026 1728 4.
1057 1695 1096 1728 et
1119 1691 1169 1726 ad
1196 1689 1281 1739 Jug.
1310 1693 1362 1738 2,
1407 1690 1448 1728 3.
1477 1690 1641 1737 itemque
1674 1686 1901 1723 Schmidius

385 1757 434 1793 ad
462 1757 498 1794 h.
529 1757 555 1794 l.
611 1756 671 1794 De
698 1757 872 1807 singulis,
921 1762 963 1794 ut
999 1758 1046 1794 de
1084 1756 1242 1794 formula
1278 1755 1351 1792 sub
1381 1762 1484 1792 terra
1520 1755 1690 1792 dixerunt
1717 1754 1831 1791 Torr.
1862 1758 1900 1791 et

385 1823 573 1873 Gesner.,
621 1826 669 1861 de
697 1838 778 1862 voc.
806 1825 1008 1874 proferet,
1054 1823 1092 1860 in
1122 1835 1196 1871 quo
1233 1823 1332 1861 inest
1359 1823 1542 1872 quaedam
1578 1822 1682 1859 notio
1708 1821 1898 1870 novitatis,

382 1890 551 1928 Broukh.
583 1892 631 1928 ad
660 1891 748 1928 Tib.
781 1893 826 1940 1,
873 1892 948 1939 11,
999 1890 1036 1929 1.
1094 1889 1191 1926 Mire
1218 1890 1391 1927 Jaeckius
1420 1902 1502 1926 voc.
1532 1890 1699 1925 nitentia
1725 1888 1899 1938 intelligit

383 1970 483 1995 vasa.
509 1979 557 1986 --
578 1958 622 1995 V.
648 1958 714 1999 25.
735 1957 900 2008 intellige
926 1955 1019 1993 bene
1039 1962 1174 1992 notum
1196 1968 1272 1992 non
1291 1962 1368 1994 tam
1388 1955 1575 1992 hominem
1601 1954 1793 2004 „obscuro
1814 1955 1897 1992 loco

382 2038 458 2062 non
486 2025 659 2074 natum,“
688 2030 729 2062 ut
756 2025 1050 2074 interpretantur
1075 2021 1201 2059 Schol.
1225 2022 1339 2072 Cruq.
1367 2023 1416 2059 ad
1439 2022 1477 2059 h.
1506 2022 1532 2059 l.
1563 2027 1602 2059 et
1623 2021 1821 2060 Heindorf.
1849 2022 1898 2058 ad

380 2093 461 2130 Sat.
494 2094 534 2141 1,
565 2095 604 2141 2,
632 2092 717 2140 32.,
747 2104 859 2141 quam
888 2104 986 2140 eum,
1017 2091 1079 2139 qui
1106 2090 1199 2127 locis
1226 2089 1296 2126 illis
1327 2102 1440 2139 saepe
1472 2102 1514 2127 se
1545 2089 1717 2139 praebuit
1746 2089 1896 2138 conspi—

381 2160 566 2208 ciendum,
595 2163 638 2196 ut
665 2158 836 2196 omnibus
858 2159 936 2196 fere
963 2159 1086 2195 factus
1115 2157 1164 2194 sit
1195 2161 1320 2206 notus,
1350 2157 1537 2194 hominem
1564 2155 1624 2192 vel
1648 2157 1812 2205 divitem,
1837 2155 1897 2192 vel

379 2226 544 2263 lautioris
573 2226 672 2262 vitae
704 2225 908 2273 cultorem,
956 2224 1016 2261 vel
1057 2226 1277 2262 auctoritate
1305 2226 1498 2274 gratiaque
1527 2224 1780 2273 conspicuum.
1835 2222 1896 2259 Ita

377 2293 511 2329 Senec.
529 2291 685 2329 Consol.
703 2293 750 2328 ad
764 2290 896 2341 Polyb.
915 2290 980 2332 29.
1018 2291 1201 2340 Quotidie
1207 2297 1368 2341 praeter
1394 2290 1526 2327 oculos
1553 2294 1758 2326 transeunt
1783 2294 1895 2324 noto-

377 2371 468 2395 rum
495 2359 793 2409 ignotorumque
809 2357 976 2408 funera.
1005 2380 1061 2386 —-
1089 2357 1134 2395 V.
1163 2359 1228 2399 26.
1271 2358 1393 2402 Quam
1419 2357 1556 2394 fuerint
1581 2355 1742 2393 Romani
1765 2366 1893 2392 aman-

376 2431 435 2463 tes
466 2426 700 2475 studiosique
726 2425 957 2475 porticuum,
1003 2425 1078 2462 vid.
1108 2425 1156 2462 ad
1187 2426 1233 2473 1,
1277 2426 1324 2471 1,
1368 2425 1436 2462 71.
1467 2427 1506 2460 et
1531 2419 1668 2459 Loers.
1698 2421 1746 2458 ad
1776 2422 1890 2459 Ovid.

377 2491 412 2528 T
415 2493 497 2530 rist.
533 2495 579 2542 2,
626 2491 720 2534 285.
779 2490 962 2527 Porticus
996 2490 1207 2540 Agrippae
1241 2489 1456 2538 intelligitur
1493 2487 1552 2525 vel
1590 2487 1747 2525 Panthei
1784 2499 1808 2524 a
1834 2488 1889 2525 M.

375 2558 551 2607 Vipsanio
579 2557 749 2608 Agrippa
777 2559 918 2607 ingenti
944 2562 1092 2607 sumptu
1124 2569 1159 2594 a.
1189 2557 1286 2599 727.
1316 2561 1504 2593 exstructa
1533 2560 1571 2593 et
1599 2553 1694 2597 729.
1721 2555 1892 2592 dedicata

374 2625 598 2675 publicoque
637 2625 719 2662 usui
758 2625 942 2674 permissa
976 2624 1068 2675 (vid.
1107 2624 1248 2662 Sachse
1284 2622 1464 2671 „Gesch.
1503 2622 1580 2659 und
1609 2620 1890 2671 Beschreibung

375 2692 442 2727 der
470 2691 534 2728 alt.
565 2691 709 2730 Rom.“
734 2691 781 2729 ΙΙ.
811 2706 849 2741 p.
877 2692 943 2731 83.
974 2691 1020 2728 C.
1040 2690 1195 2727 Passov.
1223 2686 1382 2730 N.244.
1415 2694 1454 2726 et
1482 2690 1531 2726 cf.
1559 2688 1775 2726 Frandsen:
1802 2687 1887 2737 ,,Μ.

374 2757 569 2806 Vipsanius
598 2756 813 2807 Agrippa.“
869 2756 995 2795 Alton.
1029 2757 1148 2798 1836.
1178 2770 1216 2806 p.
1236 2755 1347 2806 163.)
1377 2755 1433 2792 vel
1462 2756 1630 2806 Neptuni
1659 2757 1737 2793 sive
1762 2754 1886 2804 Argo-

372 2828 564 2861 nautarum
592 2825 725 2861 eodem
751 2837 848 2862 anno
873 2825 920 2862 ab
950 2823 1116 2874 Agrippa
1143 2823 1305 2860 condita.
1361 2822 1470 2860 Hanc
1497 2822 1534 2859 h.
1555 2822 1579 2859 l.
1609 2821 1886 2871 intelligendam

372 2901 457 2927 esse
485 2893 573 2940 post
598 2890 833 2928 Il‘Iassonum
856 2892 893 2929 in
921 2891 994 2929 Vit.
1023 2891 1116 2930 Hor.
1146 2903 1184 2941 p.
1212 2890 1305 2932 213.
1333 2894 1371 2926 et
1395 2887 1549 2925 Penzel.
1576 2889 1624 2926 ad
1641 2887 1754 2926 Dion.
1773 2887 1882 2924 Cass.

1978 0 2028 241 l
