2028 3268
433 256 515 298 392
593 257 963 298 COMMENTARII
979 257 1038 297 IN
1054 256 1276 298 HoRATu
1294 257 1434 298 LIB.1.
1454 259 1616 300 EPIsT.
1632 243 1795 301 SEPTJ
1852 263 1932 308 120

432 381 463 420 Ι.
486 394 524 432 p.
549 380 643 423 225.
684 403 739 409 —
779 392 921 418 arvum
947 379 1174 430 coelumque
1205 378 1399 417 Sabinum
1420 386 1494 421 etc.
1549 382 1592 420 In
1620 382 1689 421 hac
1715 384 1824 422 laude
1846 384 1935 423 nihil

431 448 531 486 aliud
566 450 637 485 nisi
675 448 808 484 festiva
843 447 1046 497 descriptio
1084 447 1380 496 consuetudinis,
1431 461 1504 498 qua
1535 448 1700 487 homines
1736 449 1935 501 populares

431 515 574 552 urbium
601 513 792 550 moenibus
820 513 950 550 inclusi
987 513 1206 563 simulatque
1233 515 1411 563 angustiis
1446 516 1589 567 egressi
1623 515 1788 554 locorum
1823 529 1935 567 pere-

432 583 538 632 grina
563 581 709 628 vident,
758 580 934 618 mirantur
959 580 1131 630 omnique
1157 581 1270 618 modo
1296 581 1522 631 praedicant.
1579 582 1714 632 Neque
1741 595 1830 621 vero
1854 584 1936 621 sine

426 649 528 697 justa
561 659 672 684 causa
708 646 868 686 laudavit
902 647 1020 684 bonus
1050 647 1173 685 Mena.
1230 647 1369 684 Sabina
1397 648 1493 685 enim
1526 650 1626 685 terra
1663 649 1936 698 amoenissima,

430 726 556 751 arvum
586 715 618 750 si
646 726 721 750 non
748 714 885 763 ubique
917 714 1161 763 uberrimum,
1202 717 1242 751 at
1269 713 1424 763 laetum,
1469 715 1612 753 coelum
1637 715 1872 764 purissimum
1898 718 1939 754 et

429 781 593 818 violaceo
625 781 749 818 colore
777 782 856 818 fere
887 781 1113 818 distinctum.
1170 779 1254 818 Vid.
1291 781 1399 820 Guil.
1433 781 1704 832 Waiblingeri
1738 807 1767 831 „
1777 781 1939 819 Wande-

428 860 573 896 rungen
599 848 657 884 ins
679 847 957 885 Sabinerland“
981 848 1021 884 in
1048 847 1305 897 „Wegweiser
1328 850 1378 886 im
1405 849 1563 886 Gebiete
1591 849 1632 886 d.
1651 848 1703 885 K.
1723 861 1760 885 u.
1780 847 1844 885 W.
1874 859 1940 886 zur

428 911 753 963 Abendzeitung“
797 916 918 957 1827.
945 915 996 953 N.
1020 914 1087 954 59.
1113 915 1180 955 62.
1211 911 1264 954 64
1286 927 1370 963 sqq.
1402 919 1440 952 et
1469 916 1567 952 conf.
1608 942 1636 965 „
1648 914 1813 964 Zeitung
1839 915 1867 952 f.
1897 915 1936 954 d.

429 978 527 1029 eleg.
557 979 688 1018 Welt“
719 983 840 1024 1828.
869 982 920 1020 Ν.
948 983 1042 1024 231.
1102 982 1341 1032 Quapropter
1366 993 1523 1030 vereor,
1557 986 1608 1020 ‘ut
1636 993 1681 1018 ex
1705 981 1804 1018 omni
1830 984 1939 1030 parte

428 1059 516 1084 vera
539 1048 588 1084 sit
619 1047 760 1084 Orellii
785 1050 1063 1100 interpretatio:
1091 1047 1213 1097 „Etsi
1239 1060 1414 1098 asperum
1441 1051 1520 1085 erat
1548 1047 1667 1085 solum
1694 1047 1938 1097 frigidiusque

429 1114 569 1151 caelum
600 1114 795 1164 Sabinum,
838 1119 963 1153 tamen
989 1115 1127 1153 homini
1153 1115 1212 1152 vix
1239 1126 1400 1163 unquam
1435 1119 1537 1152 extra
1560 1113 1674 1152 Urbis
1696 1127 1822 1152 muros
1849 1126 1940 1151 eva-

427 1182 508 1230 gari
535 1181 647 1219 solito
675 1183 955 1220 amoenissimus
983 1181 1177 1219 videbatur
1203 1181 1391 1218 tractus.“
1435 1180 1646 1218 Merkelius
1674 1194 1822 1232 quoque
1851 1193 1938 1223 coe—
1989 1211 1991 1214 Α

428 1247 514 1284 lum
536 1260 648 1285 sensu
671 1248 802 1287 latiore
830 1251 1116 1300 interpretatur:
1147 1247 1293 1298 „preist
1320 1247 1398 1285 laut
1425 1259 1466 1284 er
1495 1248 1562 1284 das
1585 1247 1748 1285 Clima.“

538 1314 583 1351 V.
610 1317 678 1355 78.
710 1316 779 1355 79.
844 1315 962 1354 Videt
989 1336 1045 1345 -—
1073 1315 1240 1366 quaerit.
1271 1313 1447 1364 ridetque
1474 1313 1584 1354 Phil,
1614 1313 1838 1363 „stultitiam
1854 1311 1939 1351 Me-

427 1392 512 1429 nae,
537 1382 602 1432 qui
626 1382 734 1420 dolos
756 1396 834 1421 non
859 1383 1033 1432 intelligit
1053 1383 1265 1432 gaudetque
1290 1393 1369 1418 rem
1391 1381 1544 1431 pulchre
1573 1380 1825 1432 procedere.“
1875 1379 1942 1418 Vi-

429 1449 580 1485 ctorius.
637 1450 777 1494 Quidni
812 1451 935 1488 riserit
972 1450 1020 1486 de
1057 1449 1205 1487 homine
1237 1449 1396 1499 simplici
1424 1461 1619 1498 rerumque
1642 1447 1814 1498 imperito
1830 1446 1850 1484 2
1887 1468 1943 1476 —

428 1515 524 1552 dam
548 1517 738 1566 requiem,
766 1517 863 1554 dum
889 1517 993 1553 risus
1021 1515 1118 1552 und.
1151 1516 1317 1566 quaerit.
1341 1516 1533 1565 Requiem
1559 1527 1669 1565 quum
1690 1505 1943 1564 intelligerent

427 1583 714 1631 „deversorium
746 1585 934 1633 quoddam
961 1596 1028 1621 seu
1054 1583 1190 1631 locum,
1218 1595 1292 1631 quo
1309 1581 1499 1631 Philippus
1526 1582 1596 1619 iter
1623 1583 1661 1618 in
1690 1593 1792 1618 suam
1815 1580 1940 1618 villam

427 1651 593 1688 facturus
620 1651 948 1700 interjungeret,“
976 1650 1159 1694 Baxter„
1189 1649 1328 1694 Gesn„
1362 1648 1569 1686 Weland.
1584 1676 1600 1694 ,
1628 1646 1822 1698 Haberf.‚
1850 1647 1942 1683 Ho-

429 1717 538 1756 ebed.
550 1744 563 1761 ‚
590 1716 664 1765 alii,
696 1717 790 1753 hanc
817 1718 1041 1754 sententiam
1067 1717 1242 1754 refutavit
1270 1716 1626 1761 Ilffitsclzerliclzim,
1653 1715 1716 1751 Vir
1743 1714 1791 1750 de
1817 1714 1943 1752 Hora-

428 1784 481 1821 tio
514 1784 652 1834 optime
679 1785 844 1832 meritus,
872 1784 911 1820 in
937 1783 1091 1821 Racem.
1119 1782 1258 1819 Venus.
1288 1781 1398 1818 Fasc.
1428 1782 1491 1819 ΙΙΙ.
1524 1795 1563 1833 p.
1587 1781 1628 1819 9.
1658 1780 1716 1818 his
1743 1782 1841 1818 inter
1869 1780 1943 1818 alia

427 1861 517 1887 usus
545 1849 689 1887 verbis:
717 1850 825 1899 „Sed
853 1850 946 1887 istas
970 1849 1234 1900 explicationes
1260 1860 1371 1899 quum
1393 1848 1507 1886 totius
1531 1847 1695 1885 contexti
1720 1848 1835 1898 ratio,
1862 1852 1941 1885 tum

429 1928 467 1955 v.
494 1917 625 1962 risus,
652 1929 812 1967 quocum
835 1917 1007 1967 requiem
1030 1922 1109 1954 arte
1139 1927 1343 1953 connexum
1369 1919 1446 1963 est,
1469 1914 1580 1965 plane
1602 1927 1780 1965 respuere
1808 1914 1939 1951 viden-

429 1987 503 2022 tur.
558 1983 764 2033 Philippus,
782 1984 901 2033 probe
920 1984 1108 2033 cognitum
1124 1982 1282 2031 habens,
1310 1980 1494 2018 Vulteium
1512 1981 1609 2017 vitae
1631 1981 1806 2029 rusticae,
1831 1992 1943 2031 quam

429 2062 528 2088 nunc
550 2053 748 2099 tantopere
771 2049 924 2088 extollat
947 2053 986 2086 et
1013 2052 1179 2100 expetat,
1203 2061 1305 2098 mox,
1333 2046 1396 2085 ubi
1422 2048 1672 2098 experimento
1698 2058 1780 2084 eam
1799 2059 1942 2097 cogno-

430 2118 568 2166 visset,
616 2122 830 2168 pertaesum
858 2115 1034 2153 urbanam
1061 2118 1366 2167 praeoptaturum
1391 2127 1499 2164 esse,
1547 2107 1655 2152 facile
1686 2113 1943 2164 praevidebat,

429 2184 618 2223 hominem
648 2197 693 2222 ex
721 2182 862 2221 urbano
889 2184 1066 2221 rusticum
1093 2182 1230 2220 factum
1260 2181 1403 2231 largam
1431 2182 1503 2231 ipsi
1526 2181 1672 2218 ridendi
1689 2180 1943 2231 praebiturum

432 2263 517 2288 esse
541 2251 756 2300 materiem,
785 2251 871 2288 ideo
897 2249 1147 2300 persuadebat
1171 2250 1227 2297 ei,
1252 2254 1294 2286 ut
1323 2248 1482 2298 agellum
1513 2252 1752 2286 mercaretur.
1809 2248 1942 2297 Itaque

431 2316 623 2367 Philippus
644 2318 786 2366 quaerit
806 2318 995 2367 requiem,
1022 2317 1059 2354 h.
1073 2330 1105 2357 e.
1124 2316 1402 2365 recreationem,
1432 2315 1733 2364 oblectationem,
1763 2319 1803 2352 et
1819 2315 1944 2358 risus,

431 2385 578 2421 ridendi
614 2385 827 2432 materiam,
876 2396 996 2433 neque
1031 2385 1226 2432 quicquam
1256 2383 1426 2433 amplius.
1484 2382 1658 2419 Similiter
1685 2381 1752 2419 Sil.
1781 2381 1867 2418 Ital.
1899 2381 1941 2430 3,

431 2447 527 2491 349.
553 2451 642 2499 ibiq.
664 2449 781 2488 Drak.
839 2450 956 2486 Haec
976 2452 1126 2500 requies
1155 2450 1349 2501 ludusque
1370 2449 1465 2486 viris
1476 2476 1492 2494 ,
1533 2461 1579 2485 ea
1602 2460 1717 2484 saera
1742 2446 1936 2496 voluptas.

435 2517 513 2554 Cic.
536 2517 622 2553 Cat.
651 2518 737 2566 maj.
774 2516 840 2565 15,
870 2517 936 2559 52.
998 2517 1153 2554 Satiari
1174 2517 1424 2554 delectatione
1452 2528 1531 2552 non
1547 2527 1734 2564 possum,
1759 2519 1805 2550 ut
1831 2525 1941 2550 meae

434 2584 638 2620 senectutis
665 2585 838 2634 requiem
867 2583 1267 2635 oblectamentumque
1284 2583 1463 2620 noscatis.
1511 2581 1647 2630 Neque
1666 2581 1793 2631 inepte
1810 2578 1940 2618 Mark-

432 2649 565 2687 landus
590 2650 783 2687 desidiam
810 2664 872 2702 ap.
902 2652 999 2689 Stat.
1028 2652 1066 2689 in
1100 2651 1191 2689 silv.
1222 2649 1272 2700 4,
1311 2651 1362 2698 6,
1401 2649 1468 2688 30.
1510 2661 1595 2686 cum
1621 2647 1828 2685 Horatiano
1857 2646 1942 2684 loco

436 2717 671 2768 comparat.“
727 2717 846 2756 Aliter
866 2718 981 2755 sentit
1007 2718 1189 2755 Hutlzius
1198 2742 1216 2762 ,
1243 2728 1353 2766 quem
1379 2715 1462 2752 vide
1486 2716 1524 2752 in
1553 2718 1716 2753 extremo
1745 2713 1884 2751 libello.

545 2783 590 2819 V.
617 2784 815 2825 80—83.
873 2785 987 2823 Dum
1020 2792 1163 2835 septem
1195 2803 1249 2812 --
1272 2782 1331 2830 fit
1360 2783 1543 2818 rusticus.
1601 2782 1675 2826 Qui
1706 2780 1943 2818 offenduntur

436 2850 596 2899 repetito
618 2850 738 2895 dum,
787 2853 886 2902 apud
914 2865 955 2890 se
988 2856 1162 2902 reputent
1189 2849 1367 2888 sermonis
1397 2849 1598 2898 quotidiani
1626 2847 1843 2886 brevitatem
1873 2845 1943 2883 hac

437 2916 584 2964 quidem
605 2917 810 2954 sententia:
835 2918 923 2966 „Eo
945 2919 1047 2968 quod
1073 2918 1206 2956 Menae
1235 2919 1350 2956 donat
1382 2917 1566 2955 dimidiam
1589 2916 1698 2967 pretii
1721 2917 1866 2966 partem
1893 2913 1943 2950 ad
