2028 3268
134 258 198 302 63
305 253 690 296 comfflN'rARn
708 253 768 295 IN
786 252 1011 296 HoRA'rn
1028 252 1536 296 L1B.1.E1>1s⁷r.s}3xr.
1618 254 1703 298 335

141 395 268 436 poena
295 381 395 421 civili
422 381 614 420 afficiendi
647 385 779 429 erant3
825 382 874 420 de
911 381 984 419 illis
1018 381 1173 433 Ulpian.
1206 379 1362 432 Fragm.
1401 383 1479 432 12,
1515 383 1556 425 2.
1614 383 1703 422 Lex

141 451 242 491 XII
259 449 494 488 tabularum
515 451 721 502 furiosum
749 450 920 501 itemque
943 449 1183 502 prodigum,
1209 452 1277 487 cui
1305 450 1418 488 bonis
1447 451 1704 490 interdictam

141 526 225 566 eet,
250 521 295 557 in
323 520 529 557 curatione
546 517 670 566 jubet
699 531 780 555 esse
808 526 1053 570 agnatorum
1060 534 1077 567 ,-
1109 521 1156 557 de
1188 519 1246 556 his
1278 519 1379 557 Gell.
1411 521 1460 570 2,
1493 517 1560 562 24.
1616 520 1703 558 Ma-

140 588 246 627 crob.
278 588 360 627 Sat.
397 590 449 637 2,
486 588 551 629 13.
587 591 624 625 et
660 588 722 637 qui
756 587 840 624 illas
880 587 988 638 leges
1028 592 1234 626 recensent
1274 588 1454 626 Creuzer.
1490 589 1528 626 in
1566 588 1702 628 Abriss

141 657 211 696 der
238 655 376 697 Roem.
404 654 536 706 Antiq.
565 655 597 703 §.
622 655 702 696 107
733 659 771 693 et
793 657 888 698 283.
908 655 1113 695 Weichert.
1142 656 1268 707 Reliq.
1287 655 1486 694 Poet.2lat.
1506 671 1544 708 p.
1564 657 1621 699 47
1642 672 1702 710 sq.

138 725 341 764 Onomast.
358 724 461 762 Tull.
483 723 551 762 III.
582 737 622 774 p.
647 723 730 765 273
762 737 848 775 sqq.
910 725 1090 764 Ceterum
1128 725 1238 763 caer.
1268 739 1359 762 cera
1385 729 1429 763 ut
1457 725 1542 763 Juv.
1573 729 1613 777 1,
1634 728 1702 768 63.

137 807 250 831 ceras
277 792 446 843 implere
475 805 666 843 capace-⁹,
713 793 762 829 ad
796 805 910 842 quem
938 793 1012 832 loc.
1042 794 1118 831 vid.
1147 793 1342 832 Heinrich.
1373 798 1412 832 et
1449 794 1499 832 ad
1541 791 1592 846 4,
1637 795 1703 836 19.

137 863 187 902 cf.
220 862 360 901 Heind.
392 863 443 900 ad
473 862 556 898 Sat.
587 862 628 909 2,
659 859 700 909 5,
733 859 801 902 53.
1610 857 1624 871 '

250 930 297 970 V.
325 931 394 971 63.
424 929 493 970 64.
523 928 737 979 remigium
759 949 819 958 —
836 928 1037 980 volupia-5².
1096 928 1140 966 In
1169 927 1225 966 his
1255 929 1368 980 Hor.,
1404 931 1468 981 qui
1501 931 1591 970 nihil
1619 944 1704 970 mo-

137 1000 226 1039 litur
260 1001 410 1051 inepte,
465 1010 533 1035 eos
569 996 752 1046 castigat,
805 997 867 1047 qui
902 997 990 1047 gula
1019 996 1134 1034 illecti
1163 1009 1225 1034 res
1255 997 1437 1036 honestas
1469 1004 1707 1052 postponunt

138 1068 305 1115 deliciis;
333 1068 374 1105 in
402 1078 515 1116 quam
546 1077 627 1102 rem
655 1070 940 1115 commemorat,
971 1070 1012 1104 ut
1042 1069 1147 1103 recte
1178 1066 1270 1104 vidit
1298 1066 1556 1115 Lambinus,
1584 1069 1705 1108 Ulixis

136 1137 280 1186 socios,
314 1136 377 1186 qui
403 1135 605 1186 proposito
632 1134 819 1184 naufragii
847 1133 1016 1184 periculo
1042 1133 1145 1171 solis
1176 1134 1295 1172 boves
1325 1140 1492 1174 mactare
1521 1150 1634 1187 quam
1666 1138 1707 1176 in

135 1205 299 1258 patriam
343 1204 484 1242 reverti
526 1201 761 1249 maluerunt3
813 1202 900 1250 hinc
940 1202 1122 1253 Epitheta
1162 1203 1376 1242 interdieta
1419 1209 1459 1243 et
1504 1207 1705 1244 vitiosum.

137 1273 252 1314 Hom.
289 1273 366 1311 od.
399 1273 468 1321 11,
506 1269 589 1311 104
620 1283 708 1320 sqq·
745 1271 812 1319 12,
845 1268 929 1310 345
960 1283 1046 1320 sqq.
1107 1269 1321 1321 Xylander
1347 1277 1472 1311 autem
1498 1273 1558 1311 hic
1587 1274 1707 1312 lotum

137 1345 327 1393 gustatam
358 1339 536 1389 intelligit
571 1338 645 1376 Od.
669 1337 711 1386 9,
739 1336 795 1378 94
817 1351 919 1388 sqq.,
954 1337 1204 1390 Doeringius
1226 1339 1524 1392 Porphyrionem
1552 1346 1706 1380 secutus

137 1409 258 1448 Ulixis
291 1409 498 1456 monitum,
557 1418 633 1456 quo
653 1399 716 1443 *ne
750 1407 844 1443 socii
885 1406 1017 1445 Circes
1055 1407 1202 1458 poculis
1242 1414 1281 1448 et
1316 1411 1492 1448 Sirenum
1534 1410 1706 1448 cantibus

138 1491 183 1517 se
211 1479 296 1530 capi
325 1479 561 1529 paterentur,
599 1474 784 1523 cavisset,
844 1487 957 1525 quam
985 1477 1338 1527 interpretationem
1367 1480 1557 1518 sententia
1588 1477 1706 1517 Lam-

139 1545 218 1584 bini
236 1545 452 1598 approbata
476 1545 562 1594 jure
591 1541 818 1593 improbavit
836 1543 907 1581 Fr.
931 1544 1090 1584 JacobS.
1109 1547 1148 1583 in
1168 1546 1336 1584 Seebod.
1357 1545 1560 1596 „Archiv“
1583 1546 1706 1589 1826.

139 1615 234 1654 fasc.
266 1616 306 1656 1.
337 1617 387 1656 2.
407 1626 447 1664 p.
483 1610 577 1652 155.
638 1611 751 1662 Quod
780 1611 1030 1650 Harduinus
1062 1614 1111 1651 de
1145 1613 1217 1652 hoc
1246 1614 1333 1652 loco
1366 1616 1567 1667 proposuit
1602 1627 1707 1652 com-

138 1686 307 1721 mentum
334 1685 440 1719 recte
468 1680 603 1730 rejecit
640 1678 901 1718 Sanadonus.
961 1679 1023 1720 De
1050 1682 1159 1719 simili
1187 1684 1470 1734 comparatione
1501 1684 1550 1721 cf.
1581 1681 1707 1734 Epist.

143 1751 184 1800 1,
215 1752 257 1799 2,
290 1751 359 1792 22.
419 1749 602 1787 Ceterum
629 1748 842 1799 remigium
874 1761 947 1799 pro
986 1751 1179 1800 remiges,
1210 1753 1313 1802 cujus
1354 1752 1408 1788 rei
1444 1751 1617 1802 exempla
1647 1755 1708 1789 at-

139 1817 308 1857 tulerunt
338 1817 511 1855 Gronov.
546 1821 586 1855 et
618 1815 818 1854 Drakenb.
853 1818 902 1856 ad
930 1816 1016 1856 Liv.
1047 1819 1117 1868 26,
1149 1818 1218 1869 51,
1248 1821 1287 1860 6.
1347 1819 1505 1871 Forbig.
1533 1821 1583 1858 ad
1602 1818 1708 1871 Virg.

12 1880 59 1943 2‘73
139 1884 238 1924 Aen.
267 1885 320 1935 3,
355 1883 455 1927 471.
490 1888 530 1923 et
565 1884 730 1936 Rupert.
768 1886 817 1923 ad
846 1885 942 1923 Tac.
974 1884 1073 1923 Anu.
1105 1888 1154 1936 2,
1195 1887 1273 1937 13,
1313 1890 1353 1931 2.
1411 1889 1560 1927 Eodem
1593 1889 1707 1927 modo

141 1954 403 2004 explicandum
432 1953 552 2004 Soph.
583 1951 644 2002 Aj.
681 1951 776 1996 244.
812 1955 872 1995 ed.
904 1954 1036 1992 Herm.
1067 1951 1171 1995 θοὸν
1205 1956 1375 2009 εἰρεσίας
1401 1954 1520 2011 ζυγόν
1546 1971 1625 1995 non
1649 1958 1709 1995 in-

41 2041 63 2074 'l
142 2021 302 2060 feliciter
329 2020 417 2059 coll.
451 2020 526 2058 hoc
560 2019 646 2058 loco
675 2021 975 2061 demonstratum
1002 2023 1069 2061 ivit
1099 2023 1288 2061 Hutlzius
1323 2025 1363 2062 in
1395 2023 1531 2076 Progr.
1572 2024 1709 2064 Alten-

143 2089 254 2141 burg.
290 2089 413 2130 1838.
451 2101 490 2138 p.
517 2088 588 2128 36.

258 2157 304 2199 V.
324 2157 378 2198 65
398 2177 456 2183 —-
475 2155 543 2195 68.
607 2154 655 2192 Si
682 2155 954 2193 anermus
980 2178 1038 2185 -
1057 2170 1227 2194 mecum.
1289 2157 1496 2210 „Denique
1526 2171 1709 2197 summum

143 2226 288 2265 bonum
313 2226 353 2262 in
387 2236 516 2262 amore
545 2226 605 2261 est
632 2227 737 2262 teste
770 2223 1042 2262 Mimnermo.“
1100 2224 1138 2262 Is
1168 2226 1268 2263 enim
1299 2226 1470 2277 (Fragm.
1500 2227 1562 2268 ed.
1590 2226 1708 2266 Bach.

143 2308 184 2349 p.
212 2292 324 2344 27.):
371 2293 438 2340 Τίς
467 2290 510 2332 δὲ
537 2292 648 2345 βίος,
671 2291 710 2332 τί
740 2289 784 2332 δὲ
815 2289 989 2346 τερπνὸν
1017 2289 1110 2346 ι’ίτερ
1139 2293 1312 2346 χρυσέης
1340 2291 1603 2347 Ἀφροδίτης;
1640 2296 1711 2335 Τε-

144 2363 324 2415 θναίην,
356 2357 422 2402 ὅτε
451 2375 521 2411 μοι
549 2358 690 2411 μηκέτι
721 2362 848 2400 ταῦτα
879 2358 1015 2412 μέλοι,
1056 2362 1296 2414 Κρυπταδίη
1327 2358 1494 2414 φιλότης
1524 2361 1594 2402 καὶ
1627 2361 1711 2414 μεί-

145 2433 235 2484 λιχα
262 2431 375 2484 δῶρα
398 2427 468 2469 καὶ
500 2423 614 2480 εὐνή.
677 2428 762 2473 Qua
791 2429 942 2479 quidem
970 2430 1007 2466 in
1037 2441 1079 2467 re
1106 2428 1288 2481 plurimos
1316 2429 1506 2468 hominum
1534 2432 1710 2481 antiquo-

146 2510 231 2538 rum
261 2499 503 2538 consensisse
536 2500 698 2548 apparet
728 2509 774 2535 ex
807 2495 907 2534 Plat.
936 2495 1079 2535 Phaed.
1112 2511 1151 2549 p.
1184 2498 1252 2538 65.
1282 2496 1331 2536 A.
1367 2497 1475 2550 (ibiq.
1505 2498 1642 2536 Stallb.
1669 2498 1709 2538 9.

146 2579 189 2620 p.
205 2565 295 2618 49.)
323 2567 438 2607 δοκεῖ
465 2563 510 2619 γέ
542 2580 624 2606 που
652 2586 711 2594 —-
738 2568 824 2613 τοῖς
850 2567 1014 2614 πολλοῖς
1041 2560 1293 2618 ἀνθρώποις,
1323 2560 1357 2620 ᾦ
1379 2563 1506 2618 μηδὲν
1533 2563 1614 2618 ἦδῦ
1629 2568 1711 2607 τῶν

147 2630 346 2675 τοιούτων
377 2630 478 2685 μηδὲ
508 2632 659 2686 μετέχει
687 2635 844 2681 αΰτῶν,
895 2629 972 2674 οὐκ
1000 2630 1116 2682 ἄξιον
1146 2629 1251 2674 εἶναι
1279 2636 1375 2685 ζῆν,
1423 2629 1508 2674 ἀλλ’
1531 2630 1647 2688 ἐγγύς
1672 2650 1710 2677 τι

148 2701 294 2743 τείνειν
328 2704 404 2742 τοῦ
430 2698 629 2742 τεθνάναι
651 2701 676 2743 o‘
704 2699 831 2755 μηδὲν
863 2702 1089 2755 φροντίζων
1118 2704 1200 2742 τῶν
1224 2699 1410 2754 ἡδονῶν,
1472 2702 1520 2743 αἴ
1543 2699 1611 2743 διοῖ
1636 2703 1712 2744 τοῦ

151 2765 335 2822 σώματος
365 2768 483 2810 εἶσιν.
543 2772 644 2816 Quid
676 2775 804 2809 autem
841 2771 1026 2822 magistri
1057 2770 1237 2816 virtutis,
1265 2770 1494 2822 philosophi,
1522 2772 1712 2810 senserint

152 2837 203 2876 de
239 2838 412 2875 venereis
448 2838 704 2890 voluptatibus
735 2839 906 2878 declarat
933 2840 1069 2877 Cicero
1096 2838 1135 2876 in
1164 2838 1282 2877 Tusc.
1311 2837 1352 2888 4,
1383 2838 1437 2882 32
1454 2839 1591 2881 -35-
1618 2839 1711 2891 ibiq.

35 2900 49 2910 '⁷
75 2926 78 2931 -
150 2902 293 2943 Davies
325 2911 363 2946 et
390 2905 523 2944 Klotz.
572 2906 636 2948 Cf.
662 2907 751 2946 ibid.
783 2907 824 2958 5,
853 2908 923 2958 33,
954 2904 1010 2946 94
1040 2909 1079 2945 et
1104 2909 1235 2945 annot.
1264 2908 1313 2946 ad
1340 2905 1464 2959 Epist.
1495 2909 1535 2958 1,
1570 2910 1610 2958 2,
1643 2908 1710 2949 55.

154 2971 335 3014 Ceterum
368 2986 434 3013 cur
470 2975 650 3027 princeps
687 2975 752 3015 ille
789 2976 935 3028 elegiae
960 2975 1163 3014 amatoriae
1196 2975 1362 3027 scriptor
1393 2975 1487 3028 (vid.
1510 2975 1641 3015 Schol.
1660 2977 1709 3015 ad
