<?xml version="1.0" encoding="UTF-8"?>
<!DOCTYPE html PUBLIC "-//W3C//DTD XHTML 1.0 Transitional//EN"
    "http://www.w3.org/TR/xhtml1/DTD/xhtml1-transitional.dtd">
<html xmlns="http://www.w3.org/1999/xhtml" xml:lang="en" lang="en">
 <head>
  <title>
</title>
<meta http-equiv="Content-Type" content="text/html;charset=utf-8" />
  <meta name='ocr-system' content='tesseract 3.04.00' />
  <meta name='ocr-capabilities' content='ocr_page ocr_carea ocr_par ocr_line ocrx_word'/>
</head>
<body>
  <div class='ocr_page' id='page_1' title='image "./epistolascomment01horauoft_0340.png"; bbox 0 0 2028 3268; ppageno 0'>
   <div class='ocr_carea' id='block_1_1' title="bbox 379 241 1892 288">
    <p class='ocr_par' dir='ltr' id='par_1_1' title="bbox 379 241 1892 288">
     <span class='ocr_line' id='line_1_1' title="bbox 379 241 1892 288; baseline 0.002 -3"><span class='ocrx_word' id='word_1_1' title='bbox 379 243 463 286; x_wconf 80' lang='lat'><strong>318</strong></span> <span class='ocrx_word' id='word_1_2' title='bbox 521 244 896 284; x_wconf 85' lang='lat' dir='ltr'><strong>COMMENTABII</strong></span> <span class='ocrx_word' id='word_1_3' title='bbox 923 244 982 282; x_wconf 86' lang='lat' dir='ltr'><strong>IN</strong></span> <span class='ocrx_word' id='word_1_4' title='bbox 1007 241 1228 283; x_wconf 81' lang='lat' dir='ltr'><strong>HORATII</strong></span> <span class='ocrx_word' id='word_1_5' title='bbox 1253 242 1352 282; x_wconf 88' lang='lat' dir='ltr'><strong>LIB.</strong></span> <span class='ocrx_word' id='word_1_6' title='bbox 1370 244 1399 283; x_wconf 93' lang='grc' dir='ltr'><strong>Ι.</strong></span> <span class='ocrx_word' id='word_1_7' title='bbox 1418 243 1581 284; x_wconf 89' lang='lat' dir='ltr'>EPIST.</span> <span class='ocrx_word' id='word_1_8' title='bbox 1600 245 1746 287; x_wconf 88' lang='lat' dir='ltr'>SEXT.</span> <span class='ocrx_word' id='word_1_9' title='bbox 1834 244 1892 288; x_wconf 81' lang='lat'><strong>46</strong></span> 
     </span>
    </p>
   </div>
   <div class='ocr_carea' id='block_1_2' title="bbox 370 365 1897 2952">
    <p class='ocr_par' dir='ltr' id='par_1_2' title="bbox 370 365 1897 2952">
     <span class='ocr_line' id='line_1_2' title="bbox 382 365 1889 419; baseline 0 -14"><span class='ocrx_word' id='word_1_10' title='bbox 382 368 454 405; x_wconf 94' lang='lat' dir='ltr'><strong>hoc</strong></span> <span class='ocrx_word' id='word_1_11' title='bbox 481 368 551 419; x_wconf 87' lang='lat' dir='ltr'><strong>ipsi</strong></span> <span class='ocrx_word' id='word_1_12' title='bbox 581 367 779 415; x_wconf 89' lang='lat' dir='ltr'><strong>Numicio,</strong></span> <span class='ocrx_word' id='word_1_13' title='bbox 827 370 959 415; x_wconf 84' lang='lat' dir='ltr'><strong>utpote</strong></span> <span class='ocrx_word' id='word_1_14' title='bbox 987 365 1126 403; x_wconf 90' lang='lat' dir='ltr'><strong>homini</strong></span> <span class='ocrx_word' id='word_1_15' title='bbox 1153 365 1318 404; x_wconf 77' lang='lat' dir='ltr'>mutabili</span> <span class='ocrx_word' id='word_1_16' title='bbox 1345 378 1465 416; x_wconf 89' lang='lat' dir='ltr'><strong>neque</strong></span> <span class='ocrx_word' id='word_1_17' title='bbox 1493 367 1563 406; x_wconf 89' lang='lat' dir='ltr'><strong>sibi</strong></span> <span class='ocrx_word' id='word_1_18' title='bbox 1588 368 1794 416; x_wconf 80' lang='lat' dir='ltr'><strong>constanti,</strong></span> <span class='ocrx_word' id='word_1_19' title='bbox 1821 369 1889 405; x_wconf 90' lang='lat' dir='ltr'><strong>da-</strong></span> 
     </span>
     <span class='ocr_line' id='line_1_3' title="bbox 379 432 1892 486; baseline 0.001 -14"><span class='ocrx_word' id='word_1_20' title='bbox 379 439 458 473; x_wconf 90' lang='lat' dir='ltr'><strong>tum</strong></span> <span class='ocrx_word' id='word_1_21' title='bbox 486 439 651 481; x_wconf 83' lang='lat' dir='ltr'><strong>censent,</strong></span> <span class='ocrx_word' id='word_1_22' title='bbox 680 438 759 471; x_wconf 91' lang='lat' dir='ltr'><strong>tum</strong></span> <span class='ocrx_word' id='word_1_23' title='bbox 789 432 836 470; x_wconf 90' lang='lat' dir='ltr'><strong>ab</strong></span> <span class='ocrx_word' id='word_1_24' title='bbox 871 432 1037 477; x_wconf 79' lang='lat' dir='ltr'><strong>Orellio,</strong></span> <span class='ocrx_word' id='word_1_25' title='bbox 1071 433 1132 480; x_wconf 92' lang='lat' dir='ltr'><strong>qui</strong></span> <span class='ocrx_word' id='word_1_26' title='bbox 1161 433 1220 469; x_wconf 90' lang='lat' dir='ltr'><strong>hic</strong></span> <span class='ocrx_word' id='word_1_27' title='bbox 1246 433 1419 470; x_wconf 89' lang='lat' dir='ltr'><strong>homines</strong></span> <span class='ocrx_word' id='word_1_28' title='bbox 1448 434 1550 472; x_wconf 78' lang='lat' dir='ltr'><strong>videt</strong></span> <span class='ocrx_word' id='word_1_29' title='bbox 1576 435 1800 486; x_wconf 87' lang='lat' dir='ltr'><strong>descriptos,</strong></span> <span class='ocrx_word' id='word_1_30' title='bbox 1828 435 1892 485; x_wconf 88' lang='lat' dir='ltr'><strong>qui</strong></span> 
     </span>
     <span class='ocr_line' id='line_1_4' title="bbox 378 498 1888 550; baseline 0.001 -13"><span class='ocrx_word' id='word_1_31' title='bbox 378 501 569 550; x_wconf 80' lang='lat' dir='ltr'><strong>ambigant</strong></span> <span class='ocrx_word' id='word_1_32' title='bbox 598 501 645 535; x_wconf 89' lang='lat' dir='ltr'><strong>de</strong></span> <span class='ocrx_word' id='word_1_33' title='bbox 672 511 762 535; x_wconf 80' lang='lat' dir='ltr'><strong>vero</strong></span> <span class='ocrx_word' id='word_1_34' title='bbox 788 498 863 535; x_wconf 88' lang='lat' dir='ltr'><strong>fine</strong></span> <span class='ocrx_word' id='word_1_35' title='bbox 891 498 1094 547; x_wconf 89' lang='lat' dir='ltr'><strong>bonorum,</strong></span> <span class='ocrx_word' id='word_1_36' title='bbox 1146 500 1199 537; x_wconf 91' lang='lat' dir='ltr'><strong>ita</strong></span> <span class='ocrx_word' id='word_1_37' title='bbox 1226 504 1266 537; x_wconf 93' lang='lat' dir='ltr'><strong>ut</strong></span> <span class='ocrx_word' id='word_1_38' title='bbox 1293 500 1545 549; x_wconf 83' lang='lat' dir='ltr'>unusquisque</span> <span class='ocrx_word' id='word_1_39' title='bbox 1570 513 1641 550; x_wconf 89' lang='lat' dir='ltr'><strong>pro</strong></span> <span class='ocrx_word' id='word_1_40' title='bbox 1669 514 1736 539; x_wconf 79' lang='lat' dir='ltr'><strong>sua</strong></span> <span class='ocrx_word' id='word_1_41' title='bbox 1762 501 1888 539; x_wconf 88' lang='lat' dir='ltr'><strong>indole</strong></span> 
     </span>
     <span class='ocr_line' id='line_1_5' title="bbox 378 565 1888 618; baseline 0.001 -14"><span class='ocrx_word' id='word_1_42' title='bbox 378 568 569 617; x_wconf 89' lang='lat' dir='ltr'><strong>proprium</strong></span> <span class='ocrx_word' id='word_1_43' title='bbox 599 565 669 602; x_wconf 87' lang='lat' dir='ltr'>sibi</span> <span class='ocrx_word' id='word_1_44' title='bbox 696 569 836 602; x_wconf 86' lang='lat' dir='ltr'><strong>statuat</strong></span> <span class='ocrx_word' id='word_1_45' title='bbox 863 565 923 602; x_wconf 83' lang='lat' dir='ltr'><strong>vel</strong></span> <span class='ocrx_word' id='word_1_46' title='bbox 952 567 1127 604; x_wconf 81' lang='lat' dir='ltr'><strong>virtutem</strong></span> <span class='ocrx_word' id='word_1_47' title='bbox 1150 567 1208 604; x_wconf 81' lang='lat' dir='ltr'><strong>vel</strong></span> <span class='ocrx_word' id='word_1_48' title='bbox 1238 567 1386 604; x_wconf 86' lang='lat' dir='ltr'><strong>divitias</strong></span> <span class='ocrx_word' id='word_1_49' title='bbox 1416 571 1489 606; x_wconf 89' lang='lat' dir='ltr'><strong>etc.</strong></span> <span class='ocrx_word' id='word_1_50' title='bbox 1545 566 1648 606; x_wconf 83' lang='lat' dir='ltr'><strong>Dixit</strong></span> <span class='ocrx_word' id='word_1_51' title='bbox 1673 573 1818 618; x_wconf 86' lang='lat' dir='ltr'><strong>autem,</strong></span> <span class='ocrx_word' id='word_1_52' title='bbox 1845 572 1888 606; x_wconf 89' lang='lat' dir='ltr'><strong>ut</strong></span> 
     </span>
     <span class='ocr_line' id='line_1_6' title="bbox 378 632 1891 684; baseline 0.001 -14"><span class='ocrx_word' id='word_1_53' title='bbox 378 633 488 682; x_wconf 82' lang='lat' dir='ltr'><strong>vulgo</strong></span> <span class='ocrx_word' id='word_1_54' title='bbox 518 635 663 681; x_wconf 85' lang='lat' dir='ltr'><strong>putant,</strong></span> <span class='ocrx_word' id='word_1_55' title='bbox 693 644 714 668; x_wconf 92' lang='lat' dir='ltr'><strong>e</strong></span> <span class='ocrx_word' id='word_1_56' title='bbox 743 632 928 683; x_wconf 88' lang='lat' dir='ltr'><strong>scriptura</strong></span> <span class='ocrx_word' id='word_1_57' title='bbox 954 634 1086 682; x_wconf 84' lang='lat' dir='ltr'><strong>partic.</strong></span> <span class='ocrx_word' id='word_1_58' title='bbox 1109 641 1176 670; x_wconf 88' lang='lat' dir='ltr'><strong>ut.-</strong></span> <span class='ocrx_word' id='word_1_59' title='bbox 1207 635 1292 682; x_wconf 88' lang='lat' dir='ltr'><strong>„Si,</strong></span> <span class='ocrx_word' id='word_1_60' title='bbox 1322 646 1417 684; x_wconf 90' lang='lat' dir='ltr'><strong>quae</strong></span> <span class='ocrx_word' id='word_1_61' title='bbox 1445 634 1653 684; x_wconf 87' lang='lat' dir='ltr'><strong>philosophi</strong></span> <span class='ocrx_word' id='word_1_62' title='bbox 1680 635 1727 671; x_wconf 92' lang='lat' dir='ltr'><strong>de</strong></span> <span class='ocrx_word' id='word_1_63' title='bbox 1753 635 1891 672; x_wconf 88' lang='lat' dir='ltr'><strong>virtute</strong></span> 
     </span>
     <span class='ocr_line' id='line_1_7' title="bbox 378 698 1892 751; baseline 0.002 -16"><span class='ocrx_word' id='word_1_64' title='bbox 378 699 469 749; x_wconf 73' lang='lat' dir='ltr'><strong>(vid.</strong></span> <span class='ocrx_word' id='word_1_65' title='bbox 499 698 579 738; x_wconf 90' lang='lat' dir='ltr'><strong>Cic.</strong></span> <span class='ocrx_word' id='word_1_66' title='bbox 599 698 716 738; x_wconf 85' lang='lat' dir='ltr'><strong>Tusc.</strong></span> <span class='ocrx_word' id='word_1_67' title='bbox 745 698 785 746; x_wconf 86' lang='lat'><strong>5,</strong></span> <span class='ocrx_word' id='word_1_68' title='bbox 815 699 855 747; x_wconf 89' lang='grc'><strong>5,</strong></span> <span class='ocrx_word' id='word_1_69' title='bbox 887 701 936 740; x_wconf 85' lang='grc'><strong>12</strong></span> <span class='ocrx_word' id='word_1_70' title='bbox 957 722 1013 728; x_wconf 87' lang='lat'><strong>-—</strong></span> <span class='ocrx_word' id='word_1_71' title='bbox 1035 702 1100 749; x_wconf 83' lang='lat'><strong>12,</strong></span> <span class='ocrx_word' id='word_1_72' title='bbox 1129 700 1212 750; x_wconf 80' lang='lat'>37.)</span> <span class='ocrx_word' id='word_1_73' title='bbox 1242 700 1447 751; x_wconf 88' lang='lat' dir='ltr'><strong>disputant,</strong></span> <span class='ocrx_word' id='word_1_74' title='bbox 1475 701 1598 738; x_wconf 88' lang='lat' dir='ltr'><strong>inania</strong></span> <span class='ocrx_word' id='word_1_75' title='bbox 1625 700 1740 738; x_wconf 81' lang='lat' dir='ltr'><strong>verba</strong></span> <span class='ocrx_word' id='word_1_76' title='bbox 1765 705 1892 751; x_wconf 87' lang='lat' dir='ltr'><strong>putas,</strong></span> 
     </span>
     <span class='ocr_line' id='line_1_8' title="bbox 378 764 1893 817; baseline 0.001 -14"><span class='ocrx_word' id='word_1_77' title='bbox 378 770 418 803; x_wconf 91' lang='lat' dir='ltr'><strong>ut</strong></span> <span class='ocrx_word' id='word_1_78' title='bbox 445 765 549 802; x_wconf 90' lang='lat' dir='ltr'><strong>multi</strong></span> <span class='ocrx_word' id='word_1_79' title='bbox 578 769 819 802; x_wconf 88' lang='lat' dir='ltr'><strong>contemnunt</strong></span> <span class='ocrx_word' id='word_1_80' title='bbox 840 764 1058 815; x_wconf 84' lang='lat' dir='ltr'><strong>religionem</strong></span> <span class='ocrx_word' id='word_1_81' title='bbox 1082 767 1153 804; x_wconf 93' lang='lat' dir='ltr'><strong>luci</strong></span> <span class='ocrx_word' id='word_1_82' title='bbox 1182 779 1338 816; x_wconf 90' lang='lat' dir='ltr'><strong>eumque</strong></span> <span class='ocrx_word' id='word_1_83' title='bbox 1357 767 1446 804; x_wconf 88' lang='lat' dir='ltr'><strong>nihil</strong></span> <span class='ocrx_word' id='word_1_84' title='bbox 1470 768 1540 805; x_wconf 88' lang='lat' dir='ltr'><strong>nisi</strong></span> <span class='ocrx_word' id='word_1_85' title='bbox 1555 767 1708 805; x_wconf 90' lang='lat' dir='ltr'><strong>arbores</strong></span> <span class='ocrx_word' id='word_1_86' title='bbox 1731 766 1893 817; x_wconf 82' lang='lat' dir='ltr'><strong>putant“</strong></span> 
     </span>
     <span class='ocr_line' id='line_1_9' title="bbox 379 830 1892 883; baseline 0 -13"><span class='ocrx_word' id='word_1_87' title='bbox 379 838 451 873; x_wconf 85' lang='lat' dir='ltr'><strong>etc.</strong></span> <span class='ocrx_word' id='word_1_88' title='bbox 479 832 538 881; x_wconf 86' lang='lat' dir='ltr'><strong>[ex</strong></span> <span class='ocrx_word' id='word_1_89' title='bbox 568 832 756 869; x_wconf 88' lang='lat' dir='ltr'><strong>sententia</strong></span> <span class='ocrx_word' id='word_1_90' title='bbox 784 830 943 869; x_wconf 90' lang='lat' dir='ltr'><strong>Acronis</strong></span> <span class='ocrx_word' id='word_1_91' title='bbox 973 835 1020 870; x_wconf 90' lang='lat' dir='ltr'><strong>ad</strong></span> <span class='ocrx_word' id='word_1_92' title='bbox 1048 833 1183 871; x_wconf 89' lang='lat' dir='ltr'><strong>lemma</strong></span> <span class='ocrx_word' id='word_1_93' title='bbox 1204 841 1355 883; x_wconf 81' lang='lat' dir='ltr'><strong>putas.-</strong></span> <span class='ocrx_word' id='word_1_94' title='bbox 1394 835 1584 883; x_wconf 81' lang='lat' dir='ltr'><strong>„videtur</strong></span> <span class='ocrx_word' id='word_1_95' title='bbox 1608 835 1655 872; x_wconf 93' lang='lat' dir='ltr'><strong>de</strong></span> <span class='ocrx_word' id='word_1_96' title='bbox 1682 834 1738 871; x_wconf 87' lang='lat' dir='ltr'><strong>his</strong></span> <span class='ocrx_word' id='word_1_97' title='bbox 1767 834 1892 871; x_wconf 86' lang='lat' dir='ltr'><strong>dicere</strong></span> 
     </span>
     <span class='ocr_line' id='line_1_10' title="bbox 378 897 1895 950; baseline 0.001 -14"><span class='ocrx_word' id='word_1_98' title='bbox 378 900 442 949; x_wconf 90' lang='lat' dir='ltr'><strong>qui</strong></span> <span class='ocrx_word' id='word_1_99' title='bbox 471 899 624 936; x_wconf 89' lang='lat' dir='ltr'><strong>laudant</strong></span> <span class='ocrx_word' id='word_1_100' title='bbox 651 897 927 948; x_wconf 85' lang='lat' dir='ltr'><strong>philosophiam</strong></span> <span class='ocrx_word' id='word_1_101' title='bbox 954 913 1024 938; x_wconf 89' lang='lat' dir='ltr'><strong>nec</strong></span> <span class='ocrx_word' id='word_1_102' title='bbox 1052 906 1279 950; x_wconf 90' lang='lat' dir='ltr'><strong>sequuntur,</strong></span> <span class='ocrx_word' id='word_1_103' title='bbox 1323 905 1365 938; x_wconf 91' lang='lat' dir='ltr'><strong>ut</strong></span> <span class='ocrx_word' id='word_1_104' title='bbox 1399 901 1572 950; x_wconf 84' lang='lat' dir='ltr'><strong>sacrilegi</strong></span> <span class='ocrx_word' id='word_1_105' title='bbox 1611 902 1737 939; x_wconf 90' lang='lat' dir='ltr'><strong>dicunt</strong></span> <span class='ocrx_word' id='word_1_106' title='bbox 1771 900 1895 938; x_wconf 87' lang='lat' dir='ltr'><strong>lucum</strong></span> 
     </span>
     <span class='ocr_line' id='line_1_11' title="bbox 378 965 1893 1014; baseline 0.001 -11"><span class='ocrx_word' id='word_1_107' title='bbox 378 970 524 1004; x_wconf 87' lang='lat' dir='ltr'><strong>tantum</strong></span> <span class='ocrx_word' id='word_1_108' title='bbox 552 978 636 1003; x_wconf 86' lang='lat' dir='ltr'><strong>esse</strong></span> <span class='ocrx_word' id='word_1_109' title='bbox 664 965 824 1014; x_wconf 81' lang='lat' dir='ltr'><strong>ligna.“]</strong></span> <span class='ocrx_word' id='word_1_110' title='bbox 880 965 1036 1004; x_wconf 83' lang='lat' dir='ltr'><strong>Rectius</strong></span> <span class='ocrx_word' id='word_1_111' title='bbox 1065 972 1189 1005; x_wconf 90' lang='lat' dir='ltr'><strong>autem</strong></span> <span class='ocrx_word' id='word_1_112' title='bbox 1222 969 1245 1005; x_wconf 91' lang='lat' dir='ltr'><strong>i.</strong></span> <span class='ocrx_word' id='word_1_113' title='bbox 1274 981 1307 1008; x_wconf 82' lang='lat' dir='ltr'><strong>e.</strong></span> <span class='ocrx_word' id='word_1_114' title='bbox 1335 968 1383 1004; x_wconf 90' lang='lat' dir='ltr'><strong>ad</strong></span> <span class='ocrx_word' id='word_1_115' title='bbox 1411 968 1595 1005; x_wconf 87' lang='lat' dir='ltr'><strong>rationem</strong></span> <span class='ocrx_word' id='word_1_116' title='bbox 1622 967 1893 1005; x_wconf 67' lang='lat' dir='ltr'><strong>Grammaticos</strong></span> 
     </span>
     <span class='ocr_line' id='line_1_12' title="bbox 377 1031 1893 1084; baseline 0 -14"><span class='ocrx_word' id='word_1_117' title='bbox 377 1033 692 1070; x_wconf 82' lang='lat' dir='ltr'><strong>accommodatius</strong></span> <span class='ocrx_word' id='word_1_118' title='bbox 721 1031 836 1069; x_wconf 87' lang='lat' dir='ltr'><strong>verba</strong></span> <span class='ocrx_word' id='word_1_119' title='bbox 863 1032 927 1070; x_wconf 86' lang='lat' dir='ltr'><strong>illa</strong></span> <span class='ocrx_word' id='word_1_120' title='bbox 954 1034 1082 1071; x_wconf 90' lang='lat' dir='ltr'><strong>addita</strong></span> <span class='ocrx_word' id='word_1_121' title='bbox 1120 1034 1316 1084; x_wconf 88' lang='lat' dir='ltr'><strong>opinantur</strong></span> <span class='ocrx_word' id='word_1_122' title='bbox 1346 1035 1542 1072; x_wconf 80' lang='lat' dir='ltr'><strong>Gesnerus</strong></span> <span class='ocrx_word' id='word_1_123' title='bbox 1575 1033 1893 1082; x_wconf 85' lang='lat' dir='ltr'><strong>Groebeliusque,</strong></span> 
     </span>
     <span class='ocr_line' id='line_1_13' title="bbox 377 1098 1892 1150; baseline 0 -14"><span class='ocrx_word' id='word_1_124' title='bbox 377 1112 454 1136; x_wconf 89' lang='lat' dir='ltr'><strong>non</strong></span> <span class='ocrx_word' id='word_1_125' title='bbox 481 1112 554 1148; x_wconf 90' lang='lat' dir='ltr'><strong>quo</strong></span> <span class='ocrx_word' id='word_1_126' title='bbox 575 1098 754 1136; x_wconf 87' lang='lat' dir='ltr'><strong>Horatius</strong></span> <span class='ocrx_word' id='word_1_127' title='bbox 781 1099 1009 1149; x_wconf 84' lang='lat' dir='ltr'><strong>impietatem</strong></span> <span class='ocrx_word' id='word_1_128' title='bbox 1038 1101 1223 1150; x_wconf 90' lang='lat' dir='ltr'><strong>quandam</strong></span> <span class='ocrx_word' id='word_1_129' title='bbox 1249 1106 1413 1150; x_wconf 89' lang='lat' dir='ltr'><strong>notaret,</strong></span> <span class='ocrx_word' id='word_1_130' title='bbox 1442 1102 1510 1139; x_wconf 90' lang='lat' dir='ltr'><strong>sed</strong></span> <span class='ocrx_word' id='word_1_131' title='bbox 1536 1105 1578 1138; x_wconf 90' lang='lat' dir='ltr'><strong>ut</strong></span> <span class='ocrx_word' id='word_1_132' title='bbox 1605 1113 1670 1138; x_wconf 90' lang='lat' dir='ltr'><strong>eos</strong></span> <span class='ocrx_word' id='word_1_133' title='bbox 1689 1101 1892 1149; x_wconf 85' lang='lat' dir='ltr'><strong>redargue—</strong></span> 
     </span>
     <span class='ocr_line' id='line_1_14' title="bbox 378 1164 1892 1216; baseline 0.001 -14"><span class='ocrx_word' id='word_1_134' title='bbox 378 1170 450 1214; x_wconf 85' lang='lat' dir='ltr'><strong>ret,</strong></span> <span class='ocrx_word' id='word_1_135' title='bbox 479 1165 555 1215; x_wconf 90' lang='lat' dir='ltr'><strong>qui,</strong></span> <span class='ocrx_word' id='word_1_136' title='bbox 584 1169 626 1202; x_wconf 91' lang='lat' dir='ltr'><strong>ut</strong></span> <span class='ocrx_word' id='word_1_137' title='bbox 653 1164 789 1201; x_wconf 86' lang='lat' dir='ltr'><strong>lucum</strong></span> <span class='ocrx_word' id='word_1_138' title='bbox 814 1165 936 1216; x_wconf 68' lang='lat' dir='ltr'><strong>lignis</strong></span> <span class='ocrx_word' id='word_1_139' title='bbox 948 1193 964 1211; x_wconf 88' lang='lat'><strong>,</strong></span> <span class='ocrx_word' id='word_1_140' title='bbox 992 1168 1045 1204; x_wconf 84' lang='lat' dir='ltr'><strong>ita</strong></span> <span class='ocrx_word' id='word_1_141' title='bbox 1073 1167 1244 1204; x_wconf 83' lang='lat' dir='ltr'><strong>virtutem</strong></span> <span class='ocrx_word' id='word_1_142' title='bbox 1268 1169 1381 1205; x_wconf 89' lang='lat' dir='ltr'><strong>meris</strong></span> <span class='ocrx_word' id='word_1_143' title='bbox 1408 1167 1531 1205; x_wconf 87' lang='lat' dir='ltr'><strong>verbis</strong></span> <span class='ocrx_word' id='word_1_144' title='bbox 1560 1170 1733 1206; x_wconf 88' lang='lat' dir='ltr'><strong>constare</strong></span> <span class='ocrx_word' id='word_1_145' title='bbox 1762 1166 1892 1204; x_wconf 89' lang='lat' dir='ltr'><strong>crede-</strong></span> 
     </span>
     <span class='ocr_line' id='line_1_15' title="bbox 377 1231 1893 1284; baseline 0.002 -15"><span class='ocrx_word' id='word_1_146' title='bbox 377 1236 475 1279; x_wconf 89' lang='lat' dir='ltr'><strong>rent,</strong></span> <span class='ocrx_word' id='word_1_147' title='bbox 503 1231 542 1268; x_wconf 88' lang='lat' dir='ltr'><strong>in</strong></span> <span class='ocrx_word' id='word_1_148' title='bbox 566 1243 640 1280; x_wconf 91' lang='lat' dir='ltr'><strong>qua</strong></span> <span class='ocrx_word' id='word_1_149' title='bbox 665 1244 707 1268; x_wconf 89' lang='lat' dir='ltr'><strong>re</strong></span> <span class='ocrx_word' id='word_1_150' title='bbox 724 1232 931 1282; x_wconf 89' lang='lat' dir='ltr'><strong>Epicureos</strong></span> <span class='ocrx_word' id='word_1_151' title='bbox 961 1234 1130 1283; x_wconf 90' lang='lat' dir='ltr'><strong>equidem</strong></span> <span class='ocrx_word' id='word_1_152' title='bbox 1157 1234 1387 1284; x_wconf 88' lang='lat' dir='ltr'><strong>significatos</strong></span> <span class='ocrx_word' id='word_1_153' title='bbox 1417 1233 1592 1282; x_wconf 80' lang='lat' dir='ltr'><strong>arbitror,</strong></span> <span class='ocrx_word' id='word_1_154' title='bbox 1615 1234 1662 1271; x_wconf 84' lang='lat' dir='ltr'><strong>cf.</strong></span> <span class='ocrx_word' id='word_1_155' title='bbox 1677 1233 1757 1270; x_wconf 88' lang='lat' dir='ltr'><strong>Cic.</strong></span> <span class='ocrx_word' id='word_1_156' title='bbox 1776 1231 1893 1272; x_wconf 89' lang='lat' dir='ltr'><strong>Tusc.</strong></span> 
     </span>
     <span class='ocr_line' id='line_1_16' title="bbox 378 1295 1892 1350; baseline -0.002 -12"><span class='ocrx_word' id='word_1_157' title='bbox 378 1298 419 1347; x_wconf 85' lang='lat'><strong>5,</strong></span> <span class='ocrx_word' id='word_1_158' title='bbox 445 1295 514 1346; x_wconf 89' lang='lat'><strong>41,</strong></span> <span class='ocrx_word' id='word_1_159' title='bbox 545 1297 637 1338; x_wconf 87' lang='lat'><strong>119.</strong></span> <span class='ocrx_word' id='word_1_160' title='bbox 666 1303 703 1335; x_wconf 91' lang='lat' dir='ltr'><strong>et</strong></span> <span class='ocrx_word' id='word_1_161' title='bbox 731 1299 771 1348; x_wconf 85' lang='lat'><strong>5,</strong></span> <span class='ocrx_word' id='word_1_162' title='bbox 802 1301 868 1349; x_wconf 82' lang='lat'><strong>26,</strong></span> <span class='ocrx_word' id='word_1_163' title='bbox 898 1301 965 1340; x_wconf 89' lang='grc'><strong>73.</strong></span> <span class='ocrx_word' id='word_1_164' title='bbox 990 1301 1037 1338; x_wconf 92' lang='lat' dir='ltr'><strong>de</strong></span> <span class='ocrx_word' id='word_1_165' title='bbox 1065 1300 1148 1337; x_wconf 86' lang='lat' dir='ltr'><strong>Fin.</strong></span> <span class='ocrx_word' id='word_1_166' title='bbox 1179 1303 1228 1350; x_wconf 89' lang='lat'><strong>2,</strong></span> <span class='ocrx_word' id='word_1_167' title='bbox 1258 1301 1332 1350; x_wconf 83' lang='lat'><strong>15,</strong></span> <span class='ocrx_word' id='word_1_168' title='bbox 1362 1299 1427 1341; x_wconf 90' lang='lat'><strong>48.</strong></span> <span class='ocrx_word' id='word_1_169' title='bbox 1482 1300 1651 1350; x_wconf 81' lang='lat' dir='ltr'><strong>Utraque</strong></span> <span class='ocrx_word' id='word_1_170' title='bbox 1681 1303 1805 1337; x_wconf 83' lang='lat' dir='ltr'><strong>autem</strong></span> <span class='ocrx_word' id='word_1_171' title='bbox 1829 1309 1892 1335; x_wconf 85' lang='lat' dir='ltr'><strong>ra-</strong></span> 
     </span>
     <span class='ocr_line' id='line_1_17' title="bbox 376 1364 1889 1417; baseline -0.001 -14"><span class='ocrx_word' id='word_1_172' title='bbox 376 1366 480 1403; x_wconf 87' lang='lat' dir='ltr'><strong>tione</strong></span> <span class='ocrx_word' id='word_1_173' title='bbox 506 1366 695 1404; x_wconf 80' lang='lat' dir='ltr'><strong>evanescit</strong></span> <span class='ocrx_word' id='word_1_174' title='bbox 723 1367 910 1416; x_wconf 88' lang='lat' dir='ltr'><strong>suspicio,</strong></span> <span class='ocrx_word' id='word_1_175' title='bbox 945 1379 1058 1417; x_wconf 90' lang='lat' dir='ltr'><strong>quam</strong></span> <span class='ocrx_word' id='word_1_176' title='bbox 1086 1367 1292 1414; x_wconf 86' lang='lat' dir='ltr'><strong>Bentlejus</strong></span> <span class='ocrx_word' id='word_1_177' title='bbox 1323 1370 1477 1404; x_wconf 90' lang='lat' dir='ltr'><strong>auctore</strong></span> <span class='ocrx_word' id='word_1_178' title='bbox 1507 1366 1710 1405; x_wconf 89' lang='lat' dir='ltr'><strong>Torrentio</strong></span> <span class='ocrx_word' id='word_1_179' title='bbox 1737 1365 1788 1402; x_wconf 89' lang='lat' dir='ltr'><strong>illi</strong></span> <span class='ocrx_word' id='word_1_180' title='bbox 1813 1364 1889 1402; x_wconf 86' lang='lat' dir='ltr'><strong>lec-</strong></span> 
     </span>
     <span class='ocr_line' id='line_1_18' title="bbox 377 1432 1890 1483; baseline 0.001 -14"><span class='ocrx_word' id='word_1_181' title='bbox 377 1432 468 1469; x_wconf 88' lang='lat' dir='ltr'><strong>tioni</strong></span> <span class='ocrx_word' id='word_1_182' title='bbox 498 1436 645 1482; x_wconf 91' lang='lat' dir='ltr'><strong>movet,</strong></span> <span class='ocrx_word' id='word_1_183' title='bbox 691 1437 732 1470; x_wconf 90' lang='lat' dir='ltr'><strong>ut</strong></span> <span class='ocrx_word' id='word_1_184' title='bbox 760 1433 792 1470; x_wconf 89' lang='lat' dir='ltr'><strong>si</strong></span> <span class='ocrx_word' id='word_1_185' title='bbox 815 1433 947 1483; x_wconf 83' lang='lat' dir='ltr'><strong>religio</strong></span> <span class='ocrx_word' id='word_1_186' title='bbox 977 1438 1017 1472; x_wconf 87' lang='lat' dir='ltr'><strong>et</strong></span> <span class='ocrx_word' id='word_1_187' title='bbox 1043 1432 1180 1471; x_wconf 91' lang='lat' dir='ltr'><strong>Flacco</strong></span> <span class='ocrx_word' id='word_1_188' title='bbox 1210 1438 1250 1471; x_wconf 87' lang='lat' dir='ltr'><strong>et</strong></span> <span class='ocrx_word' id='word_1_189' title='bbox 1275 1432 1464 1483; x_wconf 89' lang='lat' dir='ltr'><strong>plerisque</strong></span> <span class='ocrx_word' id='word_1_190' title='bbox 1492 1433 1573 1470; x_wconf 92' lang='lat' dir='ltr'><strong>aliis</strong></span> <span class='ocrx_word' id='word_1_191' title='bbox 1610 1434 1708 1471; x_wconf 89' lang='lat' dir='ltr'><strong>inter</strong></span> <span class='ocrx_word' id='word_1_192' title='bbox 1744 1432 1890 1471; x_wconf 87' lang='lat' dir='ltr'><strong>fabulas</strong></span> 
     </span>
     <span class='ocr_line' id='line_1_19' title="bbox 377 1499 1892 1550; baseline 0.001 -15"><span class='ocrx_word' id='word_1_193' title='bbox 377 1504 602 1536; x_wconf 88' lang='lat' dir='ltr'><strong>numeretur.</strong></span> <span class='ocrx_word' id='word_1_194' title='bbox 659 1500 794 1549; x_wconf 90' lang='lat' dir='ltr'><strong>Neque</strong></span> <span class='ocrx_word' id='word_1_195' title='bbox 822 1513 935 1549; x_wconf 83' lang='lat' dir='ltr'><strong>vero,</strong></span> <span class='ocrx_word' id='word_1_196' title='bbox 964 1502 1066 1550; x_wconf 91' lang='lat' dir='ltr'><strong>quod</strong></span> <span class='ocrx_word' id='word_1_197' title='bbox 1093 1501 1199 1539; x_wconf 90' lang='lat' dir='ltr'><strong>multi</strong></span> <span class='ocrx_word' id='word_1_198' title='bbox 1226 1501 1369 1538; x_wconf 84' lang='lat' dir='ltr'><strong>faciunt</strong></span> <span class='ocrx_word' id='word_1_199' title='bbox 1396 1504 1435 1538; x_wconf 90' lang='lat' dir='ltr'><strong>et</strong></span> <span class='ocrx_word' id='word_1_200' title='bbox 1461 1499 1545 1550; x_wconf 88' lang='lat' dir='ltr'><strong>plus</strong></span> <span class='ocrx_word' id='word_1_201' title='bbox 1573 1512 1693 1549; x_wconf 90' lang='lat' dir='ltr'><strong>aequo</strong></span> <span class='ocrx_word' id='word_1_202' title='bbox 1721 1499 1892 1548; x_wconf 82' lang='lat' dir='ltr'><strong>subtiles,</strong></span> 
     </span>
     <span class='ocr_line' id='line_1_20' title="bbox 377 1565 1893 1618; baseline 0.001 -17"><span class='ocrx_word' id='word_1_203' title='bbox 377 1578 447 1616; x_wconf 89' lang='lat' dir='ltr'><strong>pro</strong></span> <span class='ocrx_word' id='word_1_204' title='bbox 480 1566 575 1602; x_wconf 84' lang='lat' dir='ltr'><strong>salsa</strong></span> <span class='ocrx_word' id='word_1_205' title='bbox 611 1565 804 1604; x_wconf 87' lang='lat' dir='ltr'><strong>habuerim</strong></span> <span class='ocrx_word' id='word_1_206' title='bbox 833 1568 1053 1618; x_wconf 89' lang='lat' dir='ltr'><strong>scripturam</strong></span> <span class='ocrx_word' id='word_1_207' title='bbox 1083 1575 1143 1614; x_wconf 88' lang='lat' dir='ltr'><strong>et,</strong></span> <span class='ocrx_word' id='word_1_208' title='bbox 1192 1567 1392 1604; x_wconf 91' lang='lat' dir='ltr'><strong>dummodo</strong></span> <span class='ocrx_word' id='word_1_209' title='bbox 1424 1567 1478 1604; x_wconf 91' lang='lat' dir='ltr'><strong>sic</strong></span> <span class='ocrx_word' id='word_1_210' title='bbox 1506 1567 1780 1618; x_wconf 86' lang='lat' dir='ltr'><strong>interpreteris:</strong></span> <span class='ocrx_word' id='word_1_211' title='bbox 1830 1566 1893 1615; x_wconf 89' lang='lat' dir='ltr'><strong>„si</strong></span> 
     </span>
     <span class='ocr_line' id='line_1_21' title="bbox 378 1633 1892 1684; baseline 0.002 -16"><span class='ocrx_word' id='word_1_212' title='bbox 378 1633 476 1680; x_wconf 90' lang='lat' dir='ltr'><strong>quis,</strong></span> <span class='ocrx_word' id='word_1_213' title='bbox 506 1633 681 1681; x_wconf 90' lang='lat' dir='ltr'><strong>quicquid</strong></span> <span class='ocrx_word' id='word_1_214' title='bbox 704 1633 751 1670; x_wconf 89' lang='lat' dir='ltr'><strong>ab</strong></span> <span class='ocrx_word' id='word_1_215' title='bbox 778 1634 988 1672; x_wconf 87' lang='lat' dir='ltr'><strong>hominibus</strong></span> <span class='ocrx_word' id='word_1_216' title='bbox 1013 1639 1182 1672; x_wconf 88' lang='lat' dir='ltr'><strong>sanctum</strong></span> <span class='ocrx_word' id='word_1_217' title='bbox 1204 1633 1362 1671; x_wconf 91' lang='lat' dir='ltr'><strong>habetur</strong></span> <span class='ocrx_word' id='word_1_218' title='bbox 1388 1645 1434 1671; x_wconf 84' lang='lat' dir='ltr'><strong>ac</strong></span> <span class='ocrx_word' id='word_1_219' title='bbox 1463 1646 1632 1682; x_wconf 89' lang='lat' dir='ltr'><strong>sacrum,</strong></span> <span class='ocrx_word' id='word_1_220' title='bbox 1669 1646 1740 1684; x_wconf 89' lang='lat' dir='ltr'><strong>pro</strong></span> <span class='ocrx_word' id='word_1_221' title='bbox 1768 1645 1809 1671; x_wconf 92' lang='lat' dir='ltr'><strong>re</strong></span> <span class='ocrx_word' id='word_1_222' title='bbox 1833 1635 1892 1671; x_wconf 90' lang='lat' dir='ltr'><strong>in-</strong></span> 
     </span>
     <span class='ocr_line' id='line_1_22' title="bbox 377 1698 1892 1749; baseline 0.001 -15"><span class='ocrx_word' id='word_1_223' title='bbox 377 1698 438 1734; x_wconf 92' lang='lat' dir='ltr'><strong>ani</strong></span> <span class='ocrx_word' id='word_1_224' title='bbox 464 1702 576 1746; x_wconf 91' lang='lat' dir='ltr'><strong>atque</strong></span> <span class='ocrx_word' id='word_1_225' title='bbox 598 1711 706 1736; x_wconf 85' lang='lat' dir='ltr'><strong>cassa</strong></span> <span class='ocrx_word' id='word_1_226' title='bbox 728 1699 856 1748; x_wconf 85' lang='lat' dir='ltr'><strong>habet,</strong></span> <span class='ocrx_word' id='word_1_227' title='bbox 883 1701 907 1738; x_wconf 89' lang='lat' dir='ltr'><strong>i.</strong></span> <span class='ocrx_word' id='word_1_228' title='bbox 929 1713 962 1738; x_wconf 91' lang='lat' dir='ltr'><strong>e.</strong></span> <span class='ocrx_word' id='word_1_229' title='bbox 981 1703 1020 1738; x_wconf 90' lang='lat' dir='ltr'><strong>in</strong></span> <span class='ocrx_word' id='word_1_230' title='bbox 1043 1702 1179 1738; x_wconf 86' lang='lat' dir='ltr'><strong>virtute</strong></span> <span class='ocrx_word' id='word_1_231' title='bbox 1207 1701 1320 1738; x_wconf 84' lang='lat' dir='ltr'><strong>vitam</strong></span> <span class='ocrx_word' id='word_1_232' title='bbox 1347 1699 1497 1738; x_wconf 89' lang='lat' dir='ltr'><strong>beatam</strong></span> <span class='ocrx_word' id='word_1_233' title='bbox 1523 1700 1632 1738; x_wconf 88' lang='lat' dir='ltr'><strong>sitam</strong></span> <span class='ocrx_word' id='word_1_234' title='bbox 1653 1713 1737 1737; x_wconf 90' lang='lat' dir='ltr'><strong>esse</strong></span> <span class='ocrx_word' id='word_1_235' title='bbox 1764 1703 1892 1749; x_wconf 85' lang='lat' dir='ltr'><strong>negat,</strong></span> 
     </span>
     <span class='ocr_line' id='line_1_23' title="bbox 377 1764 1893 1817; baseline 0.003 -17"><span class='ocrx_word' id='word_1_236' title='bbox 377 1765 409 1800; x_wconf 89' lang='lat' dir='ltr'><strong>is</strong></span> <span class='ocrx_word' id='word_1_237' title='bbox 439 1764 487 1801; x_wconf 90' lang='lat' dir='ltr'><strong>ad</strong></span> <span class='ocrx_word' id='word_1_238' title='bbox 515 1764 613 1802; x_wconf 85' lang='lat' dir='ltr'><strong>aliud</strong></span> <span class='ocrx_word' id='word_1_239' title='bbox 642 1767 832 1816; x_wconf 86' lang='lat' dir='ltr'><strong>confugiat</strong></span> <span class='ocrx_word' id='word_1_240' title='bbox 860 1780 1039 1805; x_wconf 89' lang='lat' dir='ltr'><strong>summum</strong></span> <span class='ocrx_word' id='word_1_241' title='bbox 1075 1767 1250 1805; x_wconf 86' lang='lat' dir='ltr'><strong>bonum“</strong></span> <span class='ocrx_word' id='word_1_242' title='bbox 1289 1770 1361 1804; x_wconf 86' lang='lat' dir='ltr'><strong>etc.</strong></span> <span class='ocrx_word' id='word_1_243' title='bbox 1418 1766 1478 1804; x_wconf 91' lang='lat' dir='ltr'><strong>Ad</strong></span> <span class='ocrx_word' id='word_1_244' title='bbox 1511 1768 1734 1805; x_wconf 88' lang='lat' dir='ltr'><strong>sententiam</strong></span> <span class='ocrx_word' id='word_1_245' title='bbox 1771 1767 1893 1817; x_wconf 85' lang='lat' dir='ltr'><strong>ipsam</strong></span> 
     </span>
     <span class='ocr_line' id='line_1_24' title="bbox 375 1830 1892 1882; baseline 0.001 -14"><span class='ocrx_word' id='word_1_246' title='bbox 375 1831 518 1868; x_wconf 82' lang='lat' dir='ltr'><strong>faciunt</strong></span> <span class='ocrx_word' id='word_1_247' title='bbox 544 1830 667 1881; x_wconf 88' lang='lat' dir='ltr'><strong>Epist.</strong></span> <span class='ocrx_word' id='word_1_248' title='bbox 698 1835 719 1873; x_wconf 91' lang='lat'>1</span> <span class='ocrx_word' id='word_1_249' title='bbox 735 1860 747 1882; x_wconf 88' lang='lat'><strong>,</strong></span> <span class='ocrx_word' id='word_1_250' title='bbox 795 1836 872 1882; x_wconf 88' lang='lat'><strong>17,</strong></span> <span class='ocrx_word' id='word_1_251' title='bbox 917 1831 985 1875; x_wconf 85' lang='grc'><strong>41.</strong></span> <span class='ocrx_word' id='word_1_252' title='bbox 1041 1834 1133 1871; x_wconf 85' lang='lat' dir='ltr'><strong>Aut</strong></span> <span class='ocrx_word' id='word_1_253' title='bbox 1158 1834 1283 1870; x_wconf 70' lang='lat' dir='ltr'><strong>virtus</strong></span> <span class='ocrx_word' id='word_1_254' title='bbox 1311 1846 1450 1869; x_wconf 86' lang='lat' dir='ltr'><strong>nomen</strong></span> <span class='ocrx_word' id='word_1_255' title='bbox 1477 1834 1596 1869; x_wconf 86' lang='lat' dir='ltr'><strong>inane</strong></span> <span class='ocrx_word' id='word_1_256' title='bbox 1623 1839 1679 1869; x_wconf 80' lang='lat' dir='ltr'><strong>est</strong></span> <span class='ocrx_word' id='word_1_257' title='bbox 1703 1832 1796 1869; x_wconf 82' lang='lat' dir='ltr'><strong>Aut</strong></span> <span class='ocrx_word' id='word_1_258' title='bbox 1819 1837 1892 1870; x_wconf 88' lang='lat' dir='ltr'><strong>etc.</strong></span> 
     </span>
     <span class='ocr_line' id='line_1_25' title="bbox 379 1897 1896 1952; baseline 0.001 -18"><span class='ocrx_word' id='word_1_259' title='bbox 379 1898 459 1937; x_wconf 88' lang='lat' dir='ltr'><strong>Cic.</strong></span> <span class='ocrx_word' id='word_1_260' title='bbox 486 1897 594 1935; x_wconf 90' lang='lat' dir='ltr'><strong>Lael.</strong></span> <span class='ocrx_word' id='word_1_261' title='bbox 625 1899 700 1949; x_wconf 76' lang='lat'><strong>23,</strong></span> <span class='ocrx_word' id='word_1_262' title='bbox 746 1902 813 1940; x_wconf 90' lang='grc'><strong>86.</strong></span> <span class='ocrx_word' id='word_1_263' title='bbox 842 1900 1023 1952; x_wconf 90' lang='lat' dir='ltr'><strong>(Gernh.)</strong></span> <span class='ocrx_word' id='word_1_264' title='bbox 1061 1915 1087 1937; x_wconf 90' lang='lat' dir='ltr'><strong>a</strong></span> <span class='ocrx_word' id='word_1_265' title='bbox 1114 1900 1250 1937; x_wconf 84' lang='lat' dir='ltr'><strong>multis</strong></span> <span class='ocrx_word' id='word_1_266' title='bbox 1284 1902 1372 1949; x_wconf 83' lang='lat' dir='ltr'><strong>ipsa</strong></span> <span class='ocrx_word' id='word_1_267' title='bbox 1403 1901 1529 1941; x_wconf 72' lang='lat' dir='ltr'><strong>virtus</strong></span> <span class='ocrx_word' id='word_1_268' title='bbox 1566 1901 1822 1938; x_wconf 80' lang='lat' dir='ltr'><strong>contemnitur</strong></span> <span class='ocrx_word' id='word_1_269' title='bbox 1858 1906 1896 1936; x_wconf 78' lang='lat' dir='ltr'><strong>et</strong></span> 
     </span>
     <span class='ocr_line' id='line_1_26' title="bbox 377 1965 1893 2017; baseline 0.002 -17"><span class='ocrx_word' id='word_1_270' title='bbox 377 1965 590 2001; x_wconf 74' lang='lat' dir='ltr'><strong>venditatio</strong></span> <span class='ocrx_word' id='word_1_271' title='bbox 616 1966 810 2015; x_wconf 78' lang='lat' dir='ltr'><strong>quaedam</strong></span> <span class='ocrx_word' id='word_1_272' title='bbox 832 1974 951 2017; x_wconf 84' lang='lat' dir='ltr'><strong>atque</strong></span> <span class='ocrx_word' id='word_1_273' title='bbox 978 1968 1180 2004; x_wconf 77' lang='lat' dir='ltr'><strong>ostentatio</strong></span> <span class='ocrx_word' id='word_1_274' title='bbox 1206 1979 1285 2003; x_wconf 87' lang='lat' dir='ltr'><strong>esse</strong></span> <span class='ocrx_word' id='word_1_275' title='bbox 1313 1966 1468 2004; x_wconf 84' lang='lat' dir='ltr'><strong>dicitur.</strong></span> <span class='ocrx_word' id='word_1_276' title='bbox 1523 1965 1698 2004; x_wconf 87' lang='lat' dir='ltr'><strong>Laudant</strong></span> <span class='ocrx_word' id='word_1_277' title='bbox 1714 1966 1893 2015; x_wconf 87' lang='lat' dir='ltr'><strong>imprimis</strong></span> 
     </span>
     <span class='ocr_line' id='line_1_27' title="bbox 376 2031 1893 2084; baseline -0.001 -16"><span class='ocrx_word' id='word_1_278' title='bbox 376 2031 581 2069; x_wconf 88' lang='lat' dir='ltr'><strong>Lambinus</strong></span> <span class='ocrx_word' id='word_1_279' title='bbox 611 2036 650 2069; x_wconf 88' lang='lat' dir='ltr'><strong>et</strong></span> <span class='ocrx_word' id='word_1_280' title='bbox 676 2031 719 2072; x_wconf 90' lang='lat' dir='ltr'><strong>P.</strong></span> <span class='ocrx_word' id='word_1_281' title='bbox 747 2031 876 2070; x_wconf 87' lang='lat' dir='ltr'><strong>Victor</strong></span> <span class='ocrx_word' id='word_1_282' title='bbox 905 2033 966 2084; x_wconf 86' lang='lat' dir='ltr'><strong>(V.</strong></span> <span class='ocrx_word' id='word_1_283' title='bbox 992 2032 1039 2071; x_wconf 94' lang='lat' dir='ltr'><strong>L.</strong></span> <span class='ocrx_word' id='word_1_284' title='bbox 1069 2034 1147 2082; x_wconf 85' lang='lat'><strong>23,</strong></span> <span class='ocrx_word' id='word_1_285' title='bbox 1195 2031 1277 2083; x_wconf 89' lang='lat'>11.)</span> <span class='ocrx_word' id='word_1_286' title='bbox 1304 2046 1437 2070; x_wconf 86' lang='lat' dir='ltr'><strong>vocem</strong></span> <span class='ocrx_word' id='word_1_287' title='bbox 1464 2033 1657 2070; x_wconf 88' lang='lat' dir='ltr'><strong>morientis</strong></span> <span class='ocrx_word' id='word_1_288' title='bbox 1687 2032 1791 2068; x_wconf 86' lang='lat' dir='ltr'><strong>Bruti</strong></span> <span class='ocrx_word' id='word_1_289' title='bbox 1833 2043 1893 2082; x_wconf 90' lang='lat' dir='ltr'><strong>ap.</strong></span> 
     </span>
     <span class='ocr_line' id='line_1_28' title="bbox 376 2093 1894 2152; baseline 0 -16"><span class='ocrx_word' id='word_1_290' title='bbox 376 2097 489 2136; x_wconf 87' lang='lat' dir='ltr'><strong>Dion.</strong></span> <span class='ocrx_word' id='word_1_291' title='bbox 519 2099 628 2136; x_wconf 89' lang='lat' dir='ltr'><strong>Cass.</strong></span> <span class='ocrx_word' id='word_1_292' title='bbox 658 2096 736 2149; x_wconf 84' lang='lat'><strong>47,</strong></span> <span class='ocrx_word' id='word_1_293' title='bbox 765 2098 832 2138; x_wconf 83' lang='lat'><strong>49.</strong></span> <span class='ocrx_word' id='word_1_294' title='bbox 873 2094 907 2140; x_wconf 71' lang='grc' dir='ltr'><em>ὦ</em></span> <span class='ocrx_word' id='word_1_295' title='bbox 929 2102 1078 2150; x_wconf 82' lang='grc' dir='ltr'><strong><em>τλῆμον</em></strong></span> <span class='ocrx_word' id='word_1_296' title='bbox 1107 2094 1254 2151; x_wconf 69' lang='grc' dir='ltr'>ἀρετή,</span> <span class='ocrx_word' id='word_1_297' title='bbox 1282 2095 1398 2152; x_wconf 85' lang='grc' dir='ltr'><em>λόγος</em></span> <span class='ocrx_word' id='word_1_298' title='bbox 1427 2094 1490 2150; x_wconf 66' lang='grc' dir='ltr'><strong>ἄρ’</strong></span> <span class='ocrx_word' id='word_1_299' title='bbox 1517 2093 1635 2149; x_wconf 77' lang='grc' dir='ltr'><strong><em>ἧσθ’·</em></strong></span> <span class='ocrx_word' id='word_1_300' title='bbox 1675 2094 1749 2150; x_wconf 68' lang='grc' dir='ltr'><strong>ἐγώ</strong></span> <span class='ocrx_word' id='word_1_301' title='bbox 1780 2095 1823 2136; x_wconf 83' lang='grc' dir='ltr'><strong>δέ</strong></span> <span class='ocrx_word' id='word_1_302' title='bbox 1851 2109 1894 2137; x_wconf 82' lang='grc' dir='ltr'><strong>σε</strong></span> 
     </span>
     <span class='ocr_line' id='line_1_29' title="bbox 377 2161 1894 2221; baseline -0.001 -18"><span class='ocrx_word' id='word_1_303' title='bbox 377 2162 433 2210; x_wconf 71' lang='grc' dir='ltr'><strong>ὥς</strong></span> <span class='ocrx_word' id='word_1_304' title='bbox 463 2163 576 2216; x_wconf 75' lang='grc' dir='ltr'><em>ἔργον</em></span> <span class='ocrx_word' id='word_1_305' title='bbox 603 2161 770 2215; x_wconf 74' lang='grc' dir='ltr'>ἤσκουν,</span> <span class='ocrx_word' id='word_1_306' title='bbox 800 2165 849 2207; x_wconf 71' lang='grc' dir='ltr'><em>σύ</em></span> <span class='ocrx_word' id='word_1_307' title='bbox 879 2163 915 2207; x_wconf 81' lang='grc' dir='ltr'><strong>δ’</strong></span> <span class='ocrx_word' id='word_1_308' title='bbox 943 2162 1003 2217; x_wconf 65' lang='grc' dir='ltr'><strong>ἄρ’</strong></span> <span class='ocrx_word' id='word_1_309' title='bbox 1031 2162 1238 2213; x_wconf 77' lang='grc' dir='ltr'><em>ἐδούλευες</em></span> <span class='ocrx_word' id='word_1_310' title='bbox 1263 2163 1372 2221; x_wconf 78' lang='grc' dir='ltr'><em>τύχῃ.</em></span> <span class='ocrx_word' id='word_1_311' title='bbox 1415 2166 1581 2204; x_wconf 89' lang='lat' dir='ltr'><strong>Eosdem</strong></span> <span class='ocrx_word' id='word_1_312' title='bbox 1598 2165 1769 2204; x_wconf 90' lang='lat' dir='ltr'><strong>Herculis</strong></span> <span class='ocrx_word' id='word_1_313' title='bbox 1784 2176 1894 2202; x_wconf 87' lang='lat' dir='ltr'><strong>sena-</strong></span> 
     </span>
     <span class='ocr_line' id='line_1_30' title="bbox 375 2231 1894 2284; baseline -0.001 -16"><span class='ocrx_word' id='word_1_314' title='bbox 375 2232 451 2268; x_wconf 92' lang='lat' dir='ltr'><strong>rios</strong></span> <span class='ocrx_word' id='word_1_315' title='bbox 487 2244 509 2268; x_wconf 91' lang='lat' dir='ltr'><strong>a</strong></span> <span class='ocrx_word' id='word_1_316' title='bbox 537 2231 655 2269; x_wconf 89' lang='lat' dir='ltr'><strong>Bruto</strong></span> <span class='ocrx_word' id='word_1_317' title='bbox 691 2238 888 2284; x_wconf 87' lang='lat' dir='ltr'><strong>usurpatos</strong></span> <span class='ocrx_word' id='word_1_318' title='bbox 927 2234 1079 2284; x_wconf 87' lang='lat' dir='ltr'><strong>repetiit</strong></span> <span class='ocrx_word' id='word_1_319' title='bbox 1115 2246 1236 2283; x_wconf 90' lang='lat' dir='ltr'><strong>usque</strong></span> <span class='ocrx_word' id='word_1_320' title='bbox 1276 2235 1324 2271; x_wconf 93' lang='lat' dir='ltr'><strong>ad</strong></span> <span class='ocrx_word' id='word_1_321' title='bbox 1358 2233 1463 2271; x_wconf 86' lang='lat' dir='ltr'><strong>verb.</strong></span> <span class='ocrx_word' id='word_1_322' title='bbox 1491 2231 1644 2282; x_wconf 76' lang='grc' dir='ltr'><strong><em>ἤσκουν</em></strong></span> <span class='ocrx_word' id='word_1_323' title='bbox 1673 2231 1894 2269; x_wconf 88' lang='lat' dir='ltr'><strong>Plutarchus</strong></span> 
     </span>
     <span class='ocr_line' id='line_1_31' title="bbox 375 2297 1893 2353; baseline 0 -19"><span class='ocrx_word' id='word_1_324' title='bbox 375 2299 423 2335; x_wconf 89' lang='lat' dir='ltr'><strong>de</strong></span> <span class='ocrx_word' id='word_1_325' title='bbox 452 2299 624 2348; x_wconf 85' lang='lat' dir='ltr'><strong>Superst.</strong></span> <span class='ocrx_word' id='word_1_326' title='bbox 653 2299 718 2340; x_wconf 89' lang='lat' dir='ltr'><strong>VI.</strong></span> <span class='ocrx_word' id='word_1_327' title='bbox 748 2315 787 2353; x_wconf 85' lang='lat' dir='ltr'><strong>p.</strong></span> <span class='ocrx_word' id='word_1_328' title='bbox 815 2303 923 2350; x_wconf 89' lang='grc'>628.,</span> <span class='ocrx_word' id='word_1_329' title='bbox 951 2301 1117 2352; x_wconf 83' lang='lat' dir='ltr'><strong>respexit</strong></span> <span class='ocrx_word' id='word_1_330' title='bbox 1144 2300 1279 2338; x_wconf 91' lang='lat' dir='ltr'><strong>Florus</strong></span> <span class='ocrx_word' id='word_1_331' title='bbox 1308 2299 1358 2350; x_wconf 86' lang='lat'><strong>4,</strong></span> <span class='ocrx_word' id='word_1_332' title='bbox 1389 2301 1430 2340; x_wconf 89' lang='lat'><strong>7.</strong></span> <span class='ocrx_word' id='word_1_333' title='bbox 1487 2299 1570 2337; x_wconf 86' lang='lat' dir='ltr'><strong>Sed</strong></span> <span class='ocrx_word' id='word_1_334' title='bbox 1593 2305 1740 2351; x_wconf 86' lang='lat' dir='ltr'><strong>quanto</strong></span> <span class='ocrx_word' id='word_1_335' title='bbox 1763 2297 1893 2347; x_wconf 70' lang='lat' dir='ltr'><strong>effica-</strong></span> 
     </span>
     <span class='ocr_line' id='line_1_32' title="bbox 376 2365 1894 2418; baseline -0.001 -17"><span class='ocrx_word' id='word_1_336' title='bbox 376 2366 456 2402; x_wconf 79' lang='lat' dir='ltr'><strong>cior</strong></span> <span class='ocrx_word' id='word_1_337' title='bbox 484 2373 539 2402; x_wconf 86' lang='lat' dir='ltr'><strong>est</strong></span> <span class='ocrx_word' id='word_1_338' title='bbox 553 2366 725 2416; x_wconf 81' lang='lat' dir='ltr'><strong>jbrtuna</strong></span> <span class='ocrx_word' id='word_1_339' title='bbox 752 2380 874 2417; x_wconf 85' lang='lat' dir='ltr'><strong>quam</strong></span> <span class='ocrx_word' id='word_1_340' title='bbox 901 2367 1055 2404; x_wconf 70' lang='lat' dir='ltr'><strong>virtus?</strong></span> <span class='ocrx_word' id='word_1_341' title='bbox 1101 2374 1138 2404; x_wconf 86' lang='lat' dir='ltr'><strong>et</strong></span> <span class='ocrx_word' id='word_1_342' title='bbox 1165 2380 1286 2418; x_wconf 87' lang='lat' dir='ltr'><strong>quam</strong></span> <span class='ocrx_word' id='word_1_343' title='bbox 1314 2379 1450 2404; x_wconf 67' lang='lat' dir='ltr'><strong>verum</strong></span> <span class='ocrx_word' id='word_1_344' title='bbox 1473 2372 1552 2411; x_wconf 85' lang='lat' dir='ltr'><strong>est,</strong></span> <span class='ocrx_word' id='word_1_345' title='bbox 1596 2365 1704 2417; x_wconf 83' lang='lat' dir='ltr'><strong>quod</strong></span> <span class='ocrx_word' id='word_1_346' title='bbox 1727 2365 1894 2401; x_wconf 78' lang='lat' dir='ltr'><strong>moriens</strong></span> 
     </span>
     <span class='ocr_line' id='line_1_33' title="bbox 375 2431 1893 2483; baseline 0 -14"><span class='ocrx_word' id='word_1_347' title='bbox 375 2434 524 2483; x_wconf 68' lang='lat' dir='ltr'><strong>efflavit</strong></span> <span class='ocrx_word' id='word_1_348' title='bbox 536 2461 549 2478; x_wconf 92' lang='lat'><strong>,</strong></span> <span class='ocrx_word' id='word_1_349' title='bbox 586 2447 664 2470; x_wconf 91' lang='lat' dir='ltr'><strong>non</strong></span> <span class='ocrx_word' id='word_1_350' title='bbox 693 2435 735 2469; x_wconf 88' lang='lat' dir='ltr'><strong>in</strong></span> <span class='ocrx_word' id='word_1_351' title='bbox 762 2445 829 2478; x_wconf 89' lang='lat' dir='ltr'><strong>re,</strong></span> <span class='ocrx_word' id='word_1_352' title='bbox 857 2433 927 2470; x_wconf 84' lang='lat' dir='ltr'><strong>sed</strong></span> <span class='ocrx_word' id='word_1_353' title='bbox 947 2435 991 2469; x_wconf 88' lang='lat' dir='ltr'><strong>in</strong></span> <span class='ocrx_word' id='word_1_354' title='bbox 1015 2433 1127 2471; x_wconf 69' lang='lat' dir='ltr'><strong>verbo</strong></span> <span class='ocrx_word' id='word_1_355' title='bbox 1161 2441 1315 2471; x_wconf 86' lang='lat' dir='ltr'><strong>tantum</strong></span> <span class='ocrx_word' id='word_1_356' title='bbox 1344 2445 1423 2469; x_wconf 82' lang='lat' dir='ltr'><strong>esse</strong></span> <span class='ocrx_word' id='word_1_357' title='bbox 1448 2433 1642 2469; x_wconf 70' lang='lat' dir='ltr'><strong>virtutem.</strong></span> <span class='ocrx_word' id='word_1_358' title='bbox 1700 2431 1818 2469; x_wconf 86' lang='lat' dir='ltr'><strong>Aliter</strong></span> <span class='ocrx_word' id='word_1_359' title='bbox 1845 2431 1893 2468; x_wconf 90' lang='lat' dir='ltr'><strong>de</strong></span> 
     </span>
     <span class='ocr_line' id='line_1_34' title="bbox 375 2497 1893 2550; baseline -0.001 -14"><span class='ocrx_word' id='word_1_360' title='bbox 375 2500 523 2538; x_wconf 89' lang='lat' dir='ltr'><strong>Catone</strong></span> <span class='ocrx_word' id='word_1_361' title='bbox 551 2501 721 2538; x_wconf 86' lang='lat' dir='ltr'><strong>Uticensi</strong></span> <span class='ocrx_word' id='word_1_362' title='bbox 750 2499 885 2537; x_wconf 89' lang='lat' dir='ltr'><strong>Cicero</strong></span> <span class='ocrx_word' id='word_1_363' title='bbox 915 2499 1031 2538; x_wconf 89' lang='lat' dir='ltr'><strong>Tusc.</strong></span> <span class='ocrx_word' id='word_1_364' title='bbox 1062 2500 1112 2549; x_wconf 83' lang='lat'><strong>5,</strong></span> <span class='ocrx_word' id='word_1_365' title='bbox 1158 2502 1203 2550; x_wconf 85' lang='lat'><strong>1,</strong></span> <span class='ocrx_word' id='word_1_366' title='bbox 1247 2497 1288 2538; x_wconf 88' lang='grc'><strong>4.</strong></span> <span class='ocrx_word' id='word_1_367' title='bbox 1330 2499 1435 2550; x_wconf 86' lang='lat' dir='ltr'><strong>(ibiq.</strong></span> <span class='ocrx_word' id='word_1_368' title='bbox 1465 2497 1629 2548; x_wconf 87' lang='lat' dir='ltr'><strong>Klotz.):</strong></span> <span class='ocrx_word' id='word_1_369' title='bbox 1680 2497 1763 2535; x_wconf 86' lang='lat' dir='ltr'><strong>Illa</strong></span> <span class='ocrx_word' id='word_1_370' title='bbox 1789 2499 1893 2534; x_wconf 88' lang='lat' dir='ltr'><strong>enim</strong></span> 
     </span>
     <span class='ocr_line' id='line_1_35' title="bbox 374 2564 1892 2617; baseline 0.001 -16"><span class='ocrx_word' id='word_1_371' title='bbox 374 2566 562 2617; x_wconf 70' lang='lat' dir='ltr'><strong>(virtus),</strong></span> <span class='ocrx_word' id='word_1_372' title='bbox 606 2570 642 2604; x_wconf 81' lang='lat' dir='ltr'><strong>si</strong></span> <span class='ocrx_word' id='word_1_373' title='bbox 669 2567 782 2604; x_wconf 89' lang='lat' dir='ltr'><strong>modo</strong></span> <span class='ocrx_word' id='word_1_374' title='bbox 812 2574 867 2604; x_wconf 87' lang='lat' dir='ltr'><strong>est</strong></span> <span class='ocrx_word' id='word_1_375' title='bbox 893 2566 982 2604; x_wconf 83' lang='lat' dir='ltr'><strong>ulla</strong></span> <span class='ocrx_word' id='word_1_376' title='bbox 1010 2568 1136 2604; x_wconf 70' lang='lat' dir='ltr'><strong>virtus</strong></span> <span class='ocrx_word' id='word_1_377' title='bbox 1149 2594 1163 2612; x_wconf 90' lang='lat'><strong>,</strong></span> <span class='ocrx_word' id='word_1_378' title='bbox 1211 2580 1332 2617; x_wconf 83' lang='lat' dir='ltr'><strong>quam</strong></span> <span class='ocrx_word' id='word_1_379' title='bbox 1360 2564 1641 2602; x_wconf 81' lang='lat' dir='ltr'><strong>dubitationem</strong></span> <span class='ocrx_word' id='word_1_380' title='bbox 1669 2564 1892 2603; x_wconf 69' lang='lat' dir='ltr'><strong>avunculus</strong></span> 
     </span>
     <span class='ocr_line' id='line_1_36' title="bbox 375 2633 1893 2683; baseline -0.001 -14"><span class='ocrx_word' id='word_1_381' title='bbox 375 2640 483 2678; x_wconf 79' lang='lat' dir='ltr'><strong>tuus,</strong></span> <span class='ocrx_word' id='word_1_382' title='bbox 509 2635 655 2681; x_wconf 83' lang='lat' dir='ltr'><strong>Brute,</strong></span> <span class='ocrx_word' id='word_1_383' title='bbox 684 2634 845 2671; x_wconf 79' lang='lat' dir='ltr'><strong>sustulit</strong></span> <span class='ocrx_word' id='word_1_384' title='bbox 873 2638 945 2671; x_wconf 85' lang='lat' dir='ltr'><strong>etc.</strong></span> <span class='ocrx_word' id='word_1_385' title='bbox 1001 2633 1058 2674; x_wconf 86' lang='lat' dir='ltr'><strong>Id.</strong></span> <span class='ocrx_word' id='word_1_386' title='bbox 1088 2634 1127 2683; x_wconf 87' lang='lat'><strong>5,</strong></span> <span class='ocrx_word' id='word_1_387' title='bbox 1158 2634 1225 2682; x_wconf 85' lang='lat'><strong>26,</strong></span> <span class='ocrx_word' id='word_1_388' title='bbox 1255 2633 1321 2672; x_wconf 87' lang='lat'><strong>73.</strong></span> <span class='ocrx_word' id='word_1_389' title='bbox 1351 2646 1474 2683; x_wconf 88' lang='lat' dir='ltr'><strong>quum</strong></span> <span class='ocrx_word' id='word_1_390' title='bbox 1489 2633 1721 2682; x_wconf 82' lang='lat' dir='ltr'><strong>praesertim</strong></span> <span class='ocrx_word' id='word_1_391' title='bbox 1740 2633 1893 2682; x_wconf 79' lang='lat' dir='ltr'><strong>Epicu-</strong></span> 
     </span>
     <span class='ocr_line' id='line_1_37' title="bbox 372 2698 1895 2750; baseline -0.001 -15"><span class='ocrx_word' id='word_1_392' title='bbox 372 2714 441 2735; x_wconf 85' lang='lat' dir='ltr'><strong>rus</strong></span> <span class='ocrx_word' id='word_1_393' title='bbox 462 2722 518 2728; x_wconf 89' lang='lat'><strong>——</strong></span> <span class='ocrx_word' id='word_1_394' title='bbox 541 2701 640 2738; x_wconf 77' lang='lat' dir='ltr'><strong>haee</strong></span> <span class='ocrx_word' id='word_1_395' title='bbox 660 2709 811 2747; x_wconf 86' lang='lat' dir='ltr'><strong>nostra,</strong></span> <span class='ocrx_word' id='word_1_396' title='bbox 838 2701 999 2739; x_wconf 78' lang='lat' dir='ltr'><strong>honesta</strong></span> <span class='ocrx_word' id='word_1_397' title='bbox 1028 2701 1189 2750; x_wconf 85' lang='lat' dir='ltr'><strong>turpia,</strong></span> <span class='ocrx_word' id='word_1_398' title='bbox 1226 2699 1386 2736; x_wconf 86' lang='lat' dir='ltr'><strong>irrideat</strong></span> <span class='ocrx_word' id='word_1_399' title='bbox 1412 2699 1596 2749; x_wconf 83' lang='lat' dir='ltr'><strong>dicatque</strong></span> <span class='ocrx_word' id='word_1_400' title='bbox 1622 2712 1691 2736; x_wconf 80' lang='lat' dir='ltr'><strong>nos</strong></span> <span class='ocrx_word' id='word_1_401' title='bbox 1717 2699 1761 2735; x_wconf 84' lang='lat' dir='ltr'><strong>in</strong></span> <span class='ocrx_word' id='word_1_402' title='bbox 1788 2698 1895 2734; x_wconf 77' lang='grc' dir='ltr'>νοοί-</span> 
     </span>
     <span class='ocr_line' id='line_1_38' title="bbox 374 2763 1896 2818; baseline 0.003 -15"><span class='ocrx_word' id='word_1_403' title='bbox 374 2766 446 2803; x_wconf 85' lang='lat' dir='ltr'><strong>bus</strong></span> <span class='ocrx_word' id='word_1_404' title='bbox 470 2776 678 2817; x_wconf 81' lang='lat' dir='ltr'><strong>occupatos</strong></span> <span class='ocrx_word' id='word_1_405' title='bbox 705 2770 841 2804; x_wconf 88' lang='lat' dir='ltr'><strong>inanes</strong></span> <span class='ocrx_word' id='word_1_406' title='bbox 869 2781 982 2804; x_wconf 86' lang='lat' dir='ltr'><strong>sonos</strong></span> <span class='ocrx_word' id='word_1_407' title='bbox 998 2766 1185 2818; x_wconf 85' lang='lat' dir='ltr'><strong>sundere.</strong></span> <span class='ocrx_word' id='word_1_408' title='bbox 1247 2767 1303 2804; x_wconf 90' lang='lat' dir='ltr'><strong>Id.</strong></span> <span class='ocrx_word' id='word_1_409' title='bbox 1334 2766 1383 2816; x_wconf 83' lang='lat'><strong>5,</strong></span> <span class='ocrx_word' id='word_1_410' title='bbox 1431 2764 1510 2815; x_wconf 81' lang='grc'><strong>41,</strong></span> <span class='ocrx_word' id='word_1_411' title='bbox 1563 2767 1656 2806; x_wconf 89' lang='grc'>119-</span> <span class='ocrx_word' id='word_1_412' title='bbox 1718 2763 1835 2814; x_wconf 71' lang='lat' dir='ltr'><strong>Quod</strong></span> <span class='ocrx_word' id='word_1_413' title='bbox 1858 2764 1896 2799; x_wconf 64' lang='grc' dir='ltr'><strong><em>δί</em></strong></span> 
     </span>
     <span class='ocr_line' id='line_1_39' title="bbox 371 2830 1893 2886; baseline -0.003 -16"><span class='ocrx_word' id='word_1_414' title='bbox 371 2832 433 2870; x_wconf 79' lang='lat' dir='ltr'><strong>his</strong></span> <span class='ocrx_word' id='word_1_415' title='bbox 457 2832 717 2883; x_wconf 77' lang='lat' dir='ltr'><strong>philosophis,</strong></span> <span class='ocrx_word' id='word_1_416' title='bbox 748 2849 912 2886; x_wconf 86' lang='lat' dir='ltr'><strong>quorum</strong></span> <span class='ocrx_word' id='word_1_417' title='bbox 942 2849 988 2872; x_wconf 86' lang='lat' dir='ltr'><strong>ea</strong></span> <span class='ocrx_word' id='word_1_418' title='bbox 1013 2834 1201 2871; x_wconf 80' lang='lat' dir='ltr'><strong>sententia</strong></span> <span class='ocrx_word' id='word_1_419' title='bbox 1230 2840 1302 2879; x_wconf 84' lang='lat' dir='ltr'><strong>est,</strong></span> <span class='ocrx_word' id='word_1_420' title='bbox 1331 2841 1377 2871; x_wconf 87' lang='lat' dir='ltr'><strong>ut</strong></span> <span class='ocrx_word' id='word_1_421' title='bbox 1403 2835 1530 2871; x_wconf 69' lang='lat' dir='ltr'><strong>virtus</strong></span> <span class='ocrx_word' id='word_1_422' title='bbox 1546 2845 1621 2882; x_wconf 89' lang='lat' dir='ltr'><strong>per</strong></span> <span class='ocrx_word' id='word_1_423' title='bbox 1646 2844 1687 2868; x_wconf 84' lang='lat' dir='ltr'><strong>se</strong></span> <span class='ocrx_word' id='word_1_424' title='bbox 1714 2832 1801 2880; x_wconf 81' lang='lat' dir='ltr'><strong>ipsa</strong></span> <span class='ocrx_word' id='word_1_425' title='bbox 1829 2830 1893 2866; x_wconf 80' lang='lat' dir='ltr'><strong>ni-</strong></span> 
     </span>
     <span class='ocr_line' id='line_1_40' title="bbox 370 2895 1897 2952; baseline -0.004 -14"><span class='ocrx_word' id='word_1_426' title='bbox 370 2900 431 2938; x_wconf 78' lang='lat' dir='ltr'><strong>Izil</strong></span> <span class='ocrx_word' id='word_1_427' title='bbox 457 2901 588 2939; x_wconf 69' lang='lat' dir='ltr'><strong>valeat</strong></span> <span class='ocrx_word' id='word_1_428' title='bbox 597 2929 613 2947; x_wconf 78' lang='lat'><strong>,</strong></span> <span class='ocrx_word' id='word_1_429' title='bbox 647 2915 834 2952; x_wconf 85' lang='lat' dir='ltr'><strong>omneque</strong></span> <span class='ocrx_word' id='word_1_430' title='bbox 855 2902 964 2952; x_wconf 84' lang='lat' dir='ltr'><strong>quod</strong></span> <span class='ocrx_word' id='word_1_431' title='bbox 987 2901 1190 2939; x_wconf 75' lang='lat' dir='ltr'><strong>honestum</strong></span> <span class='ocrx_word' id='word_1_432' title='bbox 1218 2914 1287 2937; x_wconf 84' lang='lat' dir='ltr'><strong>nos</strong></span> <span class='ocrx_word' id='word_1_433' title='bbox 1313 2907 1348 2937; x_wconf 87' lang='lat' dir='ltr'><strong>et</strong></span> <span class='ocrx_word' id='word_1_434' title='bbox 1380 2898 1582 2937; x_wconf 79' lang='lat' dir='ltr'><strong>laudabile</strong></span> <span class='ocrx_word' id='word_1_435' title='bbox 1608 2898 1813 2941; x_wconf 82' lang='lat' dir='ltr'><strong>dieamus,</strong></span> <span class='ocrx_word' id='word_1_436' title='bbox 1850 2895 1897 2932; x_wconf 88' lang='lat' dir='ltr'><strong>id</strong></span> 
     </span>
    </p>
   </div>
   <div class='ocr_carea' id='block_1_3' title="bbox 1986 0 2028 286">
    <p class='ocr_par' dir='ltr' id='par_1_3' title="bbox 1986 0 2028 218">
     <span class='ocr_line' id='line_1_41' title="bbox 1986 0 2028 209; baseline 0 -94"><span class='ocrx_word' id='word_1_437' title='bbox 1986 0 2028 209; x_wconf 59' lang='grc' dir='ltr'>,Ι</span> 
     </span>
     <span class='ocr_line' id='line_1_42' title="bbox 2001 180 2011 201; baseline 0 0"><span class='ocrx_word' id='word_1_438' title='bbox 2001 180 2011 201; x_wconf 54' lang='lat'><strong>⁶:</strong></span> 
     </span>
     <span class='ocr_line' id='line_1_43' title="bbox 2007 204 2028 218; baseline 0 -4"><span class='ocrx_word' id='word_1_439' title='bbox 2007 204 2028 218; x_wconf 53' lang='grc' dir='ltr'><strong>εν.-</strong></span> 
     </span>
    </p>

    <p class='ocr_par' dir='ltr' id='par_1_4' title="bbox 2008 265 2028 286">
     <span class='ocr_line' id='line_1_44' title="bbox 2008 265 2028 286; baseline 0 0"><span class='ocrx_word' id='word_1_440' title='bbox 2008 265 2028 286; x_wconf 57' lang='grc' dir='ltr'><strong>-Ῑ</strong></span> 
     </span>
    </p>
   </div>
  </div>
 </body>
</html>
