2028 3268
177 286 234 328 39
300 281 684 324 COMMENTARII
705 282 764 322 IN
787 281 1020 323 HORATII
1046 279 1190 322 LIB.I.
1213 279 1382 319 EPIST.
1403 278 1605 328 QUART.
1644 277 1729 320 229

177 407 362 458 carmina,
391 419 490 457 quae
517 408 679 448 hilarent
701 410 864 448 animum
889 412 957 448 aut
984 407 1146 458 scribat,
1178 405 1314 457 quibus
1339 405 1388 444 ab
1415 418 1542 444 amore
1574 407 1728 457 ejusque

176 474 275 513 curis
300 477 520 517 avocetur.“
559 477 604 516 In
628 490 672 516 ea
691 477 879 516 sententia
898 481 990 515 sunt
1014 475 1219 526 Spolznius
1243 473 1469 527 (Disputat.
1494 475 1543 512 de
1576 474 1727 514 Tibull.

183 543 264 582 Vit.
291 550 330 579 et
359 544 492 584 Carm.
513 558 597 598 cap.
624 545 673 584 II.
691 560 729 598 p.
750 546 819 587 50.
844 549 883 584 et
898 559 982 597 cap.
1005 543 1050 582 V.
1072 557 1111 595 p.
1126 544 1216 596 96),
1250 542 1504 581 Wielzertus
1522 543 1590 594 (de
1616 543 1725 581 Cass.

176 611 320 648 Par-m.
345 609 451 664 Lips.
475 614 598 654 1836.
621 627 658 664 p.
681 611 777 654 234.
800 612 927 664 239),
973 612 1236 662 Charpentier
1267 611 1423 664 (Horat.
1449 612 1550 664 Opp.
1577 611 1662 654 Vol,
1680 611 1726 649 II.

176 677 328 716 Parisiis
345 692 409 732 ap.
431 679 685 719 Panckoucke
709 682 831 722 1836.
853 695 893 732 p.
914 680 1028 728 239).
1088 680 1235 718 Horum
1275 680 1371 718 alter
1399 680 1497 718 inter
1527 679 1599 718 alia
1618 680 1727 718 addit

175 746 289 785 haec:
321 747 399 798 „In
427 761 510 786 eam
538 749 676 800 [villam
695 749 901 799 Pedanam]
921 747 1051 799 procul
1070 749 1184 787 dubio
1202 751 1430 798 secesserat,
1460 751 1502 786 ut
1520 752 1587 786 aut
1606 748 1725 786 dolori

176 815 226 853 de
241 815 387 866 perfida
407 817 534 868 puella
556 819 791 869 indulgeret,
820 822 886 855 aut
906 818 1018 855 animi
1036 816 1264 855 moestitiam
1289 816 1398 855 villae
1427 817 1526 855 inter
1542 816 1663 854 Tibur
1688 820 1726 854 et

175 881 383 922 Praeneste
401 886 499 924 sitae
515 887 743 925 amoenitate
758 885 1022 926 dissolveret.“
1081 886 1294 923 Dissenius
1314 898 1465 936 quoque
1475 914 1487 936 ,
1515 898 1727 935 quanquam

175 950 310 989 librum
341 955 517 1004 tertium,
555 955 605 992 ad
634 955 737 1005 cujus
766 954 904 1004 elegias
936 953 978 1005 (2
1003 959 1042 992 et
1062 955 1105 1001 6)
1130 954 1312 1005 imprimis
1342 955 1509 991 referunt
1541 957 1728 992 moestum

177 1018 319 1057 Tibulli
342 1022 507 1060 animum
535 1022 740 1073 Spolzm'us
763 1027 801 1060 et
831 1023 896 1060 W
893 1022 1085 1059 elcbertus
1097 1051 1112 1068 ,
1142 1022 1190 1060 ab
1225 1023 1357 1060 eodem
1389 1022 1579 1073 abjudicat
1607 1021 1728 1075 (Dis-

175 1089 278 1138 qui-s.
302 1088 351 1125 de
378 1089 458 1127 Vit.
486 1090 572 1130 Tib.
594 1091 746 1129 editioni
766 1091 984 1129 Carminum
1011 1091 1175 1142 praefixa
1211 1104 1249 1141 p.
1269 1089 1393 1143 XIV.)
1421 1092 1556 1141 „ridet
1570 1092 1728 1142 jocose“

173 1155 232 1207 (in
243 1169 301 1194 vv.
326 1156 514 1211 6—11.),
543 1159 678 1209 inquit,
705 1160 915 1209 „Horatius
935 1159 1098 1210 mollem,
1129 1173 1205 1197 non
1220 1159 1314 1197 satis
1334 1159 1539 1196 masculum
1564 1160 1728 1197 animum

172 1223 298 1275 Albii,
338 1226 403 1275 qui
439 1228 554 1265 modo
585 1228 814 1266 miserabiles
841 1227 969 1278 elegos
1001 1228 1268 1267 decantaverat
1297 1230 1456 1279 propter
1490 1227 1729 1277 Glyceram.“

172 1291 274 1330 Istos
299 1297 426 1331 autem
460 1299 551 1333 tunc
578 1296 677 1333 inter
707 1297 846 1335 amicos
874 1296 1047 1343 habitos,
1076 1297 1244 1334 nondum
1272 1295 1395 1333 editos
1417 1296 1532 1333 fuisse
1552 1295 1728 1347 opinatur

172 1360 241 1399 Vir
255 1361 494 1400 doctissimus
520 1378 560 1416 p.
580 1364 719 1403 XXIII.
778 1365 852 1403 Alii
874 1365 1000 1415 elegos
1021 1366 1044 1405 2
1058 1392 1069 1414 ,
1097 1365 1136 1404 3.
1155 1362 1192 1403 4.
1214 1366 1252 1404 6.
1270 1364 1330 1402 vel
1349 1362 1399 1414 4,
1431 1364 1494 1404 13.
1526 1361 1591 1403 14.
1610 1364 1726 1414 signia

172 1429 302 1467 ficatos
331 1434 481 1481 putant.
540 1431 603 1469 Ad
630 1435 817 1471 Dis-senii
847 1433 1074 1471 sententiam
1102 1446 1222 1485 prope
1255 1433 1399 1471 accedit
1433 1432 1664 1470 Palclamus
1688 1432 1726 1469 in

172 1497 332 1544 „Ram
356 1498 536 1536 Erotik“
554 1515 592 1552 p.
613 1502 678 1541 50.
737 1502 790 1540 At
816 1502 883 1539 viri
907 1501 981 1551 illi,
1011 1513 1169 1551 quornm
1192 1501 1408 1552 intelligens
1434 1501 1516 1540 aliis
1549 1501 1587 1538 in
1615 1500 1727 1538 rebus

171 1565 347 1615 equidem
363 1567 527 1618 suspicio
542 1569 745 1621 judicium,
766 1571 804 1607 in
821 1571 933 1609 istam
956 1570 1183 1608 sententiam
1205 1570 1376 1620 profecto
1396 1582 1473 1607 non
1496 1569 1727 1619 incidissent,

170 1634 242 1672 nisi
271 1646 400 1672 eorum
427 1636 551 1674 animo
580 1637 820 1677 obversatum
851 1643 952 1677 esset
981 1650 1130 1677 carmen
1151 1637 1235 1675 libri
1258 1639 1368 1688 primi
1402 1637 1629 1675 tricesimum
1651 1640 1727 1674 ter·

169 1702 275 1742 tium.
342 1703 388 1741 In
424 1704 655 1755 explicandis
691 1711 818 1745 autem
854 1706 1025 1759 epistolis
1063 1706 1283 1744 Horatianis
1318 1719 1367 1744 ne
1395 1706 1519 1743 omnia
1552 1705 1726 1742 subtilius

171 1775 403 1820 quaerantur
422 1776 536 1822 atque
561 1775 611 1812 ad
642 1774 766 1813 vivum
791 1776 899 1826 quasi
922 1778 1160 1822 resecentur,
1194 1787 1238 1812 ea
1270 1778 1428 1825 cavent,
1456 1786 1555 1823 quae
1580 1774 1655 1811 dixi
1676 1774 1725 1811 ad

167 1838 293 1891 Epist.
319 1840 355 1879 1.
374 1855 411 1894 p.
434 1841 500 1882 25.
560 1841 621 1880 De
641 1846 773 1882 eadem
797 1857 837 1882 re
860 1844 958 1881 idem
984 1843 1062 1880 fere
1081 1842 1222 1880 sentire
1240 1855 1341 1880 nunc
1355 1843 1465 1880 video
1483 1842 1576 1879 Car.
1589 1842 1725 1879 Fran-

168 1909 280 1947 kium
309 1911 348 1949 in
375 1903 509 1948 Fastis
534 1912 684 1949 Horat.
721 1927 759 1965 p.
787 1913 853 1953 73.
913 1912 973 1950 Cf.
1000 1912 1090 1949 Car.
1119 1913 1287 1951 Passov.
1326 1909 1378 1948 N.
1401 1910 1494 1951 263.
1554 1909 1608 1948 At
1634 1911 1726 1960 quid

167 1977 352 2016 Horatius
372 1980 411 2017 in
438 1980 509 2018 hac
526 1980 765 2031 potissimum
780 1981 955 2032 Epistola
981 1980 1235 2031 spectaverit,
1272 1979 1311 2016 in
1331 1979 1452 2030 primo
1475 1991 1586 2017 versu
1608 1979 1726 2029 signi-

167 2045 320 2084 ficatum
338 2059 483 2085 meeum
505 2048 637 2085 vident
662 2049 895 2087 Selzmidius
927 2049 1201 2098 Orelliusque3
1233 2052 1358 2085 cetera
1384 2059 1430 2084 ex
1451 2047 1570 2097 ipsius
1599 2048 1725 2085 Hora·

167 2114 210 2152 tii
232 2114 472 2167 philosophia
492 2116 717 2166 deprompta
740 2121 830 2154 sunt
849 2121 889 2155 et
904 2118 980 2167 ita,
1011 2121 1054 2154 ut
1071 2118 1121 2154 ad
1142 2115 1395 2153 Tibullianam
1421 2113 1587 2152 indolem
1614 2119 1725 2152 natu-

167 2195 324 2232 ramque
350 2184 632 2222 accommodata
661 2188 700 2222 et
734 2186 842 2234 quasi
874 2186 976 2224 sacta
1008 2186 1217 2223 videantur.
1276 2183 1337 2220 Cf.
1365 2196 1461 2233 quae
1496 2182 1569 2220 hac
1610 2184 1658 2220 de
1685 2195 1726 2220 re

166 2250 265 2288 bene
293 2251 503 2303 disputavit
537 2251 798 2289 VVielandius
829 2266 870 2304 p.
897 2253 965 2294 92.
1029 2252 1198 2303 Cruqaii
1222 2262 1412 2300 errorem,
1442 2250 1538 2288 hanc
1569 2251 1726 2303 Episto-

165 2319 242 2357 lam
262 2331 340 2357 non
361 2320 410 2357 ad
432 2319 626 2357 Tibullum
646 2324 818 2372 poetam,
845 2325 974 2370 (quem
994 2321 1085 2372 ipsis
1102 2318 1226 2358 verbis
1243 2318 1456 2368 significant
1473 2317 1724 2370 Scholiastae)

165 2388 275 2426 annis
293 2388 427 2438 viginti
448 2389 656 2439 juniorem,
684 2390 752 2426 sed
771 2390 821 2426 ad
842 2390 922 2440 ejus
943 2389 1071 2440 potius
1101 2400 1212 2426 avum
1230 2386 1386 2424 laudato
1403 2386 1485 2424 loco
1503 2388 1586 2425 Sat.
1607 2387 1630 2426 1
1643 2415 1656 2438 ,
1682 2385 1724 2438 4,

168 2455 264 2496 109.
285 2457 465 2507 scriptam
481 2470 564 2495 esse
581 2461 734 2508 praeter
751 2457 844 2495 alios
865 2458 1046 2496 refutavit
1071 2456 1302 2495 Schmidius
1329 2467 1432 2492 meus
1444 2483 1456 2505 ,
1487 2456 1552 2505 qui
1576 2455 1722 2494 natales

167 2521 311 2562 Tibulli
339 2530 546 2576 praeeunte
567 2527 606 2563 J.
634 2527 690 2563 Η.
719 2527 766 2564 V
757 2527 859 2563 ossio
872 2554 885 2571 ,
916 2526 974 2564 cui
990 2538 1111 2578 nuper
1133 2524 1291 2562 accessit
1314 2523 1529 2561 Dis-senius
1549 2538 1588 2575 p.
1609 2524 1722 2575 XIV,

166 2592 218 2630 ad
237 2604 377 2630 annum
401 2607 439 2631 u.
464 2608 497 2633 c.
517 2594 612 2636 695.
630 2597 765 2646 refert,
794 2594 902 2632 aliter
926 2594 1175 2632 sentientibus
1200 2591 1470 2629 Lachmanno
1499 2593 1549 2630 ad
1572 2592 1659 2630 Tib.
1680 2593 1721 2644 3,

170 2659 209 2699 1.
229 2672 271 2711 p.
294 2656 378 2711 44.,
405 2661 609 2700 Paldamo
637 2662 694 2716 (in
714 2662 853 2714 „Rem
870 2662 1034 2701 Erotik“
1054 2677 1095 2715 p.
1119 2659 1186 2701 49.
1210 2664 1250 2699 et
1272 2661 1311 2698 in
1330 2660 1544 2701 Zimmerm.
1577 2689 1603 2712 „
1615 2661 1720 2700 Zeit-

167 2725 327 2764 schrift“
348 2731 420 2769 etc.
444 2729 567 2770 1837.
586 2744 626 2782 p.
652 2729 779 2784 934),
810 2732 994 2782 Grztppio
1028 2731 1085 2783 (in
1112 2729 1248 2781 „R6m.
1268 2728 1427 2779 Elegie“
1439 2727 1572 2782 Leipz.
1594 2730 1717 2771 1838.

167 2793 199 2835 I.
227 2808 266 2846 p.
289 2795 386 2837 252.
414 2793 543 2849 254),
587 2798 762 2845 Orellio,
793 2801 935 2852 quippe
950 2800 1015 2849 qui
1035 2798 1229 2836 Tibullum
1250 2797 1395 2835 circiter
1425 2810 1457 2835 a.
1477 2811 1514 2836 u.
1536 2798 1633 2839 700.
1651 2811 1718 2836 na-

166 2865 248 2900 tum
272 2875 355 2901 esse
388 2864 601 2915 opinentur.
659 2866 875 2917 Utcumque
907 2881 967 2906 res
991 2871 1073 2918 est,
1103 2880 1218 2917 quum
1237 2867 1284 2904 de
1305 2867 1492 2905 natalibus
1511 2867 1610 2906 ultra
1629 2880 1718 2905 con-

162 2931 346 2981 jecturam
377 2931 516 2970 nemini
548 2934 674 2973 sobrio
702 2937 881 2988 progredi
911 2937 1041 2987 liceat,
1082 2935 1177 2973 alius
1199 2936 1389 2974 notandus
1404 2941 1463 2975 est
1483 2949 1610 2986 error,
1641 2947 1716 2984 qno

167 3001 353 3039 occoecati
373 3001 517 3052 aliquot
536 3002 603 3041 viri
621 3004 723 3044 docti
740 3009 783 3043 ut
803 3005 1009 3057 Scaliger,
1042 3004 1264 3051 Dacerizcs,
1295 3004 1466 3043 Damus
1478 3033 1492 3050 ,
1524 3002 1716 3042 Tibullum
