2028 3268
406 228 488 270 270

961 226 1344 264 HORATII
1894 231 1916 268 2

466 354 591 397 Hunc
621 352 755 394 solem
792 352 835 392 et
862 349 1010 391 stellas
1041 352 1083 391 et
1113 348 1363 392 decedentia
1400 350 1526 392 certis

470 432 687 487 Tempora
722 427 945 470 momentis
972 428 1069 469 sunt
1104 427 1170 483 qui
1205 425 1426 470 formidine
1459 428 1573 470 nulla

469 509 617 552 lmbuti
645 506 855 562 spectent.

928 503 1040 559 Quid
1070 517 1219 547 censes
1251 517 1427 547 munera
1457 500 1632 547 terrae?

1896 504 1921 543 ω

473 583 585 640 Quid
619 583 747 624 maris
775 583 990 624 extremos
1020 580 1187 624 Arabas
1216 581 1385 625 ditantis
1421 585 1463 624 et
1489 577 1650 626 Indos?

469 660 657 704 Ludicra
691 659 813 718 quid,
857 660 1034 718 plausus
1069 662 1113 702 et
1149 661 1271 703 amici
1301 660 1411 704 dona
1441 658 1648 715 Quiritis?

445 844 488 877 V.
512 844 546 878 3.
571 843 605 878 4.
656 844 763 878 Nunc
780 846 897 879 solem.
946 844 1013 877 Ed.
1029 845 1140 888 princ.

400 912 456 945 ap.
487 900 551 934 Fe.
599 901 694 934 Hinc
720 902 838 938 solem.
886 901 1141 937 SicBuherius

402 963 438 990 et
455 957 562 989 Jones
587 957 625 1000 (e
641 969 736 1001 mss„
761 962 800 991 ut
815 958 883 1002 ait)
907 978 951 982 —
975 958 1140 991 deciden-

399 1014 463 1048 tia.
512 1014 581 1046 Ms.
608 1014 670 1047 F'e.
697 1017 735 1056 2,
769 1015 803 1048 d.
827 1015 893 1048 Ed.
919 1015 1052 1047 Bersm.
1078 1015 1141 1047 ‹le-

401 1070 616 1105 scendentia.
664 1071 750 1104 Mss.
767 1072 900 1105 Bersm.
924 1071 1004 1104 duo.
1020 1070 1142 1104 Jaeck.

399 1126 433 1160 4.
452 1129 485 1161 6.
518 1126 635 1159 Berol.
656 1130 686 1161 1.
713 1128 830 1160 Guelf.
855 1132 885 1162 1.
910 1128 1005 1160 Mon.
1025 1138 1055 1160 e.
1079 1138 1141 1159 rc-

400 1183 572 1216 cedentia.
618 1183 687 1216 Ms.
713 1183 808 1217 Mon.
836 1184 859 1216 l.
918 1184 957 1217 In
981 1183 1144 1216 mendosa

402 1240 551 1273 lectione
563 1240 641 1273 msti
656 1239 866 1274 Rudolstad.
885 1240 1046 1273 decentia
1062 1251 1142 1272 con—

401 1297 554 1330 sentiunt
579 1295 658 1328 edd.
673 1297 762 1329 Ven.
778 1297 858 1330 483.
881 1298 938 1331 86.
963 1298 1019 1331 92.
1044 1295 1142 1340 Lips-

399 1353 517 1389 4922?
572 1352 624 1385 De
656 1354 870 1387 commutatis
900 1353 1018 1387 verbis
1047 1353 1143 1385 hunc

401 1416 438 1443 et
455 1420 552 1442 nunc
570 1409 639 1442 vid.
650 1409 826 1442 Drak.ad.
843 1409 907 1442 Sil.
925 1409 1004 1442 Ital.
1021 1410 1052 1451 6,
1064 1410 1142 1444 580.

399 1467 443 1498 ad
459 1466 536 1498 Liv.
561 1465 595 1509 4,
623 1466 678 1507 16,
702 1465 735 1499 3.
761 1465 866 1507 (hinc
893 1466 979 1498 enim
1003 1465 1143 1499 videtur

400 1533 494 1556 mera
512 1533 588 1554 esse
605 1522 819 1565 conjectura)
838 1527 875 1555 et
891 1523 1067 1563 decedere,
1083 1523 1142 1555 de-

399 1579 564 1610 scendere
593 1578 709 1611 Bentl.
734 1577 777 1610 ad
802 1578 919 1622 Epist.
955 1582 994 1622 1,
1023 1581 1083 1622 16,
1107 1581 1141 1614 7.

400 1634 508 1666 Drak.
527 1633 570 1666 ad
586 1634 663 1667 Liv.
683 1634 738 1674 36,
758 1633 811 1675 14,
828 1634 862 1668 4.
878 1654 923 1659 —
947 1637 990 1668 V.
1008 1635 1041 1669 4.
1061 1639 1141 1678 for-

400 1690 636 1732 midinepene.
654 1689 843 1723 Ms.Guelf.
858 1692 1092 1733 1.formidine
1103 1692 1139 1724 in

399 1747 478 1778 ulla
492 1745 620 1778 Intuiti
635 1746 821 1788 spectent?
847 1746 916 1780 Ed.
930 1747 1138 1781 Praedicov.

444 1813 487 1846 V.
513 1813 546 1847 5.
572 1814 605 1847 6.
653 1813 785 1847 lnbuti.
833 1814 892 1847 Sic
926 1826 987 1848 ms.
1014 1817 1144 1850 G-raev.

402 1891 445 1895 -
471 1875 638 1914 spectent.
664 1870 751 1902 Mss.
770 1874 807 1902 et
825 1871 903 1904 edd.
917 1872 1022 1915 vulg„
1041 1872 1143 1906 etiam

400 1927 514 1961 Bentl.
559 1931 732 1971 spectant.
768 1926 981 1962 Mss.Pulm.
1010 1931 1042 1963 2.
1077 1928 1142 1961 Fe.

402 1987 431 2025 1,
449 1984 484 2015 b.
510 1994 544 2026 p.
563 1985 595 2025 7,
613 1993 644 2015 a.
679 1982 836 2016 Hoched.
855 1996 884 2017 c.
904 1984 936 2018 d.
954 1984 977 2017 i.
994 1996 1038 2017 m.
1063 1984 1143 2026 (sed

400 2038 433 2071 in
462 2038 645 2071 collatione
660 2049 722 2072 ms.
746 2051 775 2072 c.
795 2039 950 2083 equidem
967 2039 1038 2073 vidi
1062 2051 1141 2084 spe-

401 2095 513 2137 ctent)
548 2095 690 2128 Corbei.
725 2097 827 2129 Gott.
853 2098 884 2130 1.
933 2096 1026 2129 Edd.
1054 2095 1143 2129 Ven.

399 2150 479 2187 478.
502 2155 595 2185 teste
613 2151 685 2185 Fea
715 2156 751 2185 et
773 2153 854 2188 481.
900 2153 958 2195 (In
984 2153 1039 2186 ed.
1062 2150 1145 2186 486.

401 2213 461 2241 aut
479 2213 575 2241 errat
591 2208 685 2251 Fea,
710 2213 770 2242 aut
790 2209 890 2243 aliam
915 2209 1080 2253 intelligit
1103 2220 1144 2242 ac

401 2275 463 2297 nos
483 2265 666 2308 habemus)
694 2265 782 2299 Cun.
806 2267 888 2299 San.
914 2267 1003 2299 Buh.
1027 2266 1142 2299 Merv.

402 2321 481 2354 Jon.
520 2320 613 2354 Phil.
652 2321 811 2356 Francis.
849 2323 957 2356 Bask.
996 2322 1141 2366 Dorigh.

401 2378 548 2411 Haberf.
574 2377 638 2411 Fe.
657 2377 764 2411 Hunt.
811 2378 859 2412 At
883 2379 1143 2424 Conjunctivum

401 2433 557 2477 pluribus
582 2433 733 2477 probant
758 2434 858 2468 Jahn.
881 2439 917 2469 et
931 2436 1082 2469 Schmid.
1099 2436 1142 2469 ad

403 2491 436 2523 h.
453 2490 475 2523 l.
519 2490 647 2523 Heind.
669 2491 714 2524 ad
729 2491 806 2524 Sat.
826 2495 856 2535 1,
873 2492 906 2534 4,
923 2491 979 2528 24.
1025 2492 1142 2525 Iacob.

403 2547 436 2579 in
463 2546 616 2580 Seebod.
641 2547 735 2581 Krit.
761 2548 853 2581 Bibl.
880 2549 978 2583 1829.
1010 2559 1046 2592 p.
1063 2547 1142 2583 416.

403 2602 480 2644 alii,
515 2602 588 2636 vid.
612 2608 729 2638 annot.
750 2604 828 2638 crit.
857 2605 900 2638 ad
922 2604 1039 2649 Epist.
1064 2608 1141 2648 1,1,

402 2659 458 2694 78.
503 2659 598 2693 Bene
617 2661 683 2694 hoc
700 2661 835 2705 quidem
853 2661 928 2694 loco
945 2661 1145 2695 defendltur

403 2713 633 2759 indicativus,
658 2717 723 2750 nisi
740 2718 999 2762 Conjunctivum
1016 2717 1066 2752 ita
1084 2729 1142 2751 ex-

403 2771 531 2814 plices:
569 2778 649 2806 sunt
674 2774 732 2818 qui
754 2794 798 2799 ——
832 2778 994 2819 spectare
1007 2774 1144 2819 possint

404 2827 457 2861 vel
471 2828 590 2862 velint.
615 2829 675 2863 Sic
690 2834 788 2864 recte
805 2832 1019 2876 scripserunt
1036 2831 1143 2865 Hein-

403 2884 487 2917 rich.
515 2885 557 2918 ad
582 2886 660 2920 Juv.
688 2888 747 2930 13,
774 2889 829 2922 86.
879 2890 974 2922 Sunt
1005 2908 1047 2912 —-
1081 2887 1144 2931 qui

1183 849 1326 888 ponunt
1349 849 1383 878 et
1406 846 1556 879 credunt
1585 849 1623 879 et
1645 844 1763 878 Klotz.
1786 845 1829 878 ad
1847 845 1922 878 Cic.

1188 901 1297 934 Tusc.
1320 902 1353 943 3,
1376 902 1431 943 31,
1452 903 1509 937 76.
1557 902 1651 934 Sunt
1672 901 1735 944 qui
1749 901 1836 935 satis
1850 912 1923 945 pu-

1186 963 1278 993 tant.
1326 958 1384 991 cf.
1408 957 1562 990 Kiihner.
1592 957 1635 990 ad
1658 958 1692 990 h.
1718 957 1740 990 l.
1768 958 1922 1001 Herzog.

1187 1015 1229 1047 ad
1248 1015 1351 1048 Caes.
1367 1014 1408 1047 Β.
1428 1015 1474 1047 G.
1489 1014 1522 1056 4,
1538 1011 1594 1047 34.
1619 1013 1725 1047 Bach.
1742 1018 1779 1047 et
1795 1014 1924 1047 Oclisn.

1187 1071 1231 1104 ad
1247 1071 1352 1104 Ovid.
1368 1070 1457 1104 Met.
1478 1071 1509 1112 8,
1521 1070 1600 1104 730.
1626 1069 1731 1103 Hess.
1747 1070 1789 1103 ad
1807 1070 1924 1103 Tacit.

1186 1127 1341 1161 Dial.31.
1353 1138 1387 1170 p.
1402 1129 1481 1162 207.
1500 1126 1616 1158 Haase
1635 1126 1678 1159 ad
1694 1126 1826 1170 Reisig.
1837 1128 1923 1160 Vor-

1187 1184 1350 1226 lesungen
1368 1187 1435 1215 etc.
1459 1192 1494 1225 p.
1511 1182 1589 1216 603.
1629 1201 1673 1206 —-
1713 1182 1808 1226 Quid
1832 1194 1861 1215 c.
1877 1194 1922 1215 m.

1186 1239 1334 1274 terrae?
1358 1258 1402 1262 —-
1429 1237 1564 1270 Indos?
1595 1238 1656 1270 Sic
1671 1238 1813 1282 disting.
1835 1238 1923 1271 Mss.

1188 1296 1290 1330 Dess.
1310 1301 1341 1330 1.
1361 1297 1393 1329 2.
1418 1298 1455 1327 et
1479 1294 1558 1328 edd.
1583 1293 1676 1337 vulg.
1726 1294 1822 1337 Quid
1841 1304 1924 1326 cen-

1188 1364 1252 1395 ses,
1269 1364 1314 1385 m.
1324 1352 1465 1386 terrae?
1480 1351 1572 1384 Edd.
1583 1349 1697 1383 Bentl.
1714 1349 1796 1383 San.
1811 1349 1925 1383 Merv.

1188 1409 1344 1442 Francis.
1364 1408 1509 1441 Haberf.
1524 1432 1534 1450 ‚
1560 1406 1616 1439 alii
1634 1405 1760 1450 aliter,
1788 1406 1832 1439 de
1848 1406 1926 1454 ’qui-

1187 1466 1250 1498 bus
1266 1466 1334 1499 vid.
1351 1476 1384 1498 v.
1402 1465 1435 1498 8.
1485 1463 1555 1507 Qui
1570 1483 1614 1486 —
1630 1463 1775 1496 terrae?
1801 1463 1871 1507 Qui
1882 1482 1925 1487 —

1188 1522 1324 1556 Indos?
1364 1521 1523 1554 Ludicra
1541 1519 1622 1562 qui.-
1642 1520 1816 1563 plausus.-
1840 1531 1871 1554 e.
1887 1519 1923 1552 d.

1190 1578 1339 1622 Quiritis
1357 1579 1435 1621 Quo
1458 1596 1503 1600 —
1526 1575 1612 1608 ore?
1656 1575 1876 1609 Britannicus
1890 1575 1925 1608 in

1188 1636 1241 1668 ed.
1260 1636 1347 1667 Ven.
1364 1634 1442 1674 520,
1468 1637 1506 1666 ut
1521 1632 1605 1665 ordo
1622 1632 1690 1666 sit:
1720 1630 1924 1674 „Quomodo

1187 1697 1222 1724 et
1246 1701 1310 1734 quo
1336 1700 1397 1721 ore
1421 1692 1457 1720 et
1480 1698 1545 1731 quo
1573 1698 1674 1722 sensu
1701 1698 1822 1721 censes
1845 1697 1924 1730 spe-

1185 1746 1311 1780 ctanda
1329 1755 1406 1778 esse
1422 1755 1561 1778 munera
1577 1746 1719 1778 terrae“
1743 1744 1842 1777 etcss?
1879 1763 1925 1767 —

1189 1803 1275 1837 V.6.
1300 1803 1448 1835 Arabas.
1474 1802 1561 1835 Mss.
1579 1803 1616 1833 et
1634 1800 1712 1834 edd.
1728 1800 1819 1844 vulg.
1835 1800 1925 1832 Ara-

1190 1861 1259 1894 hes.
1301 1859 1389 1892 Mss.
1406 1859 1470 1891 Fe.
1499 1862 1528 1900 1,
1546 1869 1580 1900 g.
1609 1857 1647 1899 (a
1669 1859 1702 1892 2.
1718 1856 1782 1900 m.)
1803 1866 1837 1899 q.
1854 1868 1883 1889 s.
1898 1860 1925 1888 t.

1190 1919 1223 1960 2,
1241 1928 1270 1949 c.
1289 1916 1327 1957 (a
1344 1917 1377 1950 2.
1394 1915 1456 1957 m.)
1474 1914 1508 1946 d.
1524 1925 1559 1957 g.
1575 1914 1614 1957 3,
1637 1925 1670 1946 a.
1688 1923 1718 1945 c.
1742 1914 1775 1954 7,
1792 1921 1824 1945 a.
1847 1913 1881 1954 6,
1893 1922 1925 1945 a.

1191 1973 1230 2015 (a
1246 1975 1278 2007 2.
1294 1971 1356 2014 m.)
1389 1970 1510 2003 Jaeck.
1527 1971 1560 2004 6.
1597 1967 1714 2002 Berol.
1738 1971 1769 2003 1.
1809 1967 1926 2001 Guels.

1190 2031 1222 2064 1.
1240 2030 1272 2063 2.
1289 2026 1322 2061 4.
1370 2026 1514 2060 Mentel.
1540 2025 1636 2059 Mon.
1661 2037 1692 2058 c.
1717 2036 1748 2058 e.
1794 2023 1848 2058 De
1870 2034 1927 2056 re-

1190 2089 1293 2129 cepta
1307 2085 1418 2117 forma
1433 2082 1557 2115 Accus.
1574 2081 1643 2115 vid.
1663 2081 1706 2114 C.
1723 2080 1926 2114 Schneider.

1189 2141 1359 2174 Formenl.
1376 2151 1411 2183 p.
1429 2139 1509 2175 312.

1235 2208 1278 2242 V.
1295 2211 1328 2244 7.
1364 2207 1522 2240 Ludicra
1545 2227 1589 2231 -
1629 2203 1807 2249 Quiritis?
1868 2203 1928 2236 Sic

1189 2265 1332 2308 disting.
1371 2263 1449 2297 edd.
1485 2263 1576 2307 vulg.
1602 2263 1710 2295 Indos
1741 2259 1926 2295 Ludicra?

1189 2321 1320 2365 [Berol.
1339 2322 1385 2365 1.]
1436 2319 1531 2363 Quid
1553 2338 1596 2343 -—
1633 2316 1810 2361 Quiritis?
1855 2316 1925 2359 Sic,

1188 2382 1228 2411 ut
1251 2377 1359 2411 maris
1375 2376 1516 2410 ludicra
1542 2384 1639 2407 unam
1654 2372 1827 2407 notionem
1851 2372 1926 2406 effi-

1189 2434 1302 2475 ciant,
1329 2432 1469 2475 disting.
1485 2429 1644 2464 Praedic.
1667 2433 1702 2463 et
1726 2429 1759 2463 J.
1775 2429 1822 2462 H.
1839 2430 1926 2463 Vos-

1189 2491 1259 2524 sius
1306 2490 1340 2523 in
1378 2487 1670 2532 interpretatione
1710 2487 1926 2520 Germanica.

1191 2546 1350 2580 Ludicra
1366 2545 1449 2590 quid
1462 2545 1479 2577 ?
1514 2544 1670 2577 Plausus
1685 2563 1729 2567 —
1755 2544 1842 2577 ore?
1865 2543 1926 2576 Sic

1189 2602 1267 2635 edd.
1284 2601 1425 2634 Juvenc.
1443 2600 1602 2644 (Mediol.
1619 2599 1704 2644 754)
1726 2599 1804 2633 Val.
1819 2599 1925 2632 Daru.

1188 2657 1353 2692 Similiter
1369 2658 1455 2692 Jam.
1474 2657 1675 2691 Tunstallus
1698 2656 1762 2699 (Π.
1778 2667 1815 2699 p.
1828 2655 1925 2699 615.)

1187 2715 1317 2748 verba:
1351 2715 1454 2759 quid,
1475 2716 1650 2759 plausus,
1675 2719 1708 2748 et
1723 2732 1768 2737 —-
1802 2710 1925 2755 Quiri-

1186 2772 1232 2806 tis
1259 2774 1336 2815 Quo
1353 2792 1397 2796 —
1419 2773 1507 2805 ore?
1551 2771 1588 2805 in
1613 2778 1708 2804 unani
1733 2763 1925 2811 interroga-

1186 2828 1313 2862 tionem
1329 2828 1401 2861 vult
1417 2830 1604 2862 coarctata.
1639 2827 1829 2861 Praeterea
1846 2835 1925 2858 ver-

1186 2887 1250 2919 ba:
1294 2885 1450 2919 Ludicra
1475 2904 1522 2910 --
1539 2885 1626 2918 ore?
1663 2885 1829 2934 commate
1844 2884 1924 2926 post
