2028 3268
600 1078 1226 1126 ADDENDA.

184 1198 305 1248 Epist..
321 1199 390 1236 111.
429 1201 488 1236 Aa
503 1201 645 1238 Iulium
661 1202 814 1237 Florum
834 1202 906 1248 Ep.
921 1204 1044 1240 tertia.
1074 1204 1146 1241 Me.
1161 1206 1279 1242 Berol.
1297 1209 1332 1244 2.

230 1277 277 1284 --
322 1257 388 1294 lv,
427 1260 489 1295 Aa
501 1259 648 1295 Albium
663 1260 767 1296 amic.
783 1271 892 1296 suum
907 1273 962 1307 ep.
981 1267 1128 1307 quarta.
1158 1263 1230 1300 ΜΕ.
1244 1264 1350 1300 idem.

229 1333 280 1342 ·-
338 1316 384 1354 V.
424 1318 485 1353 Aa
503 1317 683 1362 Torquat.
697 1318 966 1354 tenacissimum
979 1331 1036 1366 ep.
1054 1321 1193 1367 quinta.
1226 1321 1298 1357 Ms.
1315 1322 1420 1358 idem.

425 1374 472 1410 V.
491 1377 526 1412 1.
556 1375 712 1412 Archias
725 1387 852 1411 nomen
869 1388 1009 1424 quoque
1025 1379 1157 1414 veteris
1180 1381 1373 1427 sculptoris
1391 1383 1490 1426 erat,
1514 1381 1690 1417 indicavit

427 1433 622 1479 Welcker„
639 1432 714 1470 vid.
730 1433 874 1471 schulz.
891 1437 994 1474 1828.
1009 1436 1058 1471 H.
1076 1448 1114 1483 p.
1130 1437 1214 1473 427.
1226 1457 1274 1464 -
1293 1438 1340 1473 V.
1362 1440 1420 1475 15.
1444 1439 1687 1476 inconsultus.

428 1490 569 1526 Welck.
586 1492 634 1526 ad
653 1490 819 1537 Theogn.
844 1505 879 1539 p.
898 1495 979 1530 129.
1010 1514 1058 1520 —
1084 1495 1130 1533 V.
1148 1497 1206 1533 18.
1238 1496 1352 1531 sollio.
1380 1496 1502 1536 Burm.
1533 1498 1578 1534 ad
1604 1498 1686 1533 val.

425 1547 484 1583 1³¹1.
501 1547 544 1594 4,
576 1549 660 1586 536.
690 1567 738 1575 —
770 1548 816 1586 V.
835 1551 894 1590 20.
926 1551 964 1593 in
978 1551 1069 1588 fine=
1099 1553 1164 1590 Fr.
1181 1554 1325 1590 jacoba.
1342 1553 1387 1588 ad
1399 1553 1537 1590 Delect.
1557 1555 1686 1602 Epigr-

393 1634 408 1647 ,
425 1616 481 1650 gr.
497 1606 542 1652 7,
573 1607 727 1644 31-38.
762 1607 900 1642 Welck.
918 1608 965 1644 ad
979 1609 1146 1656 Theogn.
1167 1623 1205 1657 p.
1226 1613 1375 1648 16—19.
1389 1631 1439 1639 —
1469 1613 1516 1650 V.
1535 1612 1592 1651 25.
1624 1625 1688 1649 ex-

424 1663 556 1709 pressit
571 1664 676 1703 Publ.
701 1664 816 1709 Syrus
835 1666 916 1701 984.
941 1665 1062 1713 ibique
1086 1668 1174 1704 zell.
1190 1668 1248 1706 cf.
1265 1669 1402 1708 Erasm.
1418 1669 1558 1716 Adagg.
1578 1672 1597 1706 1
1611 1697 1622 1715 ,
1649 1673 1686 1717 7,

426 1722 460 1756 1.
493 1721 622 1760 Stuck.
638 1722 760 1768 Antiq.
779 1723 933 1759 Conviv.
951 1727 971 1762 2
985 1751 996 1771 ,
1027 1725 1086 1761 37.
1119 1736 1154 1771 p.
1182 1724 1262 1763 440.
1295 1747 1342 1752 —
1374 1727 1420 1765 V.
1437 1728 1498 1764 30.
1532 1728 1572 1762 in
1593 1728 1686 1764 fine:

424 1777 543 1814 Dfibn.
558 1779 603 1815 ad
618 1781 750 1816 sustin.
779 1780 847 1825 25,
875 1779 920 1827 4,
955 1781 991 1820 8.
1017 1781 1184 1818 Ceterum
1210 1783 1435 1832 scripturam
1458 1788 1618 1830 fortuna
1632 1791 1687 1822 est

424 1847 461 1870 v.
481 1838 538 1875 12.
553 1837 645 1874 adde
658 1840 758 1876 Junt.
775 1836 858 1875 514.
