2028 3268
24 0 61 106 G·

35 123 46 131 ⁴.

18 134 27 143 v

34 172 39 181 ι

31 301 34 303 >
113 276 167 325 35

582 277 725 314 LIBRI
741 277 786 313 ἴῙ.
841 273 1109 313 EPISTOLA
1138 275 1190 312 Π.

1587 266 1667 309 121

181 391 282 437 Non
319 390 468 437 domus
506 395 550 436 et
584 391 765 452 fundus,
790 405 878 437 non
914 391 1026 435 aeris
1067 404 1249 435 acervus
1276 393 1321 435 et
1353 389 1448 433 auri

184 471 384 531 Aegi-oto
415 471 574 516 domini
603 471 780 517 deduxit
814 485 996 532 corpore
1035 470 1185 530 febris,

182 549 283 596 Non
317 554 456 597 animo
492 567 634 597 curas.

115 738 332 787 tnripotest,
363 743 499 790 quippe
528 754 621 790 quae
654 743 694 778 in
726 743 867 790 aliquot

117 799 256 834 nostris,
278 811 362 835 mss.
394 802 438 836 ob
469 802 668 849 scripturae
700 813 864 848 compen-

117 854 230 902 dium,
263 857 302 891 id
323 860 416 903 quod
440 859 479 894 in
501 860 617 894 multis
639 859 784 895 aliorum
808 859 865 894 fa-

117 919 210 949 ctum
233 926 312 950 esse
331 915 506 961 arbitror,
538 921 616 951 tuto
641 917 717 951 erui
740 917 867 962 nequi-

117 972 225 1007 verit.
270 973 370 1008 Illam
385 974 463 1008 fere
479 974 610 1019 ubique
625 973 777 1008 admittit
793 973 867 1007 Cu-

118 1029 334 1076 ningamius,
366 1031 440 1066 vid.
468 1031 653 1066 Animadv.
681 1035 750 1064 etc.
773 1042 806 1064 c.
830 1029 867 1065 4.

117 1098 157 1133 p.
181 1086 241 1122 41.
288 1086 500 1123 Pronomina
530 1090 587 1124 hic
620 1091 656 1123 et
680 1089 710 1122 is
735 1089 869 1123 inserta

117 1143 296 1189 videntur,
318 1145 413 1190 quod
435 1146 513 1180 sine
538 1146 582 1180 iis
605 1146 782 1180 sententia
804 1158 869 1192 pa-

101 1207 194 1241 ‘tum
211 1206 334 1248 aperta
349 1208 463 1246 esset3
495 1203 534 1238 in
561 1204 741 1249 contingit
756 1208 871 1238 autem

117 1260 228 1305 major
242 1260 298 1294 vis
314 1264 369 1295 est
384 1261 428 1295 ad
454 1274 554 1296 omne
577 1266 717 1308 tempus
734 1273 871 1296 accom-

118 1317 263 1355 modans
294 1314 338 1353 τὸ
371 1314 574 1364 αὔταρκες,
606 1331 650 1354 ex
676 1320 871 1355 rectissima

119 1374 298 1420 Xylandri
339 1376 600 1410 observatione.
662 1376 871 1412 Editionum

119 1434 213 1469 ratio
237 1433 327 1468 haec
359 1437 433 1468 est:
461 1433 652 1480 contingit,
669 1435 760 1469 nihil
771 1435 868 1470 Edd.

119 1495 234 1537 vett„
266 1491 371 1526 etiam
395 1490 498 1537 Lips.
532 1491 615 1527 492.
649 1493 754 1538 reliq.
787 1492 869 1528 Ald.

120 1548 204 1584 501.
224 1548 280 1583 19.
296 1549 392 1582 Iunt.
408 1548 490 1583 514.
507 1548 600 1583 Ven.
617 1549 699 1587 520.
723 1550 872 1588 Ascens.

120 1604 233 1641 Pulm.
263 1605 352 1650 xyl.
380 1605 428 1638 G.
461 1604 572 1640 Fabr.
605 1606 687 1642 578.
722 1613 757 1642 et
787 1609 871 1642 Bas.

121 1662 203 1713 580.
221 1661 334 1696 chab.
347 1661 481 1696 Bersm.
494 1661 603 1698 Torr.
619 1664 740 1700 Burm.
752 1666 871 1701 Bentl.

121 1719 239 1755 Maitt.
257 1719 344 1754 San.
368 1719 450 1753 Jon.
476 1719 612 1755 Sandb.
636 1722 745 1757 Bask.
772 1725 871 1759 Sivr.

121 1775 202 1811 Val.
226 1776 348 1822 Camp.
365 1776 466 1812 Pass.
479 1779 634 1814 Braunh.
652 1781 697 1814 al.
715 1781 872 1827 complu-

122 1846 192 1873 res.
226 1834 418 1880 contingit,
441 1836 507 1870 nil.
538 1837 633 1872 Edd.
663 1838 764 1884 Lips.
790 1840 874 1875 498.

125 1890 216 1927 Cun.
226 1892 376 1927 Haberf.
389 1894 454 1927 Fe.
465 1894 487 1927 J
489 1895 587 1930 aeck.
598 1894 702 1930 Jahn.
714 1897 872 1932 Schmid.

123 1949 286 1985 Hoched.
303 1951 411 1984 Web.
438 1950 594 1987 Meinek.
620 1955 786 2000 contigit,
815 1955 872 1989 Ιιὶο

123 2007 226 2040 nihil.
271 2006 368 2041 Edd.
399 2007 522 2043 Lamb.
548 2010 638 2046 Min.
664 2013 708 2047 de
731 2013 873 2047 Maroll.

126 2063 176 2098 T.
211 2063 303 2098 Fab.
333 2064 422 2099 Dac.
458 2066 563 2102 Baxt.
600 2069 713 2104 Gesn.
749 2070 873 2104 Oberl.

126 2121 251 2156 Comb.
291 2122 411 2156 Wetz.
445 2123 559 2159 Zeun.
598 2126 749 2172 Dorigh.
782 2127 874 2162 Bad.

124 2181 235 2215 Doer.
259 2180 308 2224 (c.
325 2180 382 2214 hic
398 2180 463 2215 nil.
478 2182 676 2228 Wieland.)
709 2185 875 2230 contigit,

125 2237 230 2273 nihil.
278 2237 351 2271 Ed.
377 2237 555 2283 Mervill.,
588 2242 767 2276 mendose.
793 2253 878 2275 con-

125 2295 234 2341 tigit,
262 2294 294 2328 is
319 2295 421 2329 nihil.
452 2295 524 2330 Ed.
551 2299 662 2344 Cruq.
685 2318 734 2326 -
759 2305 878 2346 optat.

125 2351 198 2388 ΜΕ.
213 2352 335 2388 Jaeek.
360 2351 397 2388 5.
423 2354 546 2390 Guelf.
564 2357 599 2391 1.

174 2467 222 2502 V.
237 2467 295 2504 47.
319 2469 397 2503 Aut
410 2488 459 2494 —
474 2469 612 2504 domus.
639 2471 761 2505 Guelf.
778 2472 815 2506 2.
831 2487 879 2499 -’

130 2523 257 2558 domus
290 2530 358 2559 aut
385 2527 499 2570 fund.
546 2527 614 2562 Bn.
647 2528 691 2563 B.
729 2529 756 2563 f.
806 2529 878 2564 Ed.

129 2579 325 2617 Vascosan.
349 2583 476 2618 domus
494 2597 537 2619 ac
549 2587 664 2629 fund.
687 2587 755 2621 Bn.
775 2587 880 2622 E.—

130 2637 178 2673 V.
202 2638 262 2674 48.
295 2641 456 2686 Aegroto
474 2644 627 2678 domino.
659 2645 730 2679 Ms.
757 2646 880 2681 Guelf.

134 2697 167 2732 1.
182 2715 232 2722 —
245 2697 404 2733 deducit.
427 2699 517 2735 Mss.
537 2702 606 2736 duo
622 2703 759 2737 Bersm.
783 2703 879 2737 Edd.

130 2752 263 2788 Mutet.
281 2754 473 2800 (probante
486 2758 723 2805 Bersmanno)
739 2761 880 2795 Rodell.

133 2811 297 2846 deducet.
345 2812 416 2847 Ms.
454 2827 515 2850 un.
549 2816 659 2852 Torr.
694 2819 803 2854 duxit
835 2820 879 2852 de

133 2881 291 2916 corpore.
352 2871 424 2906 Ms.
448 2883 509 2906 un.
538 2885 595 2919 ap.
620 2875 732 2921 Cruq.
766 2877 881 2910 dedu-

134 2934 233 2965 eunt.
264 2929 336 2964 Ms.
363 2941 423 2964 un.
443 2929 553 2965 Torr.
573 2936 610 2966 et
623 2932 739 2978 Feae,
757 2933 880 2967 Jaeck.

134 2981 179 3018 4,,
205 2986 326 3021 Guelf.
353 2989 385 3022 1.
430 2988 498 3023 Bn.
531 2989 559 3024 f.
595 2990 699 3035 (cum
729 2991 779 3038 gl.
812 2992 882 3027 tol-

701 551 862 598 Valeat
894 565 1125 613 possessor
1162 553 1351 611 oportet,

921 743 1007 777 lunt
1031 742 1092 787 de)
1115 740 1217 787 Lips.
1237 740 1272 775 3.
1298 738 1428 772 dedu?-
1459 735 1560 770 Haec
1581 733 1670 768 scri-

922 806 1028 848 ptura
1052 799 1224 845 quandam
1247 795 1533 842 probabilitatem
1554 793 1673 836 habet,

924 864 962 893 at
996 858 1167 892 Horatius
1208 854 1369 901 pluribus
1417 849 1673 894 Substantivis,

924 927 1016 961 quae
1051 920 1113 949 aut
1144 914 1183 948 vi
1219 912 1318 958 paria
1345 915 1427 946 sunt
1461 914 1522 944 3111
1557 908 1677 953 aliqua

925 972 1101 1019 particula
1138 972 1410 1016 disjunguntur,
1465 966 1675 1011 singularem

925 1032 1028 1066 verbi
1061 1041 1241 1064 numerum
1275 1029 1427 1073 jungere
1461 1025 1566 1060 solet.
1615 1022 1674 1057 Cf.

925 1089 1044 1124 Bentl.
1063 1089 1107 1122 ad
1125 1088 1195 1122 011.
1215 1089 1248 1131 1,
1277 1086 1339 1129 13,
1366 1085 1400 1119 6.
1426 1083 1493 1127 24,
1519 1083 1555 1116 8.
1596 1080 1675 1114 Sat.

929 1148 961 1191 1,
988 1147 1021 1190 6,
1047 1146 1128 1181 131.
1158 1146 1192 1188 8,
1216 1145 1276 1180 38.
1308 1143 1386 1176 Fea
1410 1141 1457 1175 ad
1474 1140 1544 1174 Od.
1567 1139 1602 1183 4,
1621 1139 1676 1182 11,

926 1205 963 1239 9.
989 1209 1025 1238 et
1046 1204 1090 1237 A.
1115 1203 1157 1236 P.
1182 1203 1217 1237 9.
1242 1202 1330 1246 ibiq.
1355 1199 1517 1233 Hoched.
1544 1195 1676 1231 Heind.

929 1262 974 1296 ad
998 1262 1075 1296 Sat.
1105 1263 1147 1304 2,
1178 1262 1218 1303 1,
1243 1260 1303 1294 71.
1345 1258 1447 1291 Cort.
1473 1256 1518 1290 ad
1540 1255 1676 1289 Lucan.

928 1322 960 1364 1,
979 1321 1061 1356 227.
1088 1318 1212 1352 Simile
1229 1316 1315 1362 quid
1339 1313 1544 1349 observavit
1557 1312 1678 1347 Beier.

927 1378 973 1413 ad
997 1378 1075 1412 Cic.
1094 1377 1167 1411 Off.
1186 1377 1220 1421 2,
1237 1375 1272 1419 3,
1291 1375 1348 1410 12.
1395 1373 1587 1407 Praeterea
1612 1369 1678 1404 mi-

925 1448 1007 1480 ror,
1043 1440 1180 1481 tempus
1204 1443 1376 1480 praesens
1401 1430 1536 1475 aliquot
1556 1434 1678 1474 patro-

927 1505 993 1528 nos
1029 1505 1108 1527 esse
1150 1496 1309 1535 nactum,
1352 1500 1457 1534 quum
1486 1485 1680 1533 praeterito

928 1564 1037 1598 saepe
1069 1555 1214 1585 utantur
1254 1554 1290 1583 et
1325 1548 1453 1594 poetae
1486 1549 1522 1579 et
1552 1554 1681 1590 prosae

930 1609 1103 1646 orationis
1131 1608 1326 1653 scriptores
1351 1605 1396 1638 de
1418 1616 1470 1647 re,
1493 1613 1585 1649 quae
1601 1600 1682 1635 fieri

929 1667 1032 1701 solet.
1082 1666 1167 1700 Vid.
1190 1664 1309 1699 Bentl.
1333 1663 1379 1697 ad
1403 1662 1474 1695 Od.
1493 1662 1527 1705 3,
1547 1661 1605 1703 23,
1623 1659 1680 1694 19.

930 1725 989 1760 Cf.
1025 1724 1219 1758 Hermann.
1246 1722 1291 1756 ad
1314 1722 1439 1766 Viger.
1464 1732 1501 1765 p.
1528 1719 1610 1753 208.
1634 1736 1684 1742 ——

921 1783 1066 1830 febrim.
1099 1782 1188 1816 Mss.
1213 1781 1300 1826 alqt.
1319 1792 1379 1826 ap.
1402 1779 1512 1822 Cruq.
1529 1777 1682 1821 febrem.

928 1841 1018 1875 Mss.
1043 1839 1157 1874 Pulm.
1186 1839 1218 1872 1.
1250 1839 1286 1873 2.
1325 1837 1387 1871 3111
1421 1848 1479 1881 ap.
1509 1834 1620 1879 Cruq.
1647 1837 1684 1868 et

929 1897 1039 1931 Torr.
1066 1907 1130 1930 sex
1158 1907 1216 1941 ap.
1241 1894 1321 1929 Val.
1347 1895 1448 1928 Pott.
1476 1894 1508 1927 1.
1550 1894 1588 1927 7.
1626 1892 1682 1926 10.

931 1954 989 1989 14.
1007 1954 1065 1988 19.
1098 1954 1222 1987 Comb.
1241 1953 1284 1987 C.
1302 1958 1396 1999 sept.
1414 1950 1682 1998 ap.Fe.Jaeck.

930 2011 966 2046 4.
1008 2011 1109 2045 Gott.
1137 2014 1170 2045 1.
1210 2011 1323 2045 Dorv.
1362 2012 1395 2044 1.
1433 2008 1579 2043 Corvei.
1629 2008 1685 2042 De

931 2072 1084 2112 utraque
1099 2068 1213 2102 forma
1237 2069 1284 2102 cf.
1308 2069 1414 2102 Ekst.
1440 2067 1486 2101 ad
1507 2067 1614 2100 Voss.
1639 2065 1685 2099 de

931 2125 1010 2160 Art.
1037 2125 1105 2158 Gr.
1127 2125 1162 2169 4,
1196 2126 1253 2160 10.
1277 2138 1315 2170 p.
1342 2125 1423 2159 591.
1455 2124 1504 2158 At
1525 2127 1686 2169 praestat

931 2183 1080 2228 pluralis
1108 2193 1271 2216 numerus
1298 2182 1336 2216 in
1357 2182 1403 2216 iis
1432 2183 1559 2225 rebus,
1594 2192 1686 2226 quae

933 2240 1106 2285 quandam
1128 2240 1353 2273 mut-ationem
1376 2240 1506 2273 habent
1529 2238 1587 2273 vel
1610 2250 1684 2272 ma-

929 2299 1044 2343 jorem
1067 2297 1139 2331 vim
1162 2297 1237 2331 vid.
1264 2297 1321 2330 ad.
1348 2298 1390 2341 1,
1422 2298 1464 2341 1,
1488 2297 1547 2331 90.
1573 2300 1608 2330 et
1636 2296 1684 2330 ef.

935 2366 1044 2400 supra
1066 2366 1104 2388 v.
1129 2355 1164 2389 8.
1213 2353 1275 2387 Sic
1288 2354 1408 2399 Epist.
1434 2355 1469 2399 7,
1492 2356 1527 2389 8.
1565 2356 1686 2400 opella

927 2412 1089 2456 sorensis
1119 2412 1279 2446 Adducit
1306 2413 1432 2456 febris.
1479 2412 1626 2448 Lucret.
1649 2415 1685 2458 2,

935 2469 994 2505 34.
1031 2469 1107 2504 Nec
1131 2470 1272 2503 calidae
1292 2470 1397 2504 citius
1415 2471 1594 2506 decedunt
1609 2483 1687 2506 cor-

931 2539 1022 2574 pore
1039 2528 1166 2572 febris.
1214 2528 1310 2562 Cels.
1327 2529 1362 2572 2,
1380 2529 1416 2564 7.
1452 2540 1612 2575 magnae
1626 2532 1688 2574 fe-

936 2587 1028 2619 bres.
1074 2586 1153 2620 Act.
1171 2586 1296 2631 Apost.
1319 2588 1378 2631 28,
1400 2589 1433 2622 8.
1458 2588 1546 2633 ibiq.
1570 2588 1687 2622 Kuin—

937 2643 1007 2678 oel.
1043 2646 1221 2687 πυρετοῖς
1239 2642 1303 2678 καὶ
1324 2644 1553 2693 ὃυςεντερίᾳ.
1589 2646 1686 2681 Con-

936 2707 995 2736 tra
1011 2701 1131 2747 Epist.
1152 2703 1208 2746 16,
1226 2703 1282 2736 22.
1307 2704 1484 2738 occultam
1492 2704 1626 2748 febrim
1639 2724 1688 2731 —

939 2759 1168 2793 Dissimules.
1215 2760 1259 2794 In
1279 2760 1372 2805 aliis,
1396 2772 1487 2806 quae
1509 2763 1613 2808 paulo
1629 2763 1687 2797 in-

938 2817 1113 2852 solentius
1129 2817 1223 2863 plur.
1248 2829 1389 2853 numero
1416 2819 1593 2865 dicuntur,
1617 2820 1688 2855 alia

937 2880 992 2909 est
1014 2875 1120 2909 ratio.
1156 2875 1214 2909 cf.
1240 2887 1330 2921 quos
1352 2876 1473 2912 laudat
1492 2878 1615 2913 Jacob.
1643 2877 1688 2912 ad

937 2932 1088 2967 Lucian.
1108 2932 1204 2967 Tox.
1221 2946 1259 2980 p.
1280 2935 1361 2969 120.
1384 2939 1421 2969 et
1435 2935 1474 2969 in
1487 2935 1685 2972 Zimmerm.

938 2990 1166 3026 zeitschrift..
1189 2996 1258 3029 etc.
1284 2993 1385 3028 1836.
1409 3006 1447 3040 p.
1471 2995 1552 3030 731.
