2028 3268
101 302 108 309 ,
157 251 186 292 3
615 245 759 285 me
787 246 818 287 1.
875 243 1139 285 EPIsToLA
1169 243 1238 283 m.

1624 241 1706 284 193

228 374 335 432 Quis
369 376 446 419 sibi
482 388 554 419 res
590 379 742 435 gestas
771 374 964 435 Augusti
995 375 1184 419 scribere
1218 374 1373 426 sumit3

226 454 354 500 Bella
381 456 472 514 quis
509 457 552 498 et
575 468 706 514 paces
739 455 923 515 longum
958 453 1153 500 diffundit
1178 454 1221 498 in
1250 449 1436 498 aevum?

228 534 340 592 Quid
375 534 515 580 Titias
545 533 747 579 Romana
779 535 900 579 brevi
930 538 1137 579 venturus
1172 534 1216 578 in
1251 547 1344 593 ora,

225 613 438 659 Pindarici
474 613 603 659 fontis
637 615 706 673 qui
739 628 825 659 non
859 613 1067 673 expalluit
1101 613 1298 673 haustus,

1651 611 1705 654 10

226 693 443 738 Fastidire
475 695 597 738 lacus
632 697 676 738 et
703 694 821 738 rivos
851 706 982 738 ausus
1017 689 1222 752 apertos?

222 774 281 819 Ut
314 772 462 818 valet?
497 777 542 818 ut
569 774 756 818 meminit
789 771 958 819 nostri?
990 772 1195 817 fidibusne
1230 771 1398 817 Latinis

227 853 463 899 Thebanos
498 856 646 913 aptare
679 852 825 898 modos
857 852 999 897 studet
1036 852 1210 912 auspice
1243 850 1389 911 Musa,

226 933 298 979 An
328 934 496 993 tragica
531 932 726 979 desaevit
761 936 804 977 et
833 933 1090 993 ampullatur
1123 932 1166 975 in
1196 928 1329 976 arte?

229 1011 341 1069 Quid
374 1011 477 1056 mihi
496 1010 656 1057 Celsus
692 1010 818 1074 agit?
851 1014 1038 1059 monitus
1058 1012 1319 1070 multumque
1347 1009 1602 1069 monendus,
1652 1009 1706 1051 15

157 1176 271 1212 tuitus
287 1179 344 1210 est
358 1176 569 1221 scripturam
585 1176 650 1210 hoc
663 1203 673 1220 ‚
691 1188 783 1222 quae
805 1189 909 1223 repc-

157 1234 249 1269 titur
274 1234 310 1267 in
325 1234 477 1279 quinque
501 1244 583 1267 mss.
598 1234 806 1268 Bersmanni
821 1234 908 1269 toti-

159 1291 307 1336 demque
323 1291 506 1325 Pulmanni
524 1293 578 1334 (2.
594 1291 629 1325 3.
647 1292 683 1328 4.
701 1293 736 1328 7.
756 1293 819 1337 10)
834 1318 844 1335 ,
874 1291 910 1325 in

158 1348 315 1392 Bentleji
329 1346 548 1392 Pottierique
561 1348 738 1394 omnibus,
762 1350 798 1383 in
813 1351 910 1384 Feae

160 1417 243 1441 mss.
261 1407 293 1449 1,
311 1416 343 1440 a.
360 1406 398 1439 b.
417 1407 450 1448 2,
468 1417 499 1439 c.
515 1405 548 1439 d.
566 1406 601 1441 h.
621 1406 655 1450 5,
676 1418 709 1441 a.
727 1419 759 1442 e.
778 1407 806 1442 f.
822 1409 856 1451 6,
872 1407 910 1441 b.

159 1464 198 1498 in
213 1463 324 1498 Orell.
346 1463 411 1497 bs.
427 1462 606 1498 Firmatur
623 1464 711 1498 haec
733 1465 911 1510 scriptura

160 1521 371 1555 auctoritate
389 1531 472 1554 mSS.
498 1521 603 1556 Gott.
622 1522 655 1558 1.
687 1522 788 1567 Lips.
818 1534 908 1556 omn.

160 1577 280 1612 Guelf.
299 1588 390 1611 omn.
405 1577 507 1613 Dess.
527 1581 559 1613 1.
575 1581 607 1616 2.
625 1580 732 1614 Goth.
752 1580 862 1615 Dorv.
877 1581 908 1614 1.

159 1635 194 1670 2.
229 1634 376 1668 Mentel.
418 1633 536 1669 Berol.
574 1637 606 1670 1.
649 1637 846 1671 Graeviani
874 1642 910 1671 et

157 1691 304 1726 Altdorf
314 1702 372 1736 ap.
387 1691 537 1729 Haberf.
580 1693 779 1738 Bentlejum
796 1695 910 1729 secuti

158 1753 263 1792 sunt,
309 1760 506 1795 quanquam
536 1762 606 1785 non
636 1763 756 1785 omnes
791 1753 910 1786 eadem

157 1806 396 1850 distinetione,
423 1808 514 1842 Cun.
531 1808 616 1844 San.
638 1809 756 1844 Merv.
773 1810 909 1848 Sandb.

156 1864 266 1900 Bask.
289 1864 451 1899 Francis.
478 1865 629 1912 Dorigh.
664 1867 808 1902 Wakef.
836 1867 912 1901 Ha-

158 1922 250 1958 berf.
294 1922 414 1956 wetz.
458 1923 611 1958 Hunter.
651 1924 813 1960 Praedic.
844 1925 911 1960 Fe.

158 1979 266 2014 Both.
297 1978 386 2013 zell.
424 1979 527 2015 Jahn.
564 1981 724 2018 Hoched.
762 1983 909 2019 Passov.

159 2037 316 2072 Braunh.
343 2037 500 2071 Meinck.
524 2038 719 2084 Charpent.
739 2040 848 2076 Orell.
866 2040 910 2076 al.

159 2094 265 2138 Vulg.
290 2094 502 2139 scripturam
531 2108 550 2129 e
573 2101 726 2132 recentt.
757 2097 913 2131 retinue-

161 2157 246 2187 runt
263 2152 386 2197 Camp.
404 2156 442 2186 et
455 2152 651 2198 Doering.“

254 2208 298 2243 V.
325 2209 360 2243 7.
387 2209 422 2245 8.
466 2216 598 2244 sumat.
643 2210 714 2245 Ms.
743 2211 854 2255 Cruq.
877 2212 913 2245 7.

159 2266 295 2300 Bersm.
312 2265 394 2300 duo.
419 2267 518 2300 Feae
534 2269 553 2301 2
570 2295 578 2311 ,
596 2269 623 2302 f.
642 2268 753 2302 Orell.
771 2268 810 2302 S.
833 2270 913 2310 (su-

161 2323 319 2369 perscr.)
335 2323 438 2357 Dess.
451 2326 483 2358 1.
501 2324 599 2369 Lips.
618 2328 651 2360 1.
670 2325 825 2360 summit.
843 2324 913 2359 Ms.

163 2381 283 2416 Guelf.
300 2383 334 2417 2.
350 2400 398 2405 ——
422 2381 468 2415 V.
487 2383 520 2416 8.
537 2394 675 2426 pacem.
709 2382 779 2416 Ms.
800 2383 913 2427 Cruq.

161 2438 198 2475 7.
213 2457 260 2463 -
290 2438 488 2482 diffundat.
519 2439 588 2472 Ms.
604 2439 666 2482 id.‚
699 2452 758 2476 un.
775 2440 911 2474 Bersm.

163 2495 262 2530 Fene
280 2497 313 2539 2,
330 2495 357 2530 f.
374 2496 486 2530 Orell.
505 2495 544 2529 S.
563 2497 782 2542 (superscr.)
811 2497 916 2531 Dess.

166 2552 201 2586 1.
221 2550 321 2596 Lips.
339 2554 374 2589 2.
391 2553 553 2598 diffudit.
578 2553 666 2588 Mss.
684 2555 750 2590 Fe.
770 2557 801 2597 1,
818 2567 850 2588 r.
884 2557 917 2598 2,

165 2609 204 2643 b.
227 2608 269 2651 (a
289 2610 322 2643 1.
338 2610 404 2653 m.)
431 2610 466 2643 d.
485 2622 517 2646 e.
535 2611 576 2654 (a
593 2614 625 2646 1.
642 2613 708 2656 m.)
736 2613 770 2655 3,
788 2624 820 2647 a.
837 2614 864 2647 f.
884 2612 918 2657 5,

166 2676 200 2698 e.
217 2665 250 2708 6,
269 2676 301 2702 a.
325 2665 444 2702 Guelf.
463 2670 496 2703 2.
514 2668 619 2703 Dess.
633 2670 667 2704 2.
688 2669 833 2704 Corbei.
850 2670 918 2704 Ed.

166 2721 271 2768 Lips.
292 2721 374 2758 416.
394 2723 599 2768 quissudit.
618 2727 688 2762 Ms.
705 2726 827 2762 Jaeck.
848 2728 883 2762 4.

214 2791 261 2826 V.
278 2791 314 2826 9.
332 2792 388 2826 10.
425 2793 512 2835 Quis
531 2793 660 2829 Titius.
689 2795 778 2832 Mss.
794 2795 918 2830 Jaeck.

167 2847 203 2883 4.
237 2849 272 2882 6.
331 2848 426 2892 Quid
461 2848 590 2888 Euius.
638 2851 708 2887 Ms.
743 2854 775 2887 1.
806 2853 918 2897 ejusd.

168 2906 337 2940 Ceterum
352 2906 389 2940 in
405 2907 507 2942 codd.
523 2917 604 2941 mss·
619 2912 656 2942 et
670 2910 820 2944 vetustis
837 2910 916 2944 edd.

169 2962 270 2997 vario
282 2963 384 2998 modo
394 2964 564 2999 scribitur
578 2964 720 3012 Tityus,
744 2967 864 3002 Titius
880 2970 918 3000 et

958 1175 1081 1211 Ticius
1094 1175 1216 1220 (ticius
1223 1178 1380 1221 praeter.
1394 1176 1439 1210 al.
1450 1176 1592 1211 Dess.2.
1604 1174 1706 1220 Lips.

955 1237 989 1271 2.
1007 1234 1040 1269 3.
1064 1234 1175 1268 Goth.
1186 1233 1332 1268 Mentel.
1343 1232 1460 1266 Berol.
1475 1232 1528 1277 1.)
1542 1251 1591 1257 —
1603 1231 1707 1267 hom.

955 1291 1017 1325 Sic
1031 1291 1125 1326 Edd.
1143 1291 1235 1325 Ven.
1250 1290 1331 1326 479.
1344 1291 1402 1325 81.
1417 1290 1476 1324 83.
1508 1290 1608 1324 Flor.
1622 1289 1704 1326 482.

955 1369 1003 1374 —
1031 1349 1126 1392 Quid
1161 1348 1308 1383 Titius?
1339 1367 1390 1373 —-
1440 1358 1504 1381 ora
1516 1347 1534 1380 ί)
1564 1346 1707 1382 distinX.

955 1407 1164 1441 Praedicov.
1180 1426 1229 1431 —
1264 1406 1308 1444 V.
1329 1407 1385 1440 10.
1401 1404 1579 1450 expaluit.
1606 1404 1710 1438 Men-

956 1465 1041 1499 dose
1064 1476 1128 1499 ms.
1146 1465 1249 1498 Gott.
1266 1465 1301 1498 2.
1318 1466 1355 1496 et
1369 1461 1426 1498 ed.
1449 1462 1537 1497 Ven.
1557 1460 1639 1497 481.
1661 1480 1710 1488 -

956 1527 1099 1558 austus.
1143 1521 1231 1555 Mss.
1265 1519 1385 1554 Guels.
1416 1519 1452 1554 3.
1474 1518 1509 1554 4.
1540 1518 1645 1554 Dess.
1673 1522 1708 1556 2.

956 1579 1094 1612 haustu
1125 1577 1276 1622 conjecit
1305 1576 1500 1621 Porphyr.‚
1548 1577 1581 1611 si
1610 1582 1708 1611 recte

958 1635 1030 1679 (uti
1054 1635 1227 1679 Orellius)
1255 1633 1460 1668 distinxeris
1478 1635 1553 1678 eJus
1576 1635 1708 1676 verba3

955 1693 1017 1726 sed
1033 1694 1223 1727 verborum
1236 1691 1453 1726 constructio
1476 1691 1534 1726 hic
1558 1704 1628 1726 non
1654 1699 1710 1726 est

955 1750 1182 1785 sollicitanda.
1237 1749 1327 1783 Eam
1365 1748 1526 1795 pluribus
1554 1749 1709 1784 illustrat

957 1807 1162 1842 Schmidius
1175 1806 1213 1840 in
1230 1807 1317 1842 edit.
1331 1817 1487 1851 german.

1003 1865 1049 1899 V.
1067 1868 1122 1901 12.
1143 1866 1198 1901 13.
1225 1865 1282 1899 14.
1320 1870 1355 1899 et
1379 1876 1479 1901 mem.
1512 1865 1602 1899 Mss.
1635 1868 1707 1900 tres

955 1923 1090 1957 Bersm.
1120 1926 1156 1956 et
1170 1922 1274 1956 Dess.
1292 1924 1326 1958 2.
1348 1941 1395 1947 —-
1430 1922 1581 1958 latinus.
1613 1923 1707 1958 Edd.

958 1980 1049 2014 Ven.
1066 1980 1148 2015 479.
1178 1980 1275 2014 Flor.
1291 1979 1374 2016 482.
1388 2006 1398 2023 ,
1430 1980 1468 2014 in
1491 1992 1560 2025 quo
1588 1986 1708 2014 errato

958 2037 1133 2072 consentit
1149 2036 1239 2070 Ven.
1258 2036 1339 2071 483.
1388 2038 1502 2072 latius
1527 2038 1708 2072 exhibens.

957 2094 1230 2137 -fidibusqua
1261 2093 1329 2128 Ed.
1347 2094 1489 2129 Minois.
1515 2096 1707 2139 fidibusne.

958 2150 1028 2184 Ms.
1049 2150 1094 2184 D.
1114 2161 1172 2194 ap.
1195 2150 1318 2184 Comb.
1351 2171 1397 2176 —
1428 2153 1472 2187 V.
1493 2154 1548 2188 13.
1577 2153 1707 2197 aspice.

960 2207 1030 2241 Ms.
1042 2206 1163 2240 Jaeck.
1182 2210 1271 2241 1.—
1289 2207 1334 2242 V.
1354 2208 1410 2242 14.
1427 2209 1502 2242 Aut
1522 2214 1622 2254 trag.
1640 2209 1710 2243 Ms.

961 2265 1081 2298 Guelf.
1100 2266 1132 2298 1.
1157 2264 1237 2298 Vid.
1255 2276 1361 2310 supra
1376 2278 1413 2301 v.
1431 2268 1465 2300 5.
1498 2286 1543 2291 —
1578 2267 1711 2301 traica.

962 2321 1032 2356 Ms.
1059 2321 1200 2355 Corbei.
1228 2326 1265 2356 et
1290 2323 1395 2358 Dess.
1420 2326 1452 2358 1.
1471 2342 1519 2349 ——·
1551 2325 1595 2358 de
1611 2324 1709 2358 sevit.

961 2378 1031 2413 Ms.
1048 2379 1150 2412 Dess.
1170 2381 1258 2413 1.—
1274 2382 1500 2425 ampulatur.
1519 2381 1590 2415 Ms.
1610 2382 1711 2416 Gott.

964 2438 998 2472 2.
1023 2441 1059 2470 et
1085 2437 1272 2482 pleraeque
1290 2438 1369 2473 edd.
1397 2439 1525 2473 Venet.
1539 2450 1610 2475 sec.
1626 2439 1709 2474 XV.

963 2514 1011 2519 —-
1026 2494 1063 2527 in
1081 2506 1175 2528 arce.
1194 2495 1264 2529 Ms.
1282 2496 1380 2529 Feae
1395 2498 1430 2538 6,
1457 2497 1494 2531 b.
1511 2500 1549 2529 et
1564 2496 1711 2532 Mentel.

964 2552 1080 2596 Saepe
1102 2551 1188 2586 alibi
1210 2552 1276 2586 hae
1303 2564 1410 2586 voces
1434 2554 1478 2587 ab
1504 2553 1655 2587 indoctis
1670 2554 1712 2588 li-

963 2610 1094 2644 brariis
1119 2614 1348 2643 commutatae
1378 2614 1473 2645 sunt.
1508 2611 1586 2645 Vid.
1601 2612 1710 2647 Drak.

966 2668 1011 2702 ad
1027 2667 1107 2701 Liv.
1128 2667 1162 2710 4,
1181 2666 1236 2710 56,
1253 2668 1288 2701 3.
1316 2672 1352 2701 et
1367 2679 1453 2713 quos
1467 2667 1520 2702 ibi
1536 2668 1637 2703 citat.
1673 2668 1713 2702 in

965 2725 1089 2759 arteis.
1122 2724 1217 2758 Edd.
1235 2723 1317 2759 Bas.
1334 2725 1414 2760 531.
1432 2723 1491 2760 45.

1010 2792 1056 2826 V.
1086 2793 1248 2828 15.—-21.
1292 2799 1396 2838 agat.
1441 2795 1592 2830 Ms.Fe.
1610 2795 1643 2838 2,
1674 2795 1711 2831 b.

965 2850 1087 2885 Guelf.
1111 2852 1146 2885 2.
1189 2850 1253 2886 ait.
1295 2851 1364 2888 Ms.
1389 2852 1455 2887 Fe.
1483 2852 1517 2896 6,
1544 2853 1582 2887 b.
1599 2856 1637 2886 et
1652 2863 1710 2888 un.

964 2909 1100 2942 Bersm.
1134 2908 1188 2942 De
1205 2909 1468 2944 commutatione
1493 2910 1613 2945 horum
1628 2922 1714 2945 ver-

964 2967 1088 3001 borum
1112 2965 1186 3001 vid.
1216 2966 1324 3003 Drak.
1345 2966 1389 3001 ad
1406 2967 1488 3003 Liv.
1513 2969 1548 3013 8,
1578 2968 1635 3012 33,
1653 2968 1711 3004 23.

1176 3012 1260 3054 14*
1317 3014 1403 3068 (ν)
