2028 3268
20 2116 54 2328 ἒ

161 257 214 301 71
605 255 750 297 LIBRI
778 257 808 297 1.
865 255 1130 297 EPISTOLA
1160 257 1241 297 VH.

211 384 444 444 ›Repserat
475 386 520 429 in
555 398 777 429 cumeram
810 383 1038 446 frumenti,
1074 387 1286 445 pastaque
1319 398 1469 430 rursus

1624 256 1708 298 343

1651 388 1708 429 30

224 463 297 509 Ire
321 463 440 509 foras
474 465 604 525 pleno
638 464 843 509 tendebat
873 478 1058 526 corpore
1092 463 1278 523 frustra3

229 541 314 591 Cui
345 544 532 588 mustela
558 545 736 605 procul,
772 547 855 606 „si
887 542 1026 605 vis,“
1061 546 1146 605 ait,
1184 544 1429 606 „effugere
1458 545 1584 589 istinc

230 622 383 669 Maera
416 638 571 669 cavum
602 625 778 684 repetes
811 626 953 668 artum
967 655 983 684 7
1023 637 1150 683 quem
1181 639 1331 670 macra
1363 622 1576 668 subisti-‘⁶

228 702 326 749 Hae
359 717 447 766 ego
483 705 521 749 si
554 704 790 765 compellor
823 705 1039 765 imagine,
1076 707 1233 750 cuneta
1265 705 1470 766 resigno:

162 884 348 920 Probabil.
371 885 484 920 Critt.
512 897 550 932 p.
570 885 710 921 XXVI.
750 885 911 931 BentleJi

161 947 278 977 autem
291 943 487 977 nitedulam
505 947 717 988 servarunt,
735 943 832 990 quod
844 943 911 978 mi-

158 1011 233 1035 rum
245 1004 315 1044 est,
334 999 538 1034 Meinekius
555 1005 593 1034 et
607 1001 908 1046 Charpenterius.

157 1057 216 1092 De
236 1057 376 1092 editore
391 1057 591 1102 Bipontino
620 1058 674 1101 (a.
698 1059 808 1102 1828)
832 1058 908 1093 vid.

158 1113 318 1148 Schmid.
338 1113 377 1148 in
392 1114 708 1160 „Schulzeitung“
726 1116 777 1163 Π.
802 1116 907 1151 1828.

155 1181 195 1216 p.
215 1169 297 1207 756.
328 1170 426 1205 Ante
439 1171 646 1206 Jacobsium
665 1184 686 1206 a
705 1183 795 1207 vera
818 1173 910 1207 scri-

155 1231 264 1274 ptura
290 1239 364 1262 non
389 1228 638 1263 discesserunt
665 1230 756 1264 Dae.
785 1230 908 1264 Maitt.

154 1284 240 1320 Jon.
271 1285 367 1319 Phil.
398 1286 537 1320 Sandb.
567 1286 721 1331 Dorigh.
754 1286 910 1321 Praedi-

154 1353 236 1376 σον.
261 1342 488 1388 Vulpeculam
502 1348 624 1378 tuetur
640 1343 804 1378 Clericus
820 1355 909 1390 quo·

153 1410 248 1444 que,
278 1410 384 1445 quum
410 1399 588 1446 intelligit
607 1396 783 1446 scihrum,
813 1402 910 1448 quod

151 1456 399 1491 animalculum
434 1457 559 1492 tritico
600 1469 744 1504 quoque
781 1469 910 1494 vesca-

152 1514 278 1548 tum?
324 1513 494 1548 Valartus
514 1518 632 1550 autem
654 1515 814 1560 Bentleji
844 1527 907 1550 ve-

152 1570 275 1615 stigiis
283 1569 471 1615 ingressus
480 1572 630 1618 scripsit
641 1573 804 1607 nitelula.
829 1572 904 1608 Pro

149 1639 216 1673 per
228 1639 320 1674 ang.
333 1628 546 1672 Dorighello
562 1629 702 1665 indicta
717 1641 824 1664 causa
838 1641 905 1676 po-

151 1684 226 1719 suit
242 1696 309 1730 per
323 1684 462 1719 exilem.

206 1741 253 1776 V.
273 1741 334 1776 30.
361 1752 554 1776 eameram.
592 1741 684 1776 Mss.
706 1742 774 1776 Fe.
797 1743 815 1776 1
831 1768 841 1786 ,
864 1742 902 1776 d.

151 1797 194 1842 (a
212 1799 246 1832 1.
271 1799 339 1844 m.)
359 1799 402 1843 2,
422 1810 442 1833 e
462 1799 503 1844 (a
527 1801 561 1835 2.
580 1799 646 1843 m.)
668 1801 710 1843 6,
731 1811 764 1833 c.
794 1800 849 1833 Ik.
866 1798 901 1834 5.

146 1855 258 1890 “Dess-
283 1856 318 1890 1.
357 1855 472 1891 Dorv.
494 1856 528 1890 1.
560 1856 657 1891 Edd.
680 1857 795 1891 Loch.
817 1853 902 1891 498.

151 1912 259 1957 (cum
277 1913 327 1958 gl.
359 1913 598 1958 „granarium
611 1914 665 1957 “)
693 1914 797 1960 Lips.
817 1910 902 1948 514.

149 1969 294 2003 Erfurt.
315 1966 398 2003 517.
437 1969 540 2005 Glar.
567 1967 650 2005 543.
693 1971 742 2004 H.
769 1971 902 2016 Steph.

147 2025 239 2060 Dae.
280 2025 421 2059 Contra
443 2025 654 2069 Dacerium,
690 2027 752 2072 qui
781 2027 835 2061 sic
856 2027 903 2060 de

146 2083 359 2127 conjectura
379 2081 541 2127 fecerat,
571 2087 673 2117 recte
698 2083 902 2129 disputavit

145 2139 336 2184 Bentlejus
357 2139 403 2173 ad
417 2149 453 2172 v.
471 2140 529 2175 29.
557 2158 606 2165 —
635 2151 791 2174 rursum.
825 2139 898 2173 Ms.

145 2197 286 2232 Bersm.
307 2207 367 2230 un.
387 2197 512 2230 Jaeck.
539 2194 574 2231 5.
613 2196 730 2229 Orell.
757 2196 804 2239 S,
833 2196 900 2230 sed

145 2265 310 2299 superse.
323 2265 353 2287 s.
369 2253 477 2288 Dess.
494 2254 528 2287 1.
573 2251 671 2286 Edd.
694 2253 786 2286 Cun.
810 2252 898 2286 San.

145 2310 266 2346 Merv.
292 2311 426 2344 Franc.
449 2309 558 2345 Bask.
588 2310 659 2344 777
683 2309 774 2354 (non
796 2309 899 2353 762).

143 2366 301 2413 Dorigh.
323 2386 383 2393 —-
404 2367 452 2401 V.
473 2367 534 2402 31.
560 2378 720 2412 corpore.
741 2369 900 2409 frustra.

145 2423 210 2459 Sic
233 2435 300 2459 ms.
323 2424 450 2460 Oberl.
474 2424 518 2458 C.
554 2441 603 2448 -—-
637 2423 682 2456 V.
705 2422 766 2459 32.
799 2422 900 2466 Quoi.

145 2480 219 2516 Ed.
249 2481 404 2526 Cuning.
433 2500 483 2507 -
514 2481 692 2515 mustella.
741 2479 804 2513 Sic
832 2490 900 2514 ms.

145 2537 252 2573 Gott.
271 2539 306 2574 2.
344 2538 443 2572 Edd.
458 2541 552 2572 vett.
566 2536 690 2571 nitela.
729 2536 792 2570 Sic
813 2548 900 2571 con-

139 2595 235 2640 jecit
253 2594 414 2629 Ouwens
437 2595 476 2629 in
488 2595 618 2629 Noctt.
639 2594 784 2638 Hagan.
805 2592 841 2638 3,
862 2595 899 2629 8.

146 2663 186 2697 p.
201 2647 286 2686 414.
308 2653 513 2698 approbata
527 2650 688 2695 Bentleji
716 2651 763 2685 ad
785 2660 822 2684 v.
839 2651 896 2686 29.

146 2709 378 2753 conjectura,
414 2712 489 2752 „ut
518 2707 633 2742 nitela
658 2707 804 2743 nitelam
824 2720 899 2743 mo·

145 2769 255 2809 neat,
292 2765 582 2811 quemadmodum
601 2766 698 2810 apud
716 2765 897 2811 Aesopum

144 2823 274 2868 vulpes
293 2822 472 2867 vulpem-‘⁶
495 2841 544 2847 -—
558 2825 710 2867 fugere.
748 2823 820 2856 Ms.
840 2823 897 2856 Ik.

145 2879 182 2914 1.
197 2879 297 2913 Mon.
306 2891 353 2913 m.
366 2896 424 2906 -—
436 2879 550 2913 istinc.
564 2878 669 2912 deest
676 2878 715 2913 in
723 2879 846 2914 Guels.
858 2876 895 2914 4.

151 2953 155 2956 ·
199 2936 246 2970 V.
261 2935 322 2970 33.
342 2947 476 2970 cavom.
512 2935 584 2970 Ed.
600 2935 755 2981 Cuning.
772 2956 828 2963 -—-
843 2947 898 2970 re-

142 2995 252 3037 petes.
293 2992 384 3027 Mss.
420 2996 459 3027 et
496 2992 581 3027 edd.
612 2992 712 3038 vulg.
745 2998 896 3039 repetas.

954 886 1045 922 Mss.
1062 887 1176 933 Cruq.
1203 885 1372 933 permult.
1410 885 1479 920 Fe.
1494 887 1512 920 1
1527 911 1537 929 ‚
1559 885 1594 920 d.
1614 897 1652 932 p.
1669 897 1705 932 q.

954 943 991 987 5,
1015 956 1048 978 e.
1085 944 1207 979 Guels.
1225 947 1258 980 2.
1290 943 1415 978 Berol.
1431 945 1468 979 2.
1495 942 1597 977 Mon.
1613 955 1646 977 e.
1661 955 1708 978 m.

955 1002 1124 1036 Rudolst.
1155 1002 1253 1036 Edd.
1268 1005 1360 1036 vett.
1377 1011 1465 1046 quas
1479 1000 1602 1035 laudat
1616 1000 1707 1045 Fea,

955 1059 1066 1094 etiam
1092 1059 1206 1092 Loch.
1237 1055 1321 1093 498.
1359 1058 1452 1092 Ven.
1481 1053 1566 1092 498.
1602 1057 1707 1103 Lips.

954 1113 1039 1153 492.
1066 1115 1149 1153 502.
1178 1117 1212 1150 8.
1238 1117 1293 1150 10.
1317 1114 1375 1149 13.
1399 1111 1458 1149 14.
1479 1115 1538 1149 16.
1580 1114 1708 1149 Colon.

954 1172 1038 1208 510.
1072 1174 1215 1207 Erfurt.
1232 1171 1314 1207 517.
1349 1171 1435 1206 Asc.
1461 1170 1542 1205 519.
1580 1171 1708 1217 Cruq.,

953 1234 1079 1264 tuetur
1117 1231 1153 1265 J.
1191 1229 1367 1263 Clericus.
1406 1230 1562 1273 repedes.
1614 1228 1708 1263 Mss.

955 1287 1069 1333 Cruq.
1093 1288 1129 1322 6.
1151 1286 1186 1320 3.
1208 1288 1298 1332 (non
1320 1285 1536 1332 improbat).
1560 1291 1707 1331 repetes,

956 1351 1094 1380 arctum
1113 1354 1171 1388 qu.
1213 1345 1276 1378 Sic
1292 1343 1379 1379 dist.
1397 1342 1479 1377 edd.
1500 1342 1602 1376 Junt.
1623 1339 1706 1376 514.

954 1403 1013 1436 19.
1028 1420 1086 1428 —
1102 1406 1232 1435 artum.
1267 1401 1331 1434 Sic
1346 1411 1429 1434 mss.
1443 1400 1499 1433 Ik.
1517 1400 1551 1433 1.
1583 1399 1706 1433 Guelf.

954 1461 987 1495 2.
1006 1454 1043 1493 4.
1082 1458 1191 1492 Dess.
1208 1460 1242 1492 1.
1261 1460 1296 1494 2.
1332 1459 1439 1491 Gott.
1462 1458 1497 1490 1.
1530 1456 1655 1490 Berol.
1672 1458 1706 1490 1.

952 1516 1056 1561 LiPS.
1079 1527 1171 1549 omn.
1206 1515 1350 1550 Monac.
1371 1519 1410 1548 et
1431 1513 1548 1548 Orell.
1569 1516 1609 1547 ut
1629 1513 1705 1547 vid.

953 1584 1045 1608 omn.
1074 1577 1202 1608 atrum.
1249 1572 1322 1606 Ms.
1351 1571 1473 1605 Guelf.
1504 1571 1540 1604 3.
1572 1581 1707 1605 arcum.

950 1629 1024 1664 Ms.
1055 1629 1110 1662 Ik.
1139 1626 1175 1662 4.
1217 1629 1339 1663 Guelf.
1371 1630 1405 1662 1.
1441 1628 1498 1661 De
1526 1628 1640 1661 forma
1669 1631 1708 1660 et

951 1691 1036 1720 arta
1064 1690 1103 1719 et
1133 1691 1236 1720 arcta
1266 1688 1482 1720 commutata
1513 1695 1591 1718 cum
1622 1689 1705 1717 atra

948 1742 1025 1776 vid.
1049 1746 1171 1776 annot.
1192 1743 1239 1777 ad
1252 1742 1287 1786 5,
1305 1743 1363 1777 29.
1386 1746 1425 1775 et
1438 1742 1553 1776 Drak.
1574 1741 1620 1774 ad
1636 1740 1704 1773 Sil.

947 1799 1031 1834 Ital.
1052 1801 1086 1844 7,
1107 1801 1189 1835 280.
1202 1817 1260 1825 -—
1273 1801 1367 1843 quod
1380 1810 1491 1833 macr.
1511 1797 1704 1832 Ms.0rell.

948 1857 989 1891 S.
1011 1857 1135 1902 (quem
1154 1862 1311 1891 correct.
1327 1856 1439 1901 quod)

1003 1914 1050 1948 V.
1065 1910 1126 1948 34.
1146 1915 1351 1959 compellor.
1386 1912 1479 1947 Mss.
1501 1914 1539 1945 et
1554 1911 1704 1945 aliorum

947 1973 988 2004 et
1005 1971 1124 2005 nostri
1138 1971 1315 2015 plerique.
1354 1970 1536 2014 Porphyr.
1557 1969 1594 2002 in
1616 1968 1702 2001 lem-

945 2032 1040 2060 mate
1067 2031 1153 2072 post
1177 2039 1212 2061 v.
1234 2028 1294 2062 73.
1332 2026 1429 2060 Edd.
1458 2028 1551 2059 vett.
1574 2025 1701 2058 Lamb.

947 2084 1059 2128 Cruq.
1076 2083 1166 2117 Min.
1187 2084 1298 2117 Talb.
1313 2082 1434 2116 Bentl.
1453 2083 1520 2115 Fe.
1537 2082 1638 2115 Pott.
1654 2081 1701 2114 al.

943 2140 1148 2184 compellar.
1182 2140 1273 2174 Mss.
1299 2139 1428 2173 Lamb.
1455 2138 1558 2182 aliqt.
1585 2138 1698 2182 Cruq.

943 2207 1007 2229 ms.
1024 2197 1058 2230 6.
1075 2206 1153 2229 cum
1165 2196 1259 2230 aliis.
1296 2196 1408 2230 Torr.
1431 2195 1477 2228 de
1497 2193 1571 2228 suis
1586 2198 1699 2237 tacet,

944 2252 991 2286 al.
1011 2264 1071 2298 ap.
1092 2252 1173 2288 Val.
1193 2253 1317 2286 Jaeck.
1352 2252 1425 2286 Ms.
1446 2249 1480 2285 5.
1513 2251 1580 2284 Fe.
1603 2253 1621 2284 1
1636 2277 1646 2294 ‚
1665 2263 1697 2284 c.

943 2309 979 2343 d.
996 2321 1033 2354 p.
1067 2307 1103 2352 5,
1121 2322 1152 2343 e.
1183 2309 1304 2343 Guelf.
1329 2311 1363 2343 1.
1394 2309 1531 2342 Graev.
1548 2307 1646 2341 Mon.
1664 2319 1696 2341 e.

942 2365 1039 2400 Edd.
1060 2365 1141 2400 Ald.
1166 2365 1246 2401 501.
1271 2367 1304 2400 9.
1331 2365 1388 2399 19.
1417 2365 1518 2399 Junt.
1539 2361 1620 2398 514.
1639 2365 1696 2399 19.

946 2423 1119 2457 Schurer.
1138 2420 1220 2457 514.
1262 2422 1397 2457 Muret.
1413 2421 1527 2455 Pulm.
1550 2422 1698 2465 (contra

944 2479 1196 2515 auctoritatem
1209 2491 1353 2514 suorum
1366 2479 1468 2523 mss.)
1484 2478 1571 2522 Xyl.
1582 2478 1695 2512 Fabr.

942 2537 1081 2572 Biedm.
1112 2538 1224 2572 Torr.
1250 2537 1364 2570 Chab.
1388 2535 1482 2569 Rod.
1505 2535 1550 2568 D.
1567 2535 1695 2570 Heius.

945 2595 1077 2628 Zurck.
1098 2595 1187 2628 Dae.
1202 2593 1324 2628 Maitt.
1338 2591 1498 2638 Philipp.
1513 2591 1694 2627 Wieland.

942 2651 1096 2685 Haberf.
1116 2651 1236 2685 Wetz.
1258 2651 1456 2695 Charpent.
1473 2652 1512 2683 et
1530 2649 1628 2683 mult.
1647 2649 1692 2684 al.

940 2711 1090 2754 praeter
1106 2719 1179 2751 eas,
1201 2718 1288 2753 quas
1303 2707 1427 2741 laudat
1440 2706 1530 2741 Fen.
1551 2707 1691 2752 Perpe-

940 2777 1028 2800 ram.
1049 2766 1247 2810 compeller.
1279 2764 1403 2799 Schol.
1418 2763 1539 2798 Acron
1554 2763 1592 2798 in
1606 2763 1692 2798 lem-

941 2827 1048 2865 mate,
1068 2834 1150 2856 mss.
1167 2821 1268 2867 aliqt.
1284 2833 1343 2867 ap.
1359 2821 1484 2855 Lamb.
1501 2821 1565 2864 (an
1580 2822 1691 2854 Bers-

941 2878 1059 2914 manni
1073 2890 1162 2912 unus
1173 2879 1210 2922 2)
1230 2878 1301 2913 Ed.
1313 2879 1450 2912 Bersm.
1481 2878 1585 2912 Hanc
1600 2878 1691 2912 scri-

940 2940 1083 2982 pturam
1129 2935 1220 2970 male
1258 2935 1442 2981 improbat
1479 2935 1688 2978 Lambinus,

941 2993 1078 3040 quippe
1097 2993 1158 3040 qui
1177 2993 1327 3028 verbum
1345 2992 1596 3039 compellendi,
1617 3003 1688 3026 non
