2054 3268
616 295 758 334 LIBRI
786 295 818 332 1.
876 293 1145 333 EPISTOLA
1176 296 1206 333 1.

1635 295 1688 337 19

196 409 399 455 Nauseat
430 423 482 454 ac
512 409 730 472 locuples,
767 423 889 471 quem
917 409 1032 456 ducit
1060 412 1183 471 priva
1215 410 1416 457 triremis·

197 486 254 535 Si
282 493 456 536 curatus
485 490 697 551 inaequali
723 494 902 536 tonsore
932 491 1112 552 capillos

199 568 401 631 occurri,
448 570 587 632 rides3
631 571 669 616 si
697 569 815 618 forte
840 571 1047 618 subucula
1070 585 1211 633 pexae

128 755 176 790 V.
192 755 251 791 93.
269 761 310 792 nt
326 757 392 792 loc.
408 756 479 790 Ms.
497 756 633 802 Feae3‚
647 757 683 792 d.
707 758 828 793 Jaeck.
839 759 875 795 5.

128 813 252 848 Guelf.
269 815 303 850 2.
329 816 527 861 (superscr.
544 813 738 860 particulae
754 816 814 861 ac)
836 821 876 852 at

126 870 289 916 locuples.
316 872 388 907 Ed.
413 871 528 918 princ.
551 882 607 917 ap.
625 871 747 906 Comb.
780 873 876 907 locu-

124 928 220 973 plex.
252 928 316 962 Sic
340 939 421 962 mss.
439 928 561 963 Guelf.
582 929 618 963 2.
635 928 670 963 4.
697 924 737 974 (a
757 934 787 965 1.
805 932 872 976 m.)

126 985 228 1032 Lips.
257 987 299 1026 1,,
339 986 441 1021 Gott.
466 987 499 1021 1.
546 985 641 1020 Edd.
670 986 761 1021 Ven.
787 988 870 1023 481.

127 1040 228 1087 Lips.
238 1040 320 1077 492.
338 1042 449 1077 Loch.
476 1043 534 1077 Cf.
546 1043 713 1078 Schneid.
729 1044 870 1080 Elmtrl.

125 1110 161 1144 Ρ.
170 1098 299 1144 353:—
306 1100 401 1134 duct't
408 1111 519 1145 quem.
537 1100 736 1136 Ms.Jaeck.
747 1102 781 1136 5.
797 1102 868 1137 Ed.

125 1145 278 1202 Cuning.
303 1169 346 1191 ex
369 1157 509 1202 ingenio
527 1157 673 1202 aurium,
691 1170 768 1205 seq.
781 1160 867 1196 San.

122 1204 276 1248 Mervill.
287 1214 618 1261 Dorigh.-prima.
626 1215 822 1252 Ms.Guelf.
834 1220 871 1254 3.

122 1268 222 1304 Priv.
232 1275 269 1304 et
279 1271 387 1316 prim.
405 1272 664 1308 confunduntur
678 1274 781 1310 etiam
791 1276 868 1311 Sat.

121 1326 223 1371 2,·5,
243 1329 319 1371 11.,
349 1328 410 1363 ubi
434 1341 498 1364 ms,
517 1331 647 1366 Corvei
671 1331 778 1367 habet
793 1333 869 1379 pri-

121 1393 215 1417 mum
231 1390 267 1418 et
283 1384 328 1419 al.
346 1397 404 1431 ap.
421 1386 543 1422 Feam.

167 1436 214 1474 V.
231 1442 290 1476 94.
307 1447 464 1477 curatus.
480 1443 568 1478 Mss.
586 1446 732 1483 aliorum
749 1460 866 1484 omnes

119 1497 267 1542 duobus,
284 1510 372 1543 quos
388 1500 478 1546 ipsis
490 1503 609 1537 verbis
621 1503 778 1541 indicant
787 1507 866 1542 Viri

119 1555 266 1599 eruditi,
284 1557 454 1602 exceptis,
471 1564 505 1593 et
521 1560 644 1605 nostri,
662 1562 787 1607 quibus
804 1575 863 1598 ac-

117 1612 246 1648 cedunt
270 1625 334 1648 ms.
366 1613 521 1650 Franek.
539 1628 597 1661 ap.
615 1617 699 1652 Bos.
717 1625 754 1654 et
774 1632 862 1667 qua-

115 1675 198 1704 tuor
212 1681 294 1704 mss.
303 1671 346 1706 ab
357 1671 610 1719 Oudendorpio
627 1675 697 1709 visi
712 1676 757 1710 ad
764 1677 862 1724 Apu-

115 1726 175 1772 lej.
194 1727 280 1762 Met.
296 1728 360 1763 VI.
383 1741 421 1776 p.
438 1730 520 1766 438.
551 1731 704 1776 [curatos
720 1745 739 1767 a
764 1736 797 1769 1.
816 1747 860 1771 m.

115 1784 161 1818 D.
179 1797 237 1831 ap.
254 1786 378 1822 Oberl.
407 1793 443 1822 et
464 1794 608 1824 curatur
622 1802 685 1824 ms.
702 1791 791 1825 Bad.
812 1791 861 1836 1.]

114 1841 209 1877 Edd.
225 1849 313 1878 vett.
331 1856 421 1879 omn.
438 1850 580 1891 praeter
595 1845 859 1894 Locherianam,

115 1899 219 1934 etiam
237 1901 334 1936 Junt.
362 1900 442 1938 514.
485 1903 585 1937 Glar.
609 1903 722 1940 Pulm.
747 1906 858 1941 Febr.

114 1958 172 2001 (et
196 1957 280 1992 Bas.
304 1958 391 2002 580)
422 1960 557 1995 Bersm.
584 1961 723 2008 Bentl.,
756 1976 858 2010 quem

114 2025 190 2059 seq.
221 2014 313 2060 pqu.
338 2022 506 2061 recentt.,
538 2019 641 2055 etiam
660 2021 745 2055 ‚Fea
779 2022 860 2067 (qui

114 2071 207 2115 def.)
233 2077 269 2106 et
281 2071 378 2106 Pott.
425 2074 527 2108 Hanc
550 2075 756 2122 scripturam
773 2090 858 2112 con-

113 2128 228 2162 firmat
256 2134 396 2174 praeter
425 2130 600 2177 Porphyr.
633 2133 670 2167 in
700 2135 860 2169 lemmate

112 2186 184 2220 Jul.
202 2185 419 2230 Rufinianus,
436 2188 497 2232 qui
513 2189 605 2223 hune
618 2189 744 2234 locum,
760 2203 847 2226 men·

111 2243 198 2277 dose
213 2243 373 2288 quidem,
405 2245 542 2280 laudat:
575 2249 634 2281 Sic
652 2253 776 2282 aratus
800 2249 855 2293 (Ρ.

109 2301 191 2336 238.
210 2301 266 2334 ed.
284 2301 456 2347 Ruhnk.)‚
474 2304 610 2340 erudite
625 2306 697 2340 def.
714 2305 856 2340 Bentle—

105 2358 166 2402 jus
183 2363 219 2392 et
233 2357 320 2401 Fea,
339 2361 570 2406 comprobant
585 2363 813 2397 Ruhnkenius
829 2364 856 2397 l.

106 2414 134 2448 l.
151 2420 188 2450 et
201 2416 441 2451 Broukhusius
457 2418 502 2452 ad
517 2418 625 2464 Prop.
642 2419 683 2462 3,
704 2420 767 2463 12,
783 2420 856 2464 28.,

108 2472 276 2518 exemplis
315 2474 469 2509 illustrat
499 2476 535 2510 J.
567 2476 612 2511 F.
647 2477 854 2512 Gronovius

105 2528 234 2572 (obss.
253 2532 291 2574 1,
308 2532 385 2576 23),
402 2532 464 2577 qui
481 2532 625 2567 eandem
641 2534 851 2580 scripturam

105 2585 143 2620 in
159 2586 272 2621 tribus
294 2587 395 2623 libris
419 2601 459 2623 se
482 2592 659 2636 reperisse
684 2596 848 2626 testatur.

105 2648 277 2678 curtatus.
294 2644 364 2679 Ms.
382 2647 492 2692 Cruq.
510 2650 546 2683 2.
564 2652 600 2681 et
616 2649 691 2692 ejus
706 2648 848 2682 Scholi-

103 2701 398 2747 ast.inlemmate,
416 2704 593 2750 explicans
608 2711 739 2750 tonsus,
758 2716 850 2750 quae

102 2757 345 2804 interpretatio
360 2761 468 2806 magis
484 2773 553 2797 scr.
580 2767 722 2797 curatus
745 2774 849 2807 quam

102 2821 260 2851 curtatus
275 2817 426 2862 indicat,
441 2817 538 2854 Pott.
562 2830 626 2852 ms.
642 2819 702 2853 20.
750 2818 846 2852 Edd.

100 2871 213 2908 Loch.
229 2874 376 2909 Ascens.
399 2874 520 2910 Lamb.
546 2877 656 2921 Cruq.
689 2875 770 2921 (qui
791 2881 846 2910 ta-

100 2939 179 2963 men
195 2936 336 2967 curatus
351 2944 421 2967 non
436 2933 627 2979 improbat)
654 2934 740 2979 Xyl.
758 2933 847 2968 Min.

98 2985 228 3023 Piscat.
262 2988 312 3024 H.
353 2989 478 3037 steph.
511 2991 624 3026 Chab.
658 2992 767 3027 Torr.
798 2992 846 3026 D.

1627 574 1684 618 95

933 758 1060 792 Heins.
1094 758 1209 794 Bond.
1251 759 1392 795 Rodell.
1425 761 1544 796 Burm.
1578 761 1681 798 Tart.

931 815 1020 849 Dac.
1044 816 1151 851 Baxt.
1187 817 1268 861 (qui
1290 817 1381 861 def.)
1406 818 1577 853 Maittair.
1599 820 1681 854 Jon.

931 874 1045 908 Gesn.
1062 874 1185 909 Comb.
1202 873 1282 908 Val.
1311 873 1435 909 Oberl.
1456 874 1568 909 Zeun.
1590 875 1681 910 Bad.

929 930 1051 977 Camp.
1070 932 1115 966 al.
1147 932 1204 966 Ita
1220 930 1325 966 habet
1340 930 1410 965 Jul.
1421 931 1628 967 Rufinianus
1644 933 1682 968 in

927 988 1050 1034 Antiq.
1076 989 1170 1024 rhet.
1197 988 1261 1022 lat.
1288 988 1332 1022 ed
1347 987 1443 1021 Pith.
1461 988 1542 1022 599.
1568 1001 1605 1035 p.
1623 989 1680 1033 32,

928 1046 991 1080 sed
1007 1046 1052 1080 R.
1071 1046 1272 1093 Stephanus
1302 1051 1339 1080 et
1354 1044 1545 1087 Pithoeus,
1577 1055 1681 1090 quem

925 1103 1086 1148 sequitur
1118 1105 1270 1138 Gesner.
1305 1103 1343 1136 in
1373 1102 1483 1137 Prim.
1513 1101 1577 1135 lin.
1611 1108 1679 1138 art.

924 1160 1017 1195 rhet.
1035 1173 1072 1208 Ρ.
1094 1161 1172 1206 165,
1199 1161 1292 1194 hunc
1307 1159 1421 1193 locum
1438 1163 1561 1192 contra
1576 1159 1680 1195 fidem

926 1218 1079 1264 optimae
1098 1217 1262 1252 editionis
1281 1217 1467 1262 (Veterum
1483 1215 1618 1261 aliquot
1634 1218 1680 1253 de

926 1282 1003 1311 arte
1022 1275 1213 1310 Rhetorica
1228 1274 1439 1309 traditiones
1457 1277 1525 1307 etc.
1557 1275 1600 1308 In
1616 1276 1677 1310 In-

925 1334 1021 1379 clyta
1038 1333 1180 1366 Basilea
1195 1332 1263 1366 An.
1290 1331 1391 1366 1521.
1418 1331 1452 1364 4.
1487 1343 1524 1376 Ρ.
1542 1332 1606 1377 70)
1633 1334 1678 1369 ad

924 1391 1085 1436 vulgatas
1100 1389 1191 1423 Hor.
1216 1389 1298 1422 edd.
1327 1388 1557 1423 refinxerunt.
1606 1390 1675 1425 Et-

921 1449 990 1484 iam
1012 1446 1122 1482 Biihr.
1146 1445 1184 1479 in
1210 1445 1376 1480 Heidelb.
1398 1445 1544 1480 Jahrbb.
1571 1448 1674 1484 1830.

921 1504 970 1538 Ν.
987 1504 1046 1539 32.
1066 1515 1101 1548 Ρ.
1119 1501 1201 1536 504.
1219 1502 1288 1536 hoc
1304 1503 1510 1537 vocabulum
1525 1515 1591 1549 pro
1607 1517 1672 1551 ge-

921 1561 1029 1595 nuino
1048 1559 1164 1603 habet,
1182 1560 1276 1604 quod
1294 1559 1468 1605 interpres
1485 1561 1625 1605 quidam
1635 1563 1672 1598 in

920 1621 1061 1651 curatus
1078 1617 1187 1661 magis
1204 1617 1368 1651 usitatum
1380 1618 1579 1653 mutaverit.
1607 1619 1671 1656 Li-

919 1678 978 1706 cet
991 1673 1172 1718 Bentlejus
1189 1675 1279 1708 bene
1296 1674 1433 1719 doceat,
1451 1686 1521 1709 non
1536 1677 1669 1712 ridicu-

917 1729 987 1764 lum
1011 1730 1124 1764 fuisse
1150 1735 1247 1765 curto
1272 1732 1397 1776 capillo
1420 1733 1533 1778 (quod
1558 1734 1670 1770 homi-

918 1798 997 1821 num
1013 1788 1229 1823 severiorum
1246 1790 1340 1834 erat)
1365 1789 1531 1824 incedere
1555 1791 1669 1826 aliud-

917 1855 988 1889 que
1009 1856 1106 1889 esse,
1138 1846 1374 1892 inaequaliter
1394 1849 1531 1882 tonderi
1562 1855 1670 1894 atque

917 1902 1066 1937 curtatis
1082 1905 1198 1938 curari
1215 1904 1368 1950 capillis:
1396 1916 1525 1939 vereor
1539 1910 1668 1953 tamen,

916 1971 961 1993 ne
977 1959 1170 1995 adversarii
1187 1963 1354 2005 habeant,
1386 1971 1458 2006 quo
1482 1974 1555 1998 rem
1572 1975 1668 2000 suam

917 2028 960 2050 ex
983 2016 1150 2052 liberiore
1172 2018 1340 2064 loquendi
1362 2029 1429 2052 usu
1461 2020 1666 2056 defendant.

917 2073 975 2107 cf.
993 2073 1112 2109 Moeb.
1130 2076 1174 2110 ad
1192 2077 1268 2110 Cic.
1287 2077 1352 2111 Or.
1371 2088 1426 2122 pr.
1452 2076 1523 2122 leg.
1542 2077 1665 2112 Manil.

914 2132 949 2174 9,
960 2131 1018 2166 22.
1051 2132 1210 2177 Capillus
1228 2134 1318 2167 enim
1334 2133 1569 2182 inaequaliter
1583 2142 1664 2171 ton-

914 2200 975 2222 sus
991 2190 1081 2223 bene
1098 2188 1228 2224 dicitur
1244 2195 1402 2227 curtatus
1413 2220 1422 2237 ,
1456 2205 1526 2239 quo
1554 2194 1664 2227 verbo

913 2245 974 2279 illa
989 2245 1068 2291 ipsa
1082 2246 1250 2280 tondendi
1267 2247 1357 2280 ratio
1384 2252 1535 2285 vertitur
1559 2251 1594 2284 in
1610 2250 1662 2284 ri-

915 2302 1079 2337 diculum.
1130 2302 1357 2349 Quapropter
1372 2306 1520 2342 Bothius
1545 2307 1582 2341 id
1605 2306 1662 2340 di-

914 2371 995 2394 cere
1012 2372 1081 2394 non
1097 2359 1249 2394 debebat
1264 2360 1507 2406 ταυτολόγον.

958 2418 1004 2451 V.
1021 2417 1079 2452 95.
1107 2416 1262 2451 Occurri.
1295 2417 1384 2452 Mss.
1407 2420 1500 2466 pqu.
1519 2425 1555 2455 et
1570 2420 1659 2455 alio-

909 2486 986 2510 rum
1020 2480 1054 2508 et
1078 2479 1190 2508 nostr.
1216 2473 1410 2520 scriptura,
1444 2487 1546 2521 quam
1566 2488 1657 2524 seq„

909 2532 1004 2578 quod
1021 2532 1142 2575 sciam,
1161 2531 1241 2565 edd.
1260 2542 1372 2576 usque
1388 2533 1432 2566 ad
1447 2533 1655 2578 Bentlejum.

906 2590 1002 2624 Edd.
1013 2594 1161 2624 recentt.
1171 2589 1284 2622 Gesn.
1298 2588 1419 2622 Comb.
1434 2588 1556 2624 Oberl.
1565 2590 1655 2625 Bad.

904 2649 1017 2682 Hunt.
1046 2648 1169 2691 Camp.
1205 2645 1299 2680 Pott.
1325 2644 1479 2679 Schmid.
1505 2645 1654 2680 Passov.

904 2704 1060 2741 Braunh.
1088 2703 1250 2738 Occurro.
1267 2702 1336 2737 Ms.
1354 2715 1413 2738 un.
1431 2704 1566 2737 Bersm.
1584 2702 1653 2737 duo

904 2762 1010 2799 Torr.
1027 2761 1143 2796 Bentl.
1153 2761 1188 2796 3.
1197 2761 1232 2796 6.
1250 2772 1309 2795 un.
1320 2759 1507 2794 Va1.Feae
1520 2761 1552 2802 1,
1568 2759 1652 2794 b.d.

903 2833 940 2867 p.
958 2820 993 2863 2,
1010 2820 1046 2853 b.
1064 2819 1093 2852 f.
1119 2819 1154 2862 3,
1172 2829 1203 2852 c.
1221 2818 1249 2852 f.
1272 2819 1306 2863 6,
1323 2829 1357 2852 a.
1382 2816 1422 2860 (a
1441 2818 1472 2851 1.
1490 2816 1541 2860 m)
1565 2816 1599 2858 9,
1617 2825 1651 2848 a.

904 2882 1059 2912 notatum
1078 2887 1122 2909 ex
1138 2886 1201 2909 ms.
1218 2875 1256 2910 in
1273 2886 1335 2910 ora
1351 2874 1407 2908 ed.
1424 2872 1504 2907 Ald.
1522 2872 1590 2907 509
1613 2871 1652 2905 in

903 2934 990 2969 bibl.
1007 2932 1221 2977 Barba-ina,
1248 2933 1368 2968 Gnelf.
1388 2931 1421 2964 1.
1437 2929 1541 2963 Dess.
1561 2929 1593 2962 1.
1610 2927 1649 2962 2.

903 2991 944 3035 (a
967 2992 1003 3026 2.
1021 2990 1088 3035 m.)
1103 2991 1206 3026 Gott.
1224 2992 1257 3026 1.
1273 2993 1309 3027 2.
1327 2995 1365 3025 et
1390 2985 1534 3022 Corvei·
1552 2983 1648 3019 Edd-

1306 3065 1370 3107 2*
