<?xml version="1.0" encoding="UTF-8"?>
<!DOCTYPE html PUBLIC "-//W3C//DTD XHTML 1.0 Transitional//EN"
    "http://www.w3.org/TR/xhtml1/DTD/xhtml1-transitional.dtd">
<html xmlns="http://www.w3.org/1999/xhtml" xml:lang="en" lang="en">
 <head>
  <title>
</title>
<meta http-equiv="Content-Type" content="text/html;charset=utf-8" />
  <meta name='ocr-system' content='tesseract 3.04.00' />
  <meta name='ocr-capabilities' content='ocr_page ocr_carea ocr_par ocr_line ocrx_word'/>
</head>
<body>
  <div class='ocr_page' id='page_1' title='image "./epistolascomment01horauoft_0099.png"; bbox 0 0 2028 3268; ppageno 0'>
   <div class='ocr_carea' id='block_1_1' title="bbox 267 229 1675 281">
    <p class='ocr_par' dir='ltr' id='par_1_1' title="bbox 267 229 1675 281">
     <span class='ocr_line' id='line_1_1' title="bbox 267 229 1675 281; baseline -0.009 0"><span class='ocrx_word' id='word_1_1' title='bbox 267 239 650 281; x_wconf 77' lang='lat' dir='ltr'>COMMENTARH.</span> <span class='ocrx_word' id='word_1_2' title='bbox 677 239 729 276; x_wconf 91' lang='lat' dir='ltr'>IN</span> <span class='ocrx_word' id='word_1_3' title='bbox 749 236 969 275; x_wconf 89' lang='lat' dir='ltr'>HORATII</span> <span class='ocrx_word' id='word_1_4' title='bbox 994 234 1164 274; x_wconf 89' lang='lat' dir='ltr'>EPIST.</span> <span class='ocrx_word' id='word_1_5' title='bbox 1199 234 1342 272; x_wconf 86' lang='lat' dir='ltr'>PRIM.</span> <span class='ocrx_word' id='word_1_6' title='bbox 1370 233 1472 271; x_wconf 90' lang='lat' dir='ltr'>LIB.</span> <span class='ocrx_word' id='word_1_7' title='bbox 1501 234 1532 270; x_wconf 86' lang='lat'>1.</span> <span class='ocrx_word' id='word_1_8' title='bbox 1621 229 1675 271; x_wconf 88' lang='grc'>73</span> 
     </span>
    </p>
   </div>
   <div class='ocr_carea' id='block_1_2' title="bbox 122 342 1682 3000">
    <p class='ocr_par' dir='ltr' id='par_1_2' title="bbox 122 342 1680 2106">
     <span class='ocr_line' id='line_1_2' title="bbox 131 342 1675 408; baseline -0.008 -14"><span class='ocrx_word' id='word_1_9' title='bbox 131 356 385 408; x_wconf 80' lang='lat' dir='ltr'>senibusque,</span> <span class='ocrx_word' id='word_1_10' title='bbox 407 351 513 391; x_wconf 84' lang='lat' dir='ltr'><strong>nihil</strong></span> <span class='ocrx_word' id='word_1_11' title='bbox 534 351 644 391; x_wconf 83' lang='lat' dir='ltr'>aliud</span> <span class='ocrx_word' id='word_1_12' title='bbox 664 352 753 390; x_wconf 83' lang='lat' dir='ltr'>vult</span> <span class='ocrx_word' id='word_1_13' title='bbox 772 351 852 389; x_wconf 87' lang='lat' dir='ltr'>nisi</span> <span class='ocrx_word' id='word_1_14' title='bbox 869 348 970 388; x_wconf 83' lang='lat' dir='ltr'>hoc:</span> <span class='ocrx_word' id='word_1_15' title='bbox 997 361 1138 388; x_wconf 88' lang='lat' dir='ltr'>omnes</span> <span class='ocrx_word' id='word_1_16' title='bbox 1158 347 1243 385; x_wconf 87' lang='lat' dir='ltr'>fere</span> <span class='ocrx_word' id='word_1_17' title='bbox 1267 346 1373 384; x_wconf 87' lang='lat' dir='ltr'>cives</span> <span class='ocrx_word' id='word_1_18' title='bbox 1394 358 1559 397; x_wconf 84' lang='lat' dir='ltr'>operam</span> <span class='ocrx_word' id='word_1_19' title='bbox 1580 342 1675 381; x_wconf 88' lang='lat' dir='ltr'>dare</span> 
     </span>
     <span class='ocr_line' id='line_1_3' title="bbox 131 415 1677 476; baseline -0.008 -15"><span class='ocrx_word' id='word_1_20' title='bbox 131 424 315 476; x_wconf 82' lang='lat' dir='ltr'>quaestui</span> <span class='ocrx_word' id='word_1_21' title='bbox 339 423 568 474; x_wconf 85' lang='lat' dir='ltr'>pecuniario</span> <span class='ocrx_word' id='word_1_22' title='bbox 593 427 632 458; x_wconf 85' lang='lat' dir='ltr'>et</span> <span class='ocrx_word' id='word_1_23' title='bbox 656 419 747 458; x_wconf 92' lang='lat' dir='ltr'>ideo</span> <span class='ocrx_word' id='word_1_24' title='bbox 770 419 871 456; x_wconf 87' lang='lat' dir='ltr'>ferre</span> <span class='ocrx_word' id='word_1_25' title='bbox 895 431 1033 456; x_wconf 80' lang='lat' dir='ltr'>Secllln</span> <span class='ocrx_word' id='word_1_26' title='bbox 1055 417 1212 455; x_wconf 90' lang='lat' dir='ltr'>loculos</span> <span class='ocrx_word' id='word_1_27' title='bbox 1235 421 1274 452; x_wconf 90' lang='lat' dir='ltr'>et</span> <span class='ocrx_word' id='word_1_28' title='bbox 1297 415 1500 462; x_wconf 86' lang='lat' dir='ltr'>tabulam,</span> <span class='ocrx_word' id='word_1_29' title='bbox 1533 425 1677 450; x_wconf 85' lang='lat' dir='ltr'>neces-</span> 
     </span>
     <span class='ocr_line' id='line_1_4' title="bbox 131 482 1677 534; baseline -0.006 -6"><span class='ocrx_word' id='word_1_30' title='bbox 131 491 234 528; x_wconf 78' lang='lat' dir='ltr'>saria</span> <span class='ocrx_word' id='word_1_31' title='bbox 255 488 307 527; x_wconf 88' lang='lat' dir='ltr'>ad</span> <span class='ocrx_word' id='word_1_32' title='bbox 329 502 420 526; x_wconf 85' lang='lat' dir='ltr'>eam</span> <span class='ocrx_word' id='word_1_33' title='bbox 441 502 528 526; x_wconf 87' lang='lat' dir='ltr'>rem</span> <span class='ocrx_word' id='word_1_34' title='bbox 544 489 820 526; x_wconf 85' lang='lat' dir='ltr'>instrumenta.</span> <span class='ocrx_word' id='word_1_35' title='bbox 876 487 970 525; x_wconf 86' lang='lat' dir='ltr'>Juv.</span> <span class='ocrx_word' id='word_1_36' title='bbox 999 485 1049 534; x_wconf 87' lang='lat'>9,</span> <span class='ocrx_word' id='word_1_37' title='bbox 1075 482 1144 525; x_wconf 86' lang='lat'>41.</span> <span class='ocrx_word' id='word_1_38' title='bbox 1202 484 1328 521; x_wconf 90' lang='lat' dir='ltr'>Tecte</span> <span class='ocrx_word' id='word_1_39' title='bbox 1350 483 1473 533; x_wconf 80' lang='lat' dir='ltr'>igitur</span> <span class='ocrx_word' id='word_1_40' title='bbox 1494 489 1677 520; x_wconf 84' lang='lat' dir='ltr'>tautum—</span> 
     </span>
     <span class='ocr_line' id='line_1_5' title="bbox 131 549 1677 608; baseline -0.006 -13"><span class='ocrx_word' id='word_1_41' title='bbox 131 555 253 596; x_wconf 87' lang='lat' dir='ltr'>modo</span> <span class='ocrx_word' id='word_1_42' title='bbox 283 563 564 608; x_wconf 82' lang='lat' dir='ltr'>comparantur</span> <span class='ocrx_word' id='word_1_43' title='bbox 594 555 779 594; x_wconf 88' lang='lat' dir='ltr'>homines</span> <span class='ocrx_word' id='word_1_44' title='bbox 806 561 934 593; x_wconf 84' lang='lat' dir='ltr'>aetate</span> <span class='ocrx_word' id='word_1_45' title='bbox 968 551 1107 590; x_wconf 86' lang='lat' dir='ltr'>adulta</span> <span class='ocrx_word' id='word_1_46' title='bbox 1137 565 1230 589; x_wconf 91' lang='lat' dir='ltr'>cum</span> <span class='ocrx_word' id='word_1_47' title='bbox 1255 552 1390 603; x_wconf 87' lang='lat' dir='ltr'>pueris</span> <span class='ocrx_word' id='word_1_48' title='bbox 1419 552 1502 589; x_wconf 89' lang='lat' dir='ltr'>illis</span> <span class='ocrx_word' id='word_1_49' title='bbox 1533 549 1677 587; x_wconf 87' lang='lat' dir='ltr'>eadem</span> 
     </span>
     <span class='ocr_line' id='line_1_6' title="bbox 132 617 1676 663; baseline -0.006 0"><span class='ocrx_word' id='word_1_50' title='bbox 132 627 396 663; x_wconf 77' lang='lat' dir='ltr'>instrumenta</span> <span class='ocrx_word' id='word_1_51' title='bbox 417 621 667 661; x_wconf 86' lang='lat' dir='ltr'>arithmetica</span> <span class='ocrx_word' id='word_1_52' title='bbox 689 623 739 662; x_wconf 89' lang='lat' dir='ltr'>ad</span> <span class='ocrx_word' id='word_1_53' title='bbox 760 620 1001 661; x_wconf 85' lang='lat' dir='ltr'>numerandi</span> <span class='ocrx_word' id='word_1_54' title='bbox 1027 628 1154 659; x_wconf 88' lang='lat' dir='ltr'>artem</span> <span class='ocrx_word' id='word_1_55' title='bbox 1175 618 1435 658; x_wconf 82' lang='lat' dir='ltr'>ediscendam</span> <span class='ocrx_word' id='word_1_56' title='bbox 1457 632 1596 657; x_wconf 88' lang='lat' dir='ltr'>secum</span> <span class='ocrx_word' id='word_1_57' title='bbox 1612 617 1676 654; x_wconf 87' lang='lat' dir='ltr'>fe-</span> 
     </span>
     <span class='ocr_line' id='line_1_7' title="bbox 134 689 1677 744; baseline -0.005 -13"><span class='ocrx_word' id='word_1_58' title='bbox 134 693 330 742; x_wconf 85' lang='lat' dir='ltr'>rentibus,</span> <span class='ocrx_word' id='word_1_59' title='bbox 357 705 436 744; x_wconf 87' lang='lat' dir='ltr'>qua</span> <span class='ocrx_word' id='word_1_60' title='bbox 460 691 624 743; x_wconf 87' lang='lat' dir='ltr'>quidem</span> <span class='ocrx_word' id='word_1_61' title='bbox 647 706 688 730; x_wconf 89' lang='lat' dir='ltr'>re</span> <span class='ocrx_word' id='word_1_62' title='bbox 714 693 920 730; x_wconf 81' lang='lat' dir='ltr'>observata</span> <span class='ocrx_word' id='word_1_63' title='bbox 944 697 1052 728; x_wconf 81' lang='lat' dir='ltr'>totus</span> <span class='ocrx_word' id='word_1_64' title='bbox 1072 691 1307 742; x_wconf 80' lang='lat' dir='ltr'>perelegans</span> <span class='ocrx_word' id='word_1_65' title='bbox 1339 692 1452 728; x_wconf 87' lang='lat' dir='ltr'>locus</span> <span class='ocrx_word' id='word_1_66' title='bbox 1471 689 1554 726; x_wconf 90' lang='lat' dir='ltr'>sale</span> <span class='ocrx_word' id='word_1_67' title='bbox 1573 699 1677 738; x_wconf 87' lang='lat' dir='ltr'>quo-</span> 
     </span>
     <span class='ocr_line' id='line_1_8' title="bbox 133 754 1678 812; baseline -0.005 -13"><span class='ocrx_word' id='word_1_68' title='bbox 133 761 228 799; x_wconf 84' lang='lat' dir='ltr'>dam</span> <span class='ocrx_word' id='word_1_69' title='bbox 246 762 420 798; x_wconf 87' lang='lat' dir='ltr'>cernitur</span> <span class='ocrx_word' id='word_1_70' title='bbox 440 773 689 812; x_wconf 85' lang='lat' dir='ltr'>conspersus.</span> <span class='ocrx_word' id='word_1_71' title='bbox 746 760 867 798; x_wconf 90' lang='lat' dir='ltr'>Pueri</span> <span class='ocrx_word' id='word_1_72' title='bbox 884 760 993 796; x_wconf 88' lang='lat' dir='ltr'>enim</span> <span class='ocrx_word' id='word_1_73' title='bbox 1011 760 1073 796; x_wconf 90' lang='lat' dir='ltr'>illi</span> <span class='ocrx_word' id='word_1_74' title='bbox 1097 772 1178 795; x_wconf 91' lang='lat' dir='ltr'>non</span> <span class='ocrx_word' id='word_1_75' title='bbox 1204 759 1414 796; x_wconf 89' lang='lat' dir='ltr'>liberalem</span> <span class='ocrx_word' id='word_1_76' title='bbox 1434 764 1574 804; x_wconf 89' lang='lat' dir='ltr'>artem,</span> <span class='ocrx_word' id='word_1_77' title='bbox 1605 754 1678 793; x_wconf 85' lang='lat' dir='ltr'>sed</span> 
     </span>
     <span class='ocr_line' id='line_1_9' title="bbox 134 827 1677 879; baseline -0.004 -13"><span class='ocrx_word' id='word_1_78' title='bbox 134 835 261 866; x_wconf 87' lang='lat' dir='ltr'>artem</span> <span class='ocrx_word' id='word_1_79' title='bbox 281 827 632 866; x_wconf 88' lang='lat' dir='ltr'>subducendorum</span> <span class='ocrx_word' id='word_1_80' title='bbox 657 829 904 866; x_wconf 74' lang='lat' dir='ltr'>calculorum</span> <span class='ocrx_word' id='word_1_81' title='bbox 924 841 977 864; x_wconf 85' lang='lat' dir='ltr'>ex</span> <span class='ocrx_word' id='word_1_82' title='bbox 1007 828 1169 879; x_wconf 84' lang='lat' dir='ltr'>ingenio</span> <span class='ocrx_word' id='word_1_83' title='bbox 1194 828 1346 864; x_wconf 86' lang='lat' dir='ltr'>saeculi</span> <span class='ocrx_word' id='word_1_84' title='bbox 1366 828 1584 864; x_wconf 77' lang='lat' dir='ltr'>utilitatem</span> <span class='ocrx_word' id='word_1_85' title='bbox 1604 837 1677 875; x_wconf 88' lang='lat' dir='ltr'>pro</span> 
     </span>
     <span class='ocr_line' id='line_1_10' title="bbox 134 893 1678 947; baseline -0.003 -13"><span class='ocrx_word' id='word_1_86' title='bbox 134 898 298 934; x_wconf 86' lang='lat' dir='ltr'>numine</span> <span class='ocrx_word' id='word_1_87' title='bbox 322 895 506 934; x_wconf 85' lang='lat' dir='ltr'>habentis</span> <span class='ocrx_word' id='word_1_88' title='bbox 529 895 808 935; x_wconf 86' lang='lat' dir='ltr'>edocebantur.</span> <span class='ocrx_word' id='word_1_89' title='bbox 866 896 926 932; x_wconf 85' lang='lat' dir='ltr'>De</span> <span class='ocrx_word' id='word_1_90' title='bbox 952 896 1121 947; x_wconf 85' lang='lat' dir='ltr'>singulis</span> <span class='ocrx_word' id='word_1_91' title='bbox 1145 894 1226 932; x_wconf 79' lang='lat' dir='ltr'>vicl.</span> <span class='ocrx_word' id='word_1_92' title='bbox 1252 893 1397 932; x_wconf 91' lang='lat' dir='ltr'>Heind.</span> <span class='ocrx_word' id='word_1_93' title='bbox 1428 901 1468 931; x_wconf 83' lang='lat' dir='ltr'>et</span> <span class='ocrx_word' id='word_1_94' title='bbox 1486 894 1678 943; x_wconf 72' lang='lat' dir='ltr'>Doering,</span> 
     </span>
     <span class='ocr_line' id='line_1_11' title="bbox 135 960 1678 1016; baseline -0.005 -14"><span class='ocrx_word' id='word_1_95' title='bbox 135 963 188 1002; x_wconf 89' lang='lat' dir='ltr'>ad</span> <span class='ocrx_word' id='word_1_96' title='bbox 211 965 294 1003; x_wconf 82' lang='lat' dir='ltr'>Sat.</span> <span class='ocrx_word' id='word_1_97' title='bbox 323 966 360 1014; x_wconf 90' lang='lat'>1,</span> <span class='ocrx_word' id='word_1_98' title='bbox 381 965 420 1014; x_wconf 90' lang='lat'>6,</span> <span class='ocrx_word' id='word_1_99' title='bbox 439 963 507 1005; x_wconf 81' lang='grc'>74.</span> <span class='ocrx_word' id='word_1_100' title='bbox 542 972 582 1002; x_wconf 90' lang='lat' dir='ltr'>et</span> <span class='ocrx_word' id='word_1_101' title='bbox 599 966 770 1016; x_wconf 81' lang='lat' dir='ltr'><strong>interpp.</strong></span> <span class='ocrx_word' id='word_1_102' title='bbox 799 962 850 1000; x_wconf 88' lang='lat' dir='ltr'>ad</span> <span class='ocrx_word' id='word_1_103' title='bbox 874 964 922 1000; x_wconf 86' lang='lat' dir='ltr'>A.</span> <span class='ocrx_word' id='word_1_104' title='bbox 943 965 988 1001; x_wconf 85' lang='lat' dir='ltr'>P.</span> <span class='ocrx_word' id='word_1_105' title='bbox 1008 963 1104 1004; x_wconf 86' lang='grc'><strong>325.</strong></span> <span class='ocrx_word' id='word_1_106' title='bbox 1163 964 1274 1002; x_wconf 86' lang='lat' dir='ltr'>Scito</span> <span class='ocrx_word' id='word_1_107' title='bbox 1308 971 1466 1011; x_wconf 86' lang='lat' dir='ltr'>autem,</span> <span class='ocrx_word' id='word_1_108' title='bbox 1493 960 1678 998; x_wconf 86' lang='lat' dir='ltr'>homiues</span> 
     </span>
     <span class='ocr_line' id='line_1_12' title="bbox 134 1028 1679 1071; baseline -0.004 -1"><span class='ocrx_word' id='word_1_109' title='bbox 134 1034 226 1071; x_wconf 88' lang='lat' dir='ltr'>illos</span> <span class='ocrx_word' id='word_1_110' title='bbox 245 1034 286 1070; x_wconf 89' lang='lat' dir='ltr'>in</span> <span class='ocrx_word' id='word_1_111' title='bbox 309 1034 413 1071; x_wconf 83' lang='lat' dir='ltr'>Jauo</span> <span class='ocrx_word' id='word_1_112' title='bbox 428 1039 630 1071; x_wconf 81' lang='lat' dir='ltr'>versantes</span> <span class='ocrx_word' id='word_1_113' title='bbox 651 1031 837 1070; x_wconf 90' lang='lat' dir='ltr'>habuisse</span> <span class='ocrx_word' id='word_1_114' title='bbox 858 1038 927 1068; x_wconf 89' lang='lat' dir='ltr'>aut</span> <span class='ocrx_word' id='word_1_115' title='bbox 947 1031 1130 1068; x_wconf 76' lang='lat' dir='ltr'>tabulam</span> <span class='ocrx_word' id='word_1_116' title='bbox 1149 1033 1450 1070; x_wconf 81' lang='lat' dir='ltr'>calculatoriam</span> <span class='ocrx_word' id='word_1_117' title='bbox 1470 1037 1508 1067; x_wconf 90' lang='lat' dir='ltr'>et</span> <span class='ocrx_word' id='word_1_118' title='bbox 1528 1028 1679 1066; x_wconf 78' lang='lat' dir='ltr'>loculo-s·</span> 
     </span>
     <span class='ocr_line' id='line_1_13' title="bbox 135 1099 1677 1151; baseline -0.003 -14"><span class='ocrx_word' id='word_1_119' title='bbox 135 1102 297 1139; x_wconf 86' lang='lat' dir='ltr'>calculis</span> <span class='ocrx_word' id='word_1_120' title='bbox 325 1100 513 1150; x_wconf 88' lang='lat' dir='ltr'>refertos,</span> <span class='ocrx_word' id='word_1_121' title='bbox 550 1108 596 1139; x_wconf 89' lang='lat' dir='ltr'>ut</span> <span class='ocrx_word' id='word_1_122' title='bbox 623 1103 664 1138; x_wconf 92' lang='lat' dir='ltr'>in</span> <span class='ocrx_word' id='word_1_123' title='bbox 696 1101 819 1139; x_wconf 85' lang='lat' dir='ltr'>abaco</span> <span class='ocrx_word' id='word_1_124' title='bbox 856 1101 1030 1138; x_wconf 90' lang='lat' dir='ltr'>rationes</span> <span class='ocrx_word' id='word_1_125' title='bbox 1063 1101 1245 1138; x_wconf 77' lang='lat' dir='ltr'>celeriter</span> <span class='ocrx_word' id='word_1_126' title='bbox 1278 1099 1469 1151; x_wconf 85' lang='lat' dir='ltr'>expedire</span> <span class='ocrx_word' id='word_1_127' title='bbox 1498 1103 1677 1150; x_wconf 75' lang='lat' dir='ltr'>possent,</span> 
     </span>
     <span class='ocr_line' id='line_1_14' title="bbox 133 1167 1679 1221; baseline -0.003 -14"><span class='ocrx_word' id='word_1_128' title='bbox 133 1175 221 1219; x_wconf 77' lang='lat' dir='ltr'>aut,</span> <span class='ocrx_word' id='word_1_129' title='bbox 246 1171 461 1221; x_wconf 82' lang='lat' dir='ltr'>interprete</span> <span class='ocrx_word' id='word_1_130' title='bbox 483 1168 710 1208; x_wconf 84' lang='lat' dir='ltr'>Scholiasta</span> <span class='ocrx_word' id='word_1_131' title='bbox 741 1169 926 1220; x_wconf 87' lang='lat' dir='ltr'>Cruquii,</span> <span class='ocrx_word' id='word_1_132' title='bbox 956 1170 1129 1215; x_wconf 67' lang='lat' dir='ltr'>juvenes</span> <span class='ocrx_word' id='word_1_133' title='bbox 1140 1168 1278 1219; x_wconf 73' lang='lat' dir='ltr'>fenori</span> <span class='ocrx_word' id='word_1_134' title='bbox 1298 1182 1460 1219; x_wconf 78' lang='lat' dir='ltr'>operam</span> <span class='ocrx_word' id='word_1_135' title='bbox 1482 1167 1622 1204; x_wconf 81' lang='lat' dir='ltr'>dantes</span> <span class='ocrx_word' id='word_1_136' title='bbox 1643 1172 1679 1202; x_wconf 85' lang='lat' dir='ltr'>et</span> 
     </span>
     <span class='ocr_line' id='line_1_15' title="bbox 122 1234 1680 1289; baseline -0.003 -15"><span class='ocrx_word' id='word_1_137' title='bbox 122 1237 372 1289; x_wconf 74' lang='lat' dir='ltr'>feneratores</span> <span class='ocrx_word' id='word_1_138' title='bbox 391 1238 434 1274; x_wconf 86' lang='lat' dir='ltr'>in</span> <span class='ocrx_word' id='word_1_139' title='bbox 454 1238 607 1275; x_wconf 78' lang='lat' dir='ltr'>Ianum</span> <span class='ocrx_word' id='word_1_140' title='bbox 625 1239 821 1274; x_wconf 77' lang='lat' dir='ltr'>intrantes</span> <span class='ocrx_word' id='word_1_141' title='bbox 847 1237 1119 1287; x_wconf 83' lang='lat' dir='ltr'>intelligente,</span> <span class='ocrx_word' id='word_1_142' title='bbox 1149 1235 1312 1273; x_wconf 73' lang='lat' dir='ltr'>tabulas</span> <span class='ocrx_word' id='word_1_143' title='bbox 1341 1236 1401 1273; x_wconf 78' lang='lat' dir='ltr'>ad</span> <span class='ocrx_word' id='word_1_144' title='bbox 1428 1234 1680 1272; x_wconf 76' lang='lat' dir='ltr'>exarandam</span> 
     </span>
     <span class='ocr_line' id='line_1_16' title="bbox 135 1302 1679 1356; baseline -0.002 -14"><span class='ocrx_word' id='word_1_145' title='bbox 135 1307 298 1343; x_wconf 79' lang='lat' dir='ltr'>nomina</span> <span class='ocrx_word' id='word_1_146' title='bbox 318 1312 356 1342; x_wconf 83' lang='lat' dir='ltr'>et</span> <span class='ocrx_word' id='word_1_147' title='bbox 371 1305 521 1342; x_wconf 75' lang='lat' dir='ltr'>loculos</span> <span class='ocrx_word' id='word_1_148' title='bbox 538 1305 597 1343; x_wconf 86' lang='lat' dir='ltr'>ad</span> <span class='ocrx_word' id='word_1_149' title='bbox 609 1306 731 1356; x_wconf 77' lang='lat' dir='ltr'>fenus</span> <span class='ocrx_word' id='word_1_150' title='bbox 753 1304 1046 1356; x_wconf 76' lang='lat' dir='ltr'>accipiendum.</span> <span class='ocrx_word' id='word_1_151' title='bbox 1110 1302 1360 1343; x_wconf 89' lang='lat' dir='ltr'>Scholiastae</span> <span class='ocrx_word' id='word_1_152' title='bbox 1381 1304 1679 1355; x_wconf 87' lang='lat' dir='ltr'>interpretatio-</span> 
     </span>
     <span class='ocr_line' id='line_1_17' title="bbox 135 1371 1678 1425; baseline -0.001 -15"><span class='ocrx_word' id='word_1_153' title='bbox 135 1386 230 1411; x_wconf 90' lang='lat' dir='ltr'>nem</span> <span class='ocrx_word' id='word_1_154' title='bbox 250 1374 336 1424; x_wconf 80' lang='lat' dir='ltr'>jure</span> <span class='ocrx_word' id='word_1_155' title='bbox 363 1374 560 1425; x_wconf 87' lang='lat' dir='ltr'>improbat</span> <span class='ocrx_word' id='word_1_156' title='bbox 585 1373 829 1412; x_wconf 60' lang='lat' dir='ltr'>Selamidtus.</span> <span class='ocrx_word' id='word_1_157' title='bbox 891 1375 948 1411; x_wconf 89' lang='lat' dir='ltr'>Ne</span> <span class='ocrx_word' id='word_1_158' title='bbox 976 1374 1066 1425; x_wconf 87' lang='lat' dir='ltr'>quis</span> <span class='ocrx_word' id='word_1_159' title='bbox 1096 1374 1264 1424; x_wconf 87' lang='lat' dir='ltr'>repetito</span> <span class='ocrx_word' id='word_1_160' title='bbox 1289 1387 1409 1411; x_wconf 87' lang='lat' dir='ltr'>versu</span> <span class='ocrx_word' id='word_1_161' title='bbox 1438 1371 1678 1419; x_wconf 87' lang='lat' dir='ltr'>offendatur,</span> 
     </span>
     <span class='ocr_line' id='line_1_18' title="bbox 135 1440 1678 1494; baseline -0.001 -15"><span class='ocrx_word' id='word_1_162' title='bbox 135 1443 196 1479; x_wconf 88' lang='lat' dir='ltr'>uti</span> <span class='ocrx_word' id='word_1_163' title='bbox 214 1440 295 1482; x_wconf 86' lang='lat' dir='ltr'>h.l.</span> <span class='ocrx_word' id='word_1_164' title='bbox 314 1443 467 1480; x_wconf 84' lang='lat' dir='ltr'>factmn</span> <span class='ocrx_word' id='word_1_165' title='bbox 490 1441 697 1491; x_wconf 80' lang='lat' dir='ltr'>videmus,</span> <span class='ocrx_word' id='word_1_166' title='bbox 727 1441 948 1479; x_wconf 88' lang='lat' dir='ltr'>tenendum</span> <span class='ocrx_word' id='word_1_167' title='bbox 970 1448 1050 1490; x_wconf 88' lang='lat' dir='ltr'>est,</span> <span class='ocrx_word' id='word_1_168' title='bbox 1084 1449 1239 1479; x_wconf 81' lang='lat' dir='ltr'>veteres</span> <span class='ocrx_word' id='word_1_169' title='bbox 1262 1446 1401 1494; x_wconf 71' lang='lat' dir='ltr'>poetas</span> <span class='ocrx_word' id='word_1_170' title='bbox 1423 1454 1517 1480; x_wconf 91' lang='lat' dir='ltr'>suos</span> <span class='ocrx_word' id='word_1_171' title='bbox 1537 1453 1678 1478; x_wconf 81' lang='lat' dir='ltr'>versus</span> 
     </span>
     <span class='ocr_line' id='line_1_19' title="bbox 136 1509 1678 1562; baseline 0.001 -14"><span class='ocrx_word' id='word_1_172' title='bbox 136 1517 314 1562; x_wconf 87' lang='lat' dir='ltr'>repetere</span> <span class='ocrx_word' id='word_1_173' title='bbox 335 1524 416 1548; x_wconf 89' lang='lat' dir='ltr'>non</span> <span class='ocrx_word' id='word_1_174' title='bbox 437 1510 662 1558; x_wconf 82' lang='lat' dir='ltr'>dubitasse3</span> <span class='ocrx_word' id='word_1_175' title='bbox 689 1510 772 1548; x_wconf 76' lang='lat' dir='ltr'>vid.</span> <span class='ocrx_word' id='word_1_176' title='bbox 801 1511 884 1548; x_wconf 89' lang='lat' dir='ltr'>Sat.</span> <span class='ocrx_word' id='word_1_177' title='bbox 914 1512 934 1550; x_wconf 89' lang='lat'><strong>1</strong></span> <span class='ocrx_word' id='word_1_178' title='bbox 952 1540 963 1558; x_wconf 89' lang='lat'>,</span> <span class='ocrx_word' id='word_1_179' title='bbox 990 1511 1037 1559; x_wconf 97' lang='grc'>2,</span> <span class='ocrx_word' id='word_1_180' title='bbox 1064 1510 1130 1550; x_wconf 87' lang='grc'>13.</span> <span class='ocrx_word' id='word_1_181' title='bbox 1157 1518 1195 1549; x_wconf 88' lang='lat' dir='ltr'>et</span> <span class='ocrx_word' id='word_1_182' title='bbox 1221 1513 1269 1548; x_wconf 90' lang='lat' dir='ltr'>A.</span> <span class='ocrx_word' id='word_1_183' title='bbox 1295 1513 1340 1548; x_wconf 90' lang='lat' dir='ltr'>P.</span> <span class='ocrx_word' id='word_1_184' title='bbox 1366 1510 1489 1559; x_wconf 60' lang='lat'>421„</span> <span class='ocrx_word' id='word_1_185' title='bbox 1527 1509 1610 1547; x_wconf 87' lang='lat' dir='ltr'>Sat.</span> <span class='ocrx_word' id='word_1_186' title='bbox 1641 1510 1678 1558; x_wconf 89' lang='lat'>1,</span> 
     </span>
     <span class='ocr_line' id='line_1_20' title="bbox 133 1577 1679 1631; baseline 0.001 -15"><span class='ocrx_word' id='word_1_187' title='bbox 133 1581 175 1628; x_wconf 78' lang='lat'>2,</span> <span class='ocrx_word' id='word_1_188' title='bbox 193 1580 262 1619; x_wconf 84' lang='lat'>27.</span> <span class='ocrx_word' id='word_1_189' title='bbox 286 1586 325 1616; x_wconf 93' lang='lat' dir='ltr'>et</span> <span class='ocrx_word' id='word_1_190' title='bbox 347 1580 384 1628; x_wconf 88' lang='lat'>1,</span> <span class='ocrx_word' id='word_1_191' title='bbox 410 1578 450 1628; x_wconf 86' lang='lat'>4,</span> <span class='ocrx_word' id='word_1_192' title='bbox 481 1581 561 1628; x_wconf 66' lang='lat'>92„</span> <span class='ocrx_word' id='word_1_193' title='bbox 590 1579 690 1617; x_wconf 90' lang='lat' dir='ltr'>Ibid.</span> <span class='ocrx_word' id='word_1_194' title='bbox 712 1581 759 1628; x_wconf 86' lang='lat'>2,</span> <span class='ocrx_word' id='word_1_195' title='bbox 779 1580 830 1627; x_wconf 87' lang='lat'>3,</span> <span class='ocrx_word' id='word_1_196' title='bbox 865 1579 959 1619; x_wconf 86' lang='lat'>163.</span> <span class='ocrx_word' id='word_1_197' title='bbox 983 1586 1022 1616; x_wconf 91' lang='lat' dir='ltr'>et</span> <span class='ocrx_word' id='word_1_198' title='bbox 1042 1580 1171 1631; x_wconf 87' lang='lat' dir='ltr'>Epist.</span> <span class='ocrx_word' id='word_1_199' title='bbox 1199 1582 1221 1620; x_wconf 88' lang='lat'>1</span> <span class='ocrx_word' id='word_1_200' title='bbox 1237 1610 1246 1628; x_wconf 95' lang='lat'>,</span> <span class='ocrx_word' id='word_1_201' title='bbox 1266 1580 1306 1628; x_wconf 88' lang='lat'>6,</span> <span class='ocrx_word' id='word_1_202' title='bbox 1325 1579 1393 1620; x_wconf 92' lang='grc'>28.</span> <span class='ocrx_word' id='word_1_203' title='bbox 1453 1577 1526 1616; x_wconf 92' lang='lat' dir='ltr'>Od.</span> <span class='ocrx_word' id='word_1_204' title='bbox 1550 1579 1587 1626; x_wconf 86' lang='lat'>1,</span> <span class='ocrx_word' id='word_1_205' title='bbox 1614 1578 1679 1626; x_wconf 85' lang='lat'>19,</span> 
     </span>
     <span class='ocr_line' id='line_1_21' title="bbox 138 1644 1679 1700; baseline -0.001 -13"><span class='ocrx_word' id='word_1_206' title='bbox 138 1648 176 1687; x_wconf 88' lang='lat'>1.</span> <span class='ocrx_word' id='word_1_207' title='bbox 201 1654 241 1685; x_wconf 88' lang='lat' dir='ltr'>et</span> <span class='ocrx_word' id='word_1_208' title='bbox 261 1644 301 1696; x_wconf 83' lang='lat'>4,</span> <span class='ocrx_word' id='word_1_209' title='bbox 329 1649 366 1696; x_wconf 90' lang='lat'>1,</span> <span class='ocrx_word' id='word_1_210' title='bbox 389 1647 426 1688; x_wconf 90' lang='grc'>5.</span> <span class='ocrx_word' id='word_1_211' title='bbox 486 1649 579 1685; x_wconf 93' lang='lat' dir='ltr'>Alia</span> <span class='ocrx_word' id='word_1_212' title='bbox 602 1650 789 1700; x_wconf 82' lang='lat' dir='ltr'>exempla</span> <span class='ocrx_word' id='word_1_213' title='bbox 819 1648 1068 1698; x_wconf 82' lang='lat' dir='ltr'>collegerunt</span> <span class='ocrx_word' id='word_1_214' title='bbox 1096 1646 1269 1686; x_wconf 89' lang='lat' dir='ltr'>Jahnius</span> <span class='ocrx_word' id='word_1_215' title='bbox 1298 1647 1349 1685; x_wconf 89' lang='lat' dir='ltr'>ad</span> <span class='ocrx_word' id='word_1_216' title='bbox 1370 1648 1509 1698; x_wconf 85' lang='lat' dir='ltr'>Virgil.</span> <span class='ocrx_word' id='word_1_217' title='bbox 1541 1647 1612 1683; x_wconf 85' lang='lat' dir='ltr'>Ge.</span> <span class='ocrx_word' id='word_1_218' title='bbox 1638 1647 1679 1694; x_wconf 84' lang='lat'>2,</span> 
     </span>
     <span class='ocr_line' id='line_1_22' title="bbox 138 1714 1678 1768; baseline -0.003 -12"><span class='ocrx_word' id='word_1_219' title='bbox 138 1716 230 1756; x_wconf 86' lang='grc'><strong>129.</strong></span> <span class='ocrx_word' id='word_1_220' title='bbox 262 1722 301 1752; x_wconf 92' lang='lat' dir='ltr'>et</span> <span class='ocrx_word' id='word_1_221' title='bbox 320 1716 422 1753; x_wconf 91' lang='lat' dir='ltr'>Aen.</span> <span class='ocrx_word' id='word_1_222' title='bbox 442 1716 489 1764; x_wconf 87' lang='lat'>3,</span> <span class='ocrx_word' id='word_1_223' title='bbox 513 1715 582 1757; x_wconf 86' lang='lat'>48.</span> <span class='ocrx_word' id='word_1_224' title='bbox 640 1717 798 1768; x_wconf 82' lang='lat' dir='ltr'>Forbig.</span> <span class='ocrx_word' id='word_1_225' title='bbox 820 1716 871 1753; x_wconf 86' lang='lat' dir='ltr'>ad</span> <span class='ocrx_word' id='word_1_226' title='bbox 897 1717 1054 1753; x_wconf 88' lang='lat' dir='ltr'>Lucret.</span> <span class='ocrx_word' id='word_1_227' title='bbox 1087 1717 1108 1756; x_wconf 92' lang='lat'>1</span> <span class='ocrx_word' id='word_1_228' title='bbox 1123 1745 1133 1764; x_wconf 95' lang='lat'>,</span> <span class='ocrx_word' id='word_1_229' title='bbox 1158 1716 1246 1765; x_wconf 84' lang='grc'><strong>57.,</strong></span> <span class='ocrx_word' id='word_1_230' title='bbox 1283 1715 1475 1754; x_wconf 89' lang='lat' dir='ltr'>Wernsd.</span> <span class='ocrx_word' id='word_1_231' title='bbox 1497 1714 1549 1752; x_wconf 93' lang='lat' dir='ltr'>ad</span> <span class='ocrx_word' id='word_1_232' title='bbox 1564 1716 1678 1752; x_wconf 69' lang='lat' dir='ltr'>Poet-</span> 
     </span>
     <span class='ocr_line' id='line_1_23' title="bbox 134 1781 1678 1837; baseline -0.001 -17"><span class='ocrx_word' id='word_1_233' title='bbox 134 1784 222 1820; x_wconf 76' lang='lat' dir='ltr'>Lat.</span> <span class='ocrx_word' id='word_1_234' title='bbox 241 1784 338 1821; x_wconf 88' lang='lat' dir='ltr'>min.</span> <span class='ocrx_word' id='word_1_235' title='bbox 360 1786 408 1821; x_wconf 92' lang='grc' dir='ltr'>ΙΙ.</span> <span class='ocrx_word' id='word_1_236' title='bbox 430 1798 469 1836; x_wconf 89' lang='lat' dir='ltr'>p.</span> <span class='ocrx_word' id='word_1_237' title='bbox 487 1786 569 1834; x_wconf 59' lang='lat'>25„</span> <span class='ocrx_word' id='word_1_238' title='bbox 590 1786 749 1824; x_wconf 85' lang='lat' dir='ltr'>Jacobs.</span> <span class='ocrx_word' id='word_1_239' title='bbox 772 1787 815 1822; x_wconf 89' lang='lat' dir='ltr'>in</span> <span class='ocrx_word' id='word_1_240' title='bbox 828 1785 983 1822; x_wconf 89' lang='lat' dir='ltr'>Latein.</span> <span class='ocrx_word' id='word_1_241' title='bbox 999 1785 1203 1821; x_wconf 84' lang='lat' dir='ltr'>Blumenl.</span> <span class='ocrx_word' id='word_1_242' title='bbox 1224 1786 1274 1822; x_wconf 89' lang='lat' dir='ltr'>II.</span> <span class='ocrx_word' id='word_1_243' title='bbox 1294 1799 1333 1837; x_wconf 88' lang='lat' dir='ltr'>p.</span> <span class='ocrx_word' id='word_1_244' title='bbox 1355 1784 1474 1832; x_wconf 87' lang='grc'><strong>267.,</strong></span> <span class='ocrx_word' id='word_1_245' title='bbox 1506 1781 1678 1822; x_wconf 82' lang='lat' dir='ltr'>Valken.</span> 
     </span>
     <span class='ocr_line' id='line_1_24' title="bbox 136 1850 1680 1904; baseline 0.001 -17"><span class='ocrx_word' id='word_1_246' title='bbox 136 1850 188 1888; x_wconf 87' lang='lat' dir='ltr'>ad</span> <span class='ocrx_word' id='word_1_247' title='bbox 205 1853 342 1903; x_wconf 89' lang='lat' dir='ltr'>Eurip.</span> <span class='ocrx_word' id='word_1_248' title='bbox 363 1853 525 1904; x_wconf 89' lang='lat' dir='ltr'>Hippol.</span> <span class='ocrx_word' id='word_1_249' title='bbox 549 1852 645 1895; x_wconf 83' lang='lat'>435.</span> <span class='ocrx_word' id='word_1_250' title='bbox 675 1854 791 1903; x_wconf 55' lang='lat'>885„</span> <span class='ocrx_word' id='word_1_251' title='bbox 818 1856 1018 1892; x_wconf 82' lang='lat' dir='ltr'>Wiistem.</span> <span class='ocrx_word' id='word_1_252' title='bbox 1041 1853 1092 1891; x_wconf 89' lang='lat' dir='ltr'>ad</span> <span class='ocrx_word' id='word_1_253' title='bbox 1113 1852 1286 1891; x_wconf 90' lang='lat' dir='ltr'>Theocr.</span> <span class='ocrx_word' id='word_1_254' title='bbox 1311 1855 1356 1902; x_wconf 87' lang='lat'>1,</span> <span class='ocrx_word' id='word_1_255' title='bbox 1386 1853 1453 1894; x_wconf 86' lang='lat'>13.</span> <span class='ocrx_word' id='word_1_256' title='bbox 1475 1854 1524 1902; x_wconf 88' lang='lat'>3,</span> <span class='ocrx_word' id='word_1_257' title='bbox 1549 1854 1616 1894; x_wconf 83' lang='lat'>20.</span> <span class='ocrx_word' id='word_1_258' title='bbox 1641 1859 1680 1889; x_wconf 91' lang='lat' dir='ltr'>et</span> 
     </span>
     <span class='ocr_line' id='line_1_25' title="bbox 135 1919 1680 1974; baseline 0.001 -18"><span class='ocrx_word' id='word_1_259' title='bbox 135 1921 184 1957; x_wconf 83' lang='lat' dir='ltr'>E.</span> <span class='ocrx_word' id='word_1_260' title='bbox 205 1921 251 1956; x_wconf 89' lang='lat' dir='ltr'>L.</span> <span class='ocrx_word' id='word_1_261' title='bbox 273 1919 323 1957; x_wconf 83' lang='lat' dir='ltr'>de</span> <span class='ocrx_word' id='word_1_262' title='bbox 342 1919 530 1958; x_wconf 86' lang='lat' dir='ltr'>Leutsch.</span> <span class='ocrx_word' id='word_1_263' title='bbox 551 1923 594 1958; x_wconf 90' lang='lat' dir='ltr'>in</span> <span class='ocrx_word' id='word_1_264' title='bbox 612 1923 715 1960; x_wconf 91' lang='lat' dir='ltr'>Mus.</span> <span class='ocrx_word' id='word_1_265' title='bbox 735 1922 863 1961; x_wconf 88' lang='lat' dir='ltr'>Rhen.</span> <span class='ocrx_word' id='word_1_266' title='bbox 897 1920 1019 1964; x_wconf 82' lang='grc'><strong>1834.</strong></span> <span class='ocrx_word' id='word_1_267' title='bbox 1041 1923 1139 1960; x_wconf 87' lang='lat' dir='ltr'>fasc.</span> <span class='ocrx_word' id='word_1_268' title='bbox 1160 1922 1200 1962; x_wconf 88' lang='grc'>3.</span> <span class='ocrx_word' id='word_1_269' title='bbox 1220 1936 1260 1974; x_wconf 88' lang='lat' dir='ltr'>p.</span> <span class='ocrx_word' id='word_1_270' title='bbox 1281 1922 1378 1962; x_wconf 88' lang='grc'><strong>362.</strong></span> <span class='ocrx_word' id='word_1_271' title='bbox 1391 1951 1401 1970; x_wconf 91' lang='grc'>,</span> <span class='ocrx_word' id='word_1_272' title='bbox 1431 1922 1502 1974; x_wconf 90' lang='lat' dir='ltr'>qui</span> <span class='ocrx_word' id='word_1_273' title='bbox 1522 1935 1542 1957; x_wconf 89' lang='lat' dir='ltr'>e</span> <span class='ocrx_word' id='word_1_274' title='bbox 1566 1922 1680 1958; x_wconf 83' lang='lat' dir='ltr'>Lati-</span> 
     </span>
     <span class='ocr_line' id='line_1_26' title="bbox 138 1988 1675 2041; baseline 0.001 -17"><span class='ocrx_word' id='word_1_275' title='bbox 138 1989 200 2025; x_wconf 83' lang='lat' dir='ltr'>nis</span> <span class='ocrx_word' id='word_1_276' title='bbox 222 1988 366 2026; x_wconf 82' lang='lat' dir='ltr'>catull.</span> <span class='ocrx_word' id='word_1_277' title='bbox 386 1989 462 2037; x_wconf 88' lang='grc'>21,</span> <span class='ocrx_word' id='word_1_278' title='bbox 489 1992 528 2030; x_wconf 85' lang='grc'>2.</span> <span class='ocrx_word' id='word_1_279' title='bbox 549 1988 626 2038; x_wconf 85' lang='grc'>24,</span> <span class='ocrx_word' id='word_1_280' title='bbox 652 1991 692 2030; x_wconf 88' lang='grc'>2.</span> <span class='ocrx_word' id='word_1_281' title='bbox 715 1998 753 2028; x_wconf 90' lang='lat' dir='ltr'>et</span> <span class='ocrx_word' id='word_1_282' title='bbox 773 1991 840 2040; x_wconf 88' lang='grc'>23,</span> <span class='ocrx_word' id='word_1_283' title='bbox 869 1992 906 2031; x_wconf 89' lang='grc'>1.</span> <span class='ocrx_word' id='word_1_284' title='bbox 930 1988 1006 2040; x_wconf 84' lang='lat'>24,</span> <span class='ocrx_word' id='word_1_285' title='bbox 1034 1990 1073 2030; x_wconf 86' lang='lat'>5.</span> <span class='ocrx_word' id='word_1_286' title='bbox 1106 1991 1258 2028; x_wconf 87' lang='lat' dir='ltr'>confert</span> <span class='ocrx_word' id='word_1_287' title='bbox 1277 1988 1447 2027; x_wconf 86' lang='lat' dir='ltr'>laudans</span> <span class='ocrx_word' id='word_1_288' title='bbox 1475 1989 1675 2041; x_wconf 82' lang='lat' dir='ltr'>Wagner.</span> 
     </span>
     <span class='ocr_line' id='line_1_27' title="bbox 139 2053 656 2106; baseline 0.004 -14"><span class='ocrx_word' id='word_1_289' title='bbox 139 2053 191 2092; x_wconf 90' lang='lat' dir='ltr'>ad</span> <span class='ocrx_word' id='word_1_290' title='bbox 210 2056 320 2106; x_wconf 83' lang='lat' dir='ltr'>Virg.</span> <span class='ocrx_word' id='word_1_291' title='bbox 345 2057 445 2092; x_wconf 88' lang='lat' dir='ltr'>Aen.</span> <span class='ocrx_word' id='word_1_292' title='bbox 469 2057 535 2106; x_wconf 86' lang='lat'>10,</span> <span class='ocrx_word' id='word_1_293' title='bbox 560 2058 656 2098; x_wconf 88' lang='lat'>871.</span> 
     </span>
    </p>

    <p class='ocr_par' dir='ltr' id='par_1_3' title="bbox 136 2119 1682 3000">
     <span class='ocr_line' id='line_1_28' title="bbox 250 2119 1680 2173; baseline 0 -12"><span class='ocrx_word' id='word_1_294' title='bbox 250 2123 299 2161; x_wconf 85' lang='lat' dir='ltr'>V.</span> <span class='ocrx_word' id='word_1_295' title='bbox 318 2119 498 2163; x_wconf 87' lang='lat'>57-59.</span> <span class='ocrx_word' id='word_1_296' title='bbox 557 2124 639 2160; x_wconf 72' lang='lat' dir='ltr'>Est</span> <span class='ocrx_word' id='word_1_297' title='bbox 654 2126 889 2162; x_wconf 76' lang='lat' dir='ltr'>animus—</span> <span class='ocrx_word' id='word_1_298' title='bbox 909 2124 1032 2163; x_wconf 72' lang='lat' dir='ltr'>Plebs</span> <span class='ocrx_word' id='word_1_299' title='bbox 1061 2128 1150 2163; x_wconf 76' lang='lat' dir='ltr'>eris.</span> <span class='ocrx_word' id='word_1_300' title='bbox 1212 2126 1266 2163; x_wconf 90' lang='lat' dir='ltr'>Ut</span> <span class='ocrx_word' id='word_1_301' title='bbox 1294 2126 1335 2162; x_wconf 90' lang='lat' dir='ltr'>in</span> <span class='ocrx_word' id='word_1_302' title='bbox 1367 2124 1529 2173; x_wconf 84' lang='lat' dir='ltr'>ordine,</span> <span class='ocrx_word' id='word_1_303' title='bbox 1560 2126 1618 2162; x_wconf 85' lang='lat' dir='ltr'>sic</span> <span class='ocrx_word' id='word_1_304' title='bbox 1637 2126 1680 2162; x_wconf 84' lang='lat' dir='ltr'>in</span> 
     </span>
     <span class='ocr_line' id='line_1_29' title="bbox 137 2187 1680 2244; baseline 0.002 -17"><span class='ocrx_word' id='word_1_305' title='bbox 137 2191 224 2242; x_wconf 86' lang='lat' dir='ltr'>ipsa</span> <span class='ocrx_word' id='word_1_306' title='bbox 243 2187 390 2228; x_wconf 88' lang='lat' dir='ltr'>horum</span> <span class='ocrx_word' id='word_1_307' title='bbox 415 2204 605 2228; x_wconf 83' lang='lat' dir='ltr'>versuum</span> <span class='ocrx_word' id='word_1_308' title='bbox 635 2194 903 2244; x_wconf 80' lang='lat' dir='ltr'>explicatione</span> <span class='ocrx_word' id='word_1_309' title='bbox 933 2195 1247 2244; x_wconf 84' lang='lat' dir='ltr'>tergiversantur</span> <span class='ocrx_word' id='word_1_310' title='bbox 1267 2194 1514 2244; x_wconf 87' lang='lat' dir='ltr'>interpretes.</span> <span class='ocrx_word' id='word_1_311' title='bbox 1573 2194 1680 2230; x_wconf 90' lang='lat' dir='ltr'>Male</span> 
     </span>
     <span class='ocr_line' id='line_1_30' title="bbox 138 2257 1682 2313; baseline 0.001 -17"><span class='ocrx_word' id='word_1_312' title='bbox 138 2260 268 2311; x_wconf 87' lang='lat' dir='ltr'>praeit</span> <span class='ocrx_word' id='word_1_313' title='bbox 287 2257 512 2297; x_wconf 84' lang='lat' dir='ltr'>Scholiasta</span> <span class='ocrx_word' id='word_1_314' title='bbox 532 2259 711 2312; x_wconf 87' lang='lat' dir='ltr'>Cruquii,</span> <span class='ocrx_word' id='word_1_315' title='bbox 743 2262 813 2313; x_wconf 89' lang='lat' dir='ltr'>qui</span> <span class='ocrx_word' id='word_1_316' title='bbox 830 2261 950 2298; x_wconf 83' lang='lat' dir='ltr'>verba</span> <span class='ocrx_word' id='word_1_317' title='bbox 976 2259 1059 2297; x_wconf 79' lang='lat' dir='ltr'>Sed</span> <span class='ocrx_word' id='word_1_318' title='bbox 1081 2259 1225 2311; x_wconf 74' lang='lat' dir='ltr'>quadr.</span> <span class='ocrx_word' id='word_1_319' title='bbox 1251 2282 1309 2289; x_wconf 90' lang='lat'>—</span> <span class='ocrx_word' id='word_1_320' title='bbox 1333 2260 1415 2298; x_wconf 75' lang='lat' dir='ltr'>des.</span> <span class='ocrx_word' id='word_1_321' title='bbox 1446 2273 1565 2298; x_wconf 80' lang='lat' dir='ltr'>avaro</span> <span class='ocrx_word' id='word_1_322' title='bbox 1591 2274 1682 2298; x_wconf 87' lang='lat' dir='ltr'>am-</span> 
     </span>
     <span class='ocr_line' id='line_1_31' title="bbox 136 2326 1676 2376; baseline 0.003 -12"><span class='ocrx_word' id='word_1_323' title='bbox 136 2327 303 2374; x_wconf 88' lang='lat' dir='ltr'>bitioso,</span> <span class='ocrx_word' id='word_1_324' title='bbox 336 2326 414 2363; x_wconf 77' lang='lat' dir='ltr'>Est</span> <span class='ocrx_word' id='word_1_325' title='bbox 438 2340 509 2363; x_wconf 86' lang='lat' dir='ltr'>an.</span> <span class='ocrx_word' id='word_1_326' title='bbox 533 2348 590 2355; x_wconf 90' lang='lat'>——</span> <span class='ocrx_word' id='word_1_327' title='bbox 617 2329 782 2366; x_wconf 89' lang='lat' dir='ltr'>Horatio</span> <span class='ocrx_word' id='word_1_328' title='bbox 809 2334 849 2365; x_wconf 86' lang='lat' dir='ltr'>et</span> <span class='ocrx_word' id='word_1_329' title='bbox 881 2326 1043 2376; x_wconf 68' lang='lat' dir='ltr'>„Plebs</span> <span class='ocrx_word' id='word_1_330' title='bbox 1074 2328 1150 2364; x_wconf 80' lang='lat' dir='ltr'>eris</span> <span class='ocrx_word' id='word_1_331' title='bbox 1162 2330 1185 2348; x_wconf 89' lang='lat'><strong>“</strong></span> <span class='ocrx_word' id='word_1_332' title='bbox 1219 2327 1352 2365; x_wconf 88' lang='lat' dir='ltr'>eidem</span> <span class='ocrx_word' id='word_1_333' title='bbox 1383 2342 1501 2366; x_wconf 83' lang='lat' dir='ltr'>avaro</span> <span class='ocrx_word' id='word_1_334' title='bbox 1526 2331 1676 2368; x_wconf 88' lang='lat' dir='ltr'>tribuit.</span> 
     </span>
     <span class='ocr_line' id='line_1_32' title="bbox 146 2395 1681 2448; baseline 0.003 -16"><span class='ocrx_word' id='word_1_335' title='bbox 146 2395 346 2446; x_wconf 76' lang='lat' dir='ltr'>C‘ruquius</span> <span class='ocrx_word' id='word_1_336' title='bbox 374 2401 413 2432; x_wconf 87' lang='lat' dir='ltr'>et</span> <span class='ocrx_word' id='word_1_337' title='bbox 431 2395 514 2432; x_wconf 80' lang='lat' dir='ltr'>Fea</span> <span class='ocrx_word' id='word_1_338' title='bbox 544 2404 583 2433; x_wconf 91' lang='lat' dir='ltr'>et</span> <span class='ocrx_word' id='word_1_339' title='bbox 611 2399 761 2434; x_wconf 89' lang='lat' dir='ltr'>mirum</span> <span class='ocrx_word' id='word_1_340' title='bbox 784 2418 842 2425; x_wconf 90' lang='lat'>—</span> <span class='ocrx_word' id='word_1_341' title='bbox 867 2403 912 2434; x_wconf 89' lang='lat' dir='ltr'>ut</span> <span class='ocrx_word' id='word_1_342' title='bbox 940 2409 1035 2433; x_wconf 87' lang='lat' dir='ltr'>suae</span> <span class='ocrx_word' id='word_1_343' title='bbox 1060 2397 1231 2448; x_wconf 86' lang='lat' dir='ltr'>quisque</span> <span class='ocrx_word' id='word_1_344' title='bbox 1259 2398 1478 2448; x_wconf 88' lang='lat' dir='ltr'>scripturae</span> <span class='ocrx_word' id='word_1_345' title='bbox 1498 2397 1681 2436; x_wconf 89' lang='lat' dir='ltr'>ordinem</span> 
     </span>
     <span class='ocr_line' id='line_1_33' title="bbox 137 2460 1679 2518; baseline 0.003 -18"><span class='ocrx_word' id='word_1_346' title='bbox 137 2463 297 2515; x_wconf 88' lang='lat' dir='ltr'>probet,</span> <span class='ocrx_word' id='word_1_347' title='bbox 330 2460 430 2500; x_wconf 87' lang='lat' dir='ltr'>haec</span> <span class='ocrx_word' id='word_1_348' title='bbox 460 2465 674 2515; x_wconf 87' lang='lat' dir='ltr'>opinantur</span> <span class='ocrx_word' id='word_1_349' title='bbox 701 2466 822 2502; x_wconf 85' lang='lat' dir='ltr'>verba</span> <span class='ocrx_word' id='word_1_350' title='bbox 849 2464 945 2503; x_wconf 85' lang='lat' dir='ltr'>Jani</span> <span class='ocrx_word' id='word_1_351' title='bbox 969 2477 1055 2501; x_wconf 87' lang='lat' dir='ltr'>esse</span> <span class='ocrx_word' id='word_1_352' title='bbox 1084 2463 1135 2501; x_wconf 88' lang='lat' dir='ltr'>ad</span> <span class='ocrx_word' id='word_1_353' title='bbox 1161 2465 1433 2516; x_wconf 86' lang='lat' dir='ltr'>quaerendam</span> <span class='ocrx_word' id='word_1_354' title='bbox 1465 2468 1679 2518; x_wconf 86' lang='lat' dir='ltr'>pecuniam</span> 
     </span>
     <span class='ocr_line' id='line_1_34' title="bbox 138 2532 1679 2586; baseline 0.005 -19"><span class='ocrx_word' id='word_1_355' title='bbox 138 2538 230 2579; x_wconf 84' lang='lat' dir='ltr'>ante</span> <span class='ocrx_word' id='word_1_356' title='bbox 265 2532 455 2569; x_wconf 84' lang='lat' dir='ltr'>virtutem</span> <span class='ocrx_word' id='word_1_357' title='bbox 488 2533 716 2582; x_wconf 76' lang='lat' dir='ltr'>incitantis3</span> <span class='ocrx_word' id='word_1_358' title='bbox 760 2533 871 2571; x_wconf 90' lang='lat' dir='ltr'>idem</span> <span class='ocrx_word' id='word_1_359' title='bbox 903 2534 1026 2570; x_wconf 88' lang='lat' dir='ltr'>sentit</span> <span class='ocrx_word' id='word_1_360' title='bbox 1054 2533 1235 2580; x_wconf 87' lang='lat' dir='ltr'>Daruus,</span> <span class='ocrx_word' id='word_1_361' title='bbox 1276 2540 1475 2585; x_wconf 84' lang='lat' dir='ltr'>quantum</span> <span class='ocrx_word' id='word_1_362' title='bbox 1511 2548 1564 2572; x_wconf 84' lang='lat' dir='ltr'>ex</span> <span class='ocrx_word' id='word_1_363' title='bbox 1594 2536 1679 2586; x_wconf 84' lang='lat' dir='ltr'>ejus</span> 
     </span>
     <span class='ocr_line' id='line_1_35' title="bbox 138 2599 1679 2653; baseline 0.005 -18"><span class='ocrx_word' id='word_1_364' title='bbox 138 2599 432 2649; x_wconf 85' lang='lat' dir='ltr'>elegantissima</span> <span class='ocrx_word' id='word_1_365' title='bbox 459 2602 718 2640; x_wconf 88' lang='lat' dir='ltr'>translatione</span> <span class='ocrx_word' id='word_1_366' title='bbox 742 2602 935 2652; x_wconf 90' lang='lat' dir='ltr'>conjicere</span> <span class='ocrx_word' id='word_1_367' title='bbox 957 2602 1073 2638; x_wconf 87' lang='lat' dir='ltr'>licet:</span> <span class='ocrx_word' id='word_1_368' title='bbox 1115 2603 1266 2639; x_wconf 87' lang='lat' dir='ltr'>Jeunes</span> <span class='ocrx_word' id='word_1_369' title='bbox 1290 2614 1387 2653; x_wconf 85' lang='lat' dir='ltr'>gens</span> <span class='ocrx_word' id='word_1_370' title='bbox 1415 2609 1455 2639; x_wconf 91' lang='lat' dir='ltr'>et</span> <span class='ocrx_word' id='word_1_371' title='bbox 1474 2604 1679 2643; x_wconf 81' lang='lat' dir='ltr'>vieillards</span> 
     </span>
     <span class='ocr_line' id='line_1_36' title="bbox 138 2667 1677 2723; baseline 0.002 -16"><span class='ocrx_word' id='word_1_372' title='bbox 138 2683 182 2707; x_wconf 89' lang='lat' dir='ltr'>se</span> <span class='ocrx_word' id='word_1_373' title='bbox 206 2669 386 2720; x_wconf 73' lang='lat' dir='ltr'>repetent</span> <span class='ocrx_word' id='word_1_374' title='bbox 406 2675 647 2707; x_wconf 82' lang='lat' dir='ltr'>entre-eux:</span> <span class='ocrx_word' id='word_1_375' title='bbox 674 2672 782 2709; x_wconf 91' lang='lat' dir='ltr'>Vous</span> <span class='ocrx_word' id='word_1_376' title='bbox 799 2667 883 2708; x_wconf 61' lang='lat' dir='ltr'>fetes</span> <span class='ocrx_word' id='word_1_377' title='bbox 905 2669 1042 2721; x_wconf 91' lang='lat' dir='ltr'>probe,</span> <span class='ocrx_word' id='word_1_378' title='bbox 1073 2681 1180 2720; x_wconf 86' lang='lat' dir='ltr'>sage,</span> <span class='ocrx_word' id='word_1_379' title='bbox 1201 2669 1403 2722; x_wconf 75' lang='lat' dir='ltr'>eloquent,</span> <span class='ocrx_word' id='word_1_380' title='bbox 1424 2684 1677 2723; x_wconf 78' lang='lat' dir='ltr'>courageux3</span> 
     </span>
     <span class='ocr_line' id='line_1_37' title="bbox 138 2735 1678 2790; baseline 0.004 -17"><span class='ocrx_word' id='word_1_381' title='bbox 138 2737 374 2788; x_wconf 87' lang='lat' dir='ltr'>n’importe,</span> <span class='ocrx_word' id='word_1_382' title='bbox 417 2736 472 2775; x_wconf 90' lang='lat' dir='ltr'>du</span> <span class='ocrx_word' id='word_1_383' title='bbox 494 2738 617 2776; x_wconf 75' lang='lat' dir='ltr'>senat</span> <span class='ocrx_word' id='word_1_384' title='bbox 641 2740 809 2777; x_wconf 89' lang='lat' dir='ltr'>Roscius</span> <span class='ocrx_word' id='word_1_385' title='bbox 837 2751 938 2777; x_wconf 85' lang='lat' dir='ltr'>vous</span> <span class='ocrx_word' id='word_1_386' title='bbox 969 2738 1129 2788; x_wconf 89' lang='lat' dir='ltr'>rejette,</span> <span class='ocrx_word' id='word_1_387' title='bbox 1159 2739 1268 2777; x_wconf 85' lang='lat' dir='ltr'>Vous</span> <span class='ocrx_word' id='word_1_388' title='bbox 1293 2735 1376 2777; x_wconf 68' lang='lat' dir='ltr'>etes</span> <span class='ocrx_word' id='word_1_389' title='bbox 1396 2739 1608 2790; x_wconf 77' lang='lat' dir='ltr'>Ple‘bejen,</span> <span class='ocrx_word' id='word_1_390' title='bbox 1642 2743 1678 2779; x_wconf 89' lang='lat' dir='ltr'>si</span> 
     </span>
     <span class='ocr_line' id='line_1_38' title="bbox 139 2804 1676 2859; baseline 0.004 -17"><span class='ocrx_word' id='word_1_391' title='bbox 139 2804 238 2842; x_wconf 85' lang='lat' dir='ltr'>dans</span> <span class='ocrx_word' id='word_1_392' title='bbox 255 2811 367 2843; x_wconf 81' lang='lat' dir='ltr'>votre</span> <span class='ocrx_word' id='word_1_393' title='bbox 391 2813 557 2844; x_wconf 87' lang='lat' dir='ltr'>cassette</span> <span class='ocrx_word' id='word_1_394' title='bbox 570 2836 580 2855; x_wconf 96' lang='lat'>,</span> <span class='ocrx_word' id='word_1_395' title='bbox 606 2808 717 2847; x_wconf 87' lang='lat' dir='ltr'>Vous</span> <span class='ocrx_word' id='word_1_396' title='bbox 738 2821 791 2844; x_wconf 89' lang='lat' dir='ltr'>ne</span> <span class='ocrx_word' id='word_1_397' title='bbox 816 2820 972 2859; x_wconf 79' lang='lat' dir='ltr'>pouvez</span> <span class='ocrx_word' id='word_1_398' title='bbox 997 2813 1177 2858; x_wconf 87' lang='lat' dir='ltr'>compter</span> <span class='ocrx_word' id='word_1_399' title='bbox 1198 2808 1411 2859; x_wconf 86' lang='lat' dir='ltr'>cinquante</span> <span class='ocrx_word' id='word_1_400' title='bbox 1430 2809 1545 2846; x_wconf 75' lang='lat' dir='ltr'>mine</span> <span class='ocrx_word' id='word_1_401' title='bbox 1569 2809 1676 2849; x_wconf 74' lang='lat' dir='ltr'>ecus.</span> 
     </span>
     <span class='ocr_line' id='line_1_39' title="bbox 139 2874 1677 2929; baseline 0.003 -19"><span class='ocrx_word' id='word_1_402' title='bbox 139 2875 203 2911; x_wconf 85' lang='lat' dir='ltr'>Ex</span> <span class='ocrx_word' id='word_1_403' title='bbox 227 2880 362 2911; x_wconf 88' lang='lat' dir='ltr'>mente</span> <span class='ocrx_word' id='word_1_404' title='bbox 391 2880 527 2911; x_wconf 90' lang='lat' dir='ltr'>autem</span> <span class='ocrx_word' id='word_1_405' title='bbox 562 2875 786 2924; x_wconf 84' lang='lat' dir='ltr'>Torrentii,</span> <span class='ocrx_word' id='word_1_406' title='bbox 831 2876 1071 2926; x_wconf 88' lang='lat' dir='ltr'>scripturam</span> <span class='ocrx_word' id='word_1_407' title='bbox 1099 2874 1173 2912; x_wconf 74' lang='lat' dir='ltr'>sed</span> <span class='ocrx_word' id='word_1_408' title='bbox 1195 2887 1232 2914; x_wconf 80' lang='lat' dir='ltr'>v.</span> <span class='ocrx_word' id='word_1_409' title='bbox 1261 2874 1328 2916; x_wconf 89' lang='grc'>57.</span> <span class='ocrx_word' id='word_1_410' title='bbox 1367 2877 1677 2929; x_wconf 88' lang='lat' dir='ltr'>comprobantis,</span> 
     </span>
     <span class='ocr_line' id='line_1_40' title="bbox 139 2939 1676 3000; baseline 0.003 -21"><span class='ocrx_word' id='word_1_411' title='bbox 139 2939 239 2979; x_wconf 87' lang='lat' dir='ltr'>haec</span> <span class='ocrx_word' id='word_1_412' title='bbox 261 2948 354 2980; x_wconf 82' lang='lat' dir='ltr'>sunt</span> <span class='ocrx_word' id='word_1_413' title='bbox 374 2941 494 2979; x_wconf 85' lang='lat' dir='ltr'>verba</span> <span class='ocrx_word' id='word_1_414' title='bbox 512 2944 704 2995; x_wconf 87' lang='lat' dir='ltr'>pecuniae</span> <span class='ocrx_word' id='word_1_415' title='bbox 725 2942 906 2983; x_wconf 80' lang='lat' dir='ltr'>studium</span> <span class='ocrx_word' id='word_1_416' title='bbox 924 2943 1173 2994; x_wconf 81' lang='lat' dir='ltr'>excusantis,</span> <span class='ocrx_word' id='word_1_417' title='bbox 1197 2944 1269 2997; x_wconf 91' lang='lat' dir='ltr'>qui</span> <span class='ocrx_word' id='word_1_418' title='bbox 1289 2944 1397 2995; x_wconf 86' lang='lat' dir='ltr'>„Cur</span> <span class='ocrx_word' id='word_1_419' title='bbox 1415 2946 1511 2996; x_wconf 85' lang='lat' dir='ltr'>ni,“</span> <span class='ocrx_word' id='word_1_420' title='bbox 1532 2946 1676 3000; x_wconf 85' lang='lat' dir='ltr'>inquit,</span> 
     </span>
    </p>
   </div>
  </div>
 </body>
</html>
