2028 3268
157 257 210 298 21
632 257 774 296 LIBRI
802 257 835 298 1.
893 254 1160 294 EPISTOLA
1187 257 1238 295 11.

1634 250 1714 294 127

226 367 408 415 Pectore
446 370 581 415 verba
625 384 756 432 puer,
800 385 912 416 nunc
954 375 999 417 te
1043 371 1289 419 melioribus
1325 371 1448 418 offer.

226 448 324 506 Quo
359 449 497 494 semel
533 456 601 496 est
639 452 798 497 imbuta
840 465 1016 513 recens,
1064 453 1255 498 servabit
1299 451 1477 497 odorem

225 529 364 574 'l'esta
399 529 485 574 diu.

557 531 723 588 Quodsi
758 545 904 576 cessas
945 536 1020 577 aut
1055 537 1256 578 strenuus
1294 532 1450 592 anteIs,
1663 529 1716 572 70

223 608 318 655 Nec
351 609 522 656 tardum
561 613 763 674 opperior
795 626 875 658 nec
912 612 1264 674 praecedentibus
1300 612 1429 656 insto.

155 764 343 812 amipsith
375 766 506 803 adhibe
528 778 642 804 nunc.
688 769 732 804 P.
759 769 908 804 colvius

156 822 204 856 ad
218 821 357 868 Apulej.
373 837 411 871 p.
428 825 511 860 211.
539 826 637 872 citat,
664 827 817 862 fortasse
833 839 906 862 me-

156 877 269 914 moria
294 881 434 928 lapsus,
463 881 536 916 εἰσι
571 883 682 920 Num.-
700 889 798 931 pect-
818 896 906 931 pur.

159 937 305 973 Per-bibe
326 939 423 974 verb.
446 950 554 984 puer.

202 996 250 1030 V.
273 997 332 1032 68.
365 997 493 1042 verba,
513 1008 622 1042 puer.
662 999 725 1033 Sic
747 999 909 1035 incidunt

157 1053 294 1099 aliquot
327 1055 431 1100 edd„
470 1059 509 1089 ut
538 1055 628 1090 Dae.
665 1056 786 1091 Burm.
821 1057 907 1091 San.

156 1110 272 1146 Merv.
281 1111 360 1147 Jon.
370 1112 479 1147 Bask.
490 1115 610 1148 Wetz.
622 1113 760 1161 Camp„
772 1121 812 1150 ut
821 1126 910 1161 puer

157 1179 260 1203 casus
277 1168 480 1215 alloquendi
496 1170 565 1212 sit3
585 1183 695 1217 quare
711 1177 909 1218 postremus

156 1226 210 1261 sic
234 1227 361 1269 vertit:
385 1228 523 1272 „Jeune
540 1228 689 1275 Lollius,
714 1241 783 1276 que
806 1234 909 1265 votre

156 1295 234 1319 ame
258 1296 387 1320 encore
403 1297 520 1321 neuve
544 1298 583 1320 se
606 1290 754 1333 penetre
777 1287 822 1322 de
850 1299 909 1321 ces

156 1341 319 1387 leconsf‘
355 1343 528 1378 Similiter
550 1344 714 1389 Vossius,
740 1345 908 1380 doctissi-

157 1411 232 1434 mus
274 1412 295 1435 e
334 1401 520 1436 Germanis
562 1401 767 1448 interpres:
824 1401 910 1436 Nun

156 1468 268 1504 sange
292 1458 358 1504 du,
391 1458 579 1504 Jiingling,
615 1461 745 1495 Worte
770 1463 839 1493 etc.
862 1477 911 1485 —-

156 1519 192 1550 te
224 1526 338 1551 nunc.
396 1515 468 1551 Ed.
496 1516 649 1562 Cuning.
686 1536 735 1543 —
775 1517 824 1551 V.
850 1517 910 1553 69.

160 1573 268 1617 Quod
294 1575 413 1609 semel.
445 1573 518 1608 Ms.
543 1574 666 1609 Guelf.
698 1574 735 1609 4.
771 1574 911 1610 imbuta

155 1636 223 1667 est.
270 1631 342 1667 Με.
366 1632 434 1670 Bu.
456 1631 504 1666 D.
529 1637 583 1668 est
606 1632 727 1667 omiss.
750 1631 788 1666 in
803 1630 909 1667 Dess.

155 1688 192 1724 2.
218 1708 268 1715 —-
294 1689 417 1724 odore.
479 1688 551 1723 Ms.
588 1701 649 1724 un.
684 1689 907 1725 Bersmanni.

156 1746 203 1782 V.
219 1747 279 1782 69.
296 1751 333 1781 et
355 1747 402 1782 70
423 1745 583 1792 pluribus
607 1746 696 1782 locis
712 1747 834 1783 laudat
848 1748 906 1783 Jo.

157 1803 337 1839 Sarisber.
362 1803 400 1838 in
425 1805 543 1850 Nugis
567 1805 654 1840 Cur.
679 1805 769 1842 etin
787 1805 905 1842 Meta-

156 1861 246 1909 log„
268 1864 361 1898 teste
383 1861 450 1898 Fr.
472 1862 654 1899 Jacobsio.

1010 769 1058 804 V.
1087 770 1145 805 70.
1195 771 1263 803 aut
1289 767 1334 802 si.
1391 767 1462 801 Με.
1494 764 1584 800 Bad.
1612 765 1644 799 1.
1670 783 1718 791 -—

964 832 1095 863 cessat.
1141 827 1212 861 Ms.
1238 826 1306 859 Bn.
1330 825 1377 859 D.
1395 844 1443 850 —-
1474 828 1560 859 ante
1583 821 1627 856 ie.
1655 821 1719 856 Sic

964 897 1046 920 mss.
1064 885 1133 919 Bn.
1150 885 1195 919 B.
1211 883 1260 918 E.
1274 882 1381 916 Dess.
1398 883 1435 916 2.
1460 880 1563 926 Lips.
1582 881 1615 914 1.
1641 879 1718 914 ant’

964 944 995 979 is
1018 943 1147 989 scrips.
1174 939 1339 977 Praedic.
1379 938 1428 972 At
1453 937 1536 972 vide
1564 936 1609 970 de
1636 936 1717 971 tali-

964 1002 1030 1036 bus
1056 1001 1203 1034 Santen.
1230 1002 1266 1032 et
1290 997 1451 1042 Lennep.
1488 995 1532 1030 ad
1568 994 1718 1028 Terent.

966 1059 1085 1093 Maur.
1102 1071 1139 1104 p.
1156 1056 1226 1092 426
1241 1066 1296 1100 sq.
1314 1054 1396 1089 432.
1422 1053 1484 1087 Sic
1501 1053 1611 1088 Ovid.
1627 1052 1717 1086 Met.

967 1117 1023 1161 13,
1043 1116 1126 1151 366.
1150 1115 1240 1161 ibiq.
1258 1114 1390 1150 Bach.:
1416 1107 1543 1157 ante-it,
1568 1116 1606 1147 et
1623 1112 1720 1146 infra

968 1177 1032 1219 12,
1058 1173 1103 1210 24
1126 1167 1238 1210 αἴρει.
1270 1194 1319 1201 -
1366 1174 1412 1207 v.
1442 1174 1500 1208 71.
1562 1171 1718 1217 operior.

967 1233 1029 1267 Sic
1044 1233 1114 1267 Ms-
1131 1233 1236 1267 Dess.
1254 1233 1288 1267 2.
1310 1231 1421 1266 Goth.
1450 1230 1545 1264 Edd.
1570 1230 1717 1264 Ascens-

966 1291 1047 1325 528.
1083 1291 1185 1337 Lips.
1211 1288 1292 1325 492.
1326 1288 1420 1323 Rod.
1454 1288 1611 1333 operiar.
1646 1287 1717 1322 Ms.

966 1347 1065 1383 Fene
1080 1350 1115 1392 2,
1144 1347 1181 1382 h.
1199 1367 1247 1374 —·
1276 1347 1362 1382 Non
1385 1351 1414 1381 t.
1441 1357 1474 1380 ο.
1493 1356 1570 1379 mm
1590 1357 1717 1391 praec.

966 1406 1037 1441 Ms.
1056 1406 1177 1440 Guelf.
1197 1407 1230 1440 1.
1249 1424 1296 1430 -
1319 1403 1387 1438 His
1405 1409 1441 1438 et
1462 1403 1603 1447 talibus,
1628 1414 1720 1449 quae

967 1464 1012 1499 de
1035 1463 1292 1509 orthographia
1314 1461 1392 1496 sive
1413 1472 1500 1495 vera
1525 1460 1604 1495 sive
1628 1461 1721 1495 falsa

967 1526 1005 1558 et
1028 1522 1073 1556 de
1102 1520 1302 1557 manifestis
1335 1518 1560 1554 librariorum
1593 1517 1721 1552 erratis

966 1579 1126 1614 indicata
1147 1583 1250 1622 sunt,
1276 1589 1347 1612 non
1370 1581 1442 1611 tam
1464 1575 1529 1621 iis,
1554 1576 1617 1621 qui
1640 1576 1719 1610 Ho-

966 1636 1060 1671 ratio
1085 1648 1211 1671 novam
1244 1633 1347 1681 quasi
1377 1633 1490 1668 lucem
1513 1632 1634 1668 afferri
1656 1645 1719 1667 cu-

966 1694 1080 1741 piunt,
1106 1693 1301 1729 consultum
1326 1693 1504 1736 volumus,
1531 1703 1635 1737 quam
1660 1691 1718 1735 iis,

965 1753 1028 1798 qui
1050 1752 1131 1799 ipsa
1155 1755 1276 1786 errata
1300 1749 1337 1784 in
1355 1761 1454 1785 usum
1478 1761 1578 1785 suum
1603 1755 1639 1784 et
1660 1749 1719 1783 hic

966 1813 1004 1844 et
1027 1809 1114 1846 alibi
1146 1813 1355 1846 convertere
1380 1813 1418 1845 et
1448 1807 1567 1844 sciunt
1593 1813 1629 1844 et
1652 1819 1717 1843 vo-

965 1864 1054 1903 lunt.
