2054 3268
260 245 636 288 COMMENTARII
662 245 719 284 IN
745 242 968 282 HORATII
992 241 1167 282 EPIST.
1196 241 1341 283 PRIM.
1368 241 1469 280 LIB.
1500 243 1533 280 1.
1618 238 1672 282 41

122 362 183 401 Es
206 360 307 414 liegt
323 360 445 399 darin
461 358 557 398 eben
573 373 680 405 nur,
707 372 750 396 so
773 358 848 395 wie
861 357 906 394 in
923 355 1014 394 dem
1030 354 1283 407 Folgenden,
1311 355 1399 391 eine
1417 353 1677 407 Andeutung

123 430 279 476 desem,
310 442 396 466 was
415 429 550 466 &einen
576 428 689 466 Geist
711 421 970 476 beschaeijiigt,
995 423 1110 461 nicht
1128 424 1254 461 seines
1279 427 1445 461 &assem
1460 422 1673 469 Lebens‚“

122 511 218 537 eum
236 498 343 550 fugit
362 499 513 536 Poetae
532 496 731 535 festivitas
749 501 788 532 et
807 493 960 545 ingenii
985 493 1099 542 ratio,
1122 505 1145 530 a
1165 492 1411 531 nostratibus
1437 492 1636 542 „Humor
1647 493 1672 514 “

121 567 346 619 appellata,
378 578 459 618 qua
484 566 520 604 is
541 565 660 603 rebus
676 562 842 601 internis
862 562 1064 599 immiscet
1083 568 1272 599 externas
1292 562 1320 600 i.
1347 575 1383 600 e.
1409 573 1524 599 suam
1544 561 1672 612 ipsius

121 633 268 686 agendi
290 633 533 686 vivendique
550 634 746 671 rationem
763 629 869 681 (Sat.
885 631 934 679 2,
959 630 1006 680 6,
1037 630 1107 670 33.
1126 631 1195 670 61.
1218 631 1288 671 62.
1317 631 1447 682 Epist.
1469 630 1514 678 1,
1540 630 1580 679 7,
1602 629 1672 670 36.

125 700 199 751 14,
232 703 299 744 17.
317 690 367 751 2,
394 703 441 751 2,
473 701 542 744 65.
564 700 675 754 70.),
710 700 771 738 uti
796 705 961 751 apparet
983 711 1038 737 ex
1064 699 1268 754 locutione
1280 697 1437 749 fartim
1454 697 1615 736 relabor
1633 705 1673 736 et

120 769 360 823 subjungere
380 783 514 808 conor.
575 769 643 808 Sic
669 768 768 807 alibi
787 781 861 806 sua
890 780 1007 806 sensa
1032 767 1234 805 immiscet
1258 773 1379 819 atque
1400 768 1549 804 intexit
1571 769 1673 806 alie-

121 839 199 888 nis,
223 845 269 877 ut
283 837 414 892 Epod.
434 839 489 887 2.,
519 836 628 891 quod
646 838 794 874 mirum
814 837 858 874 in
879 834 1049 874 modum
1066 836 1218 873 multos
1238 834 1386 874 delusit
1409 843 1530 888 atque
1553 837 1674 874 fefel-

122 908 172 946 lit
192 908 442 960 interpretes.
475 908 606 955 Quare
633 918 774 944 sensus
797 905 854 942 ita
880 903 1086 956 procedit:
1126 902 1401 956 Philosophus
1420 918 1534 954 sum,
1568 908 1672 944 nulli

122 975 290 1029 quidem
312 983 444 1015 sectae
465 974 671 1024 addictus,
701 988 810 1012 nunc
832 987 925 1011 cum
952 973 1098 1012 Stoicis
1123 972 1279 1011 affinno
1293 1003 1303 1022 ,
1334 975 1471 1025 generi
1493 969 1672 1014 humano

122 1045 272 1083 obnixe
301 1043 599 1084 inserviendum
620 1056 707 1081 esse
735 1049 775 1080 et
798 1048 930 1080 totmn
954 1055 1021 1079 me
1047 1040 1162 1080 trado
1188 1042 1306 1080 rebus
1327 1042 1535 1094 gerendis,
1563 1058 1673 1082 nune

122 1119 199 1151 etc.
237 1112 359 1153 Vides
371 1143 382 1163 ,
417 1126 541 1166 quam
558 1112 702 1151 festive
720 1112 763 1148 in
780 1108 845 1148 his
865 1123 931 1148 vv.
952 1111 1108 1162 jocatus
1127 1111 1179 1148 sit
1198 1112 1323 1150 Poeta
1341 1113 1443 1163 jocis
1462 1119 1595 1151 natus.
1616 1136 1673 1143 --

120 1180 258 1233 agili-5.
299 1180 366 1220 Ad
400 1179 627 1220 Hochederi
647 1180 1021 1232 interpretationem
1054 1177 1243 1216 accedere
1274 1179 1435 1219 videtur
1467 1183 1671 1221 Piscator:

122 1251 277 1288 Evolvo
302 1250 426 1289 libros
449 1249 808 1302 Peripateticorum
836 1255 905 1286 aut
917 1248 1165 1296 Stoicorum,
1193 1249 1263 1301 qui
1283 1251 1455 1302 sapienti
1475 1253 1673 1302 praescri-

121 1317 245 1366 bunt,
267 1317 469 1371 quomodo
487 1332 531 1357 se
552 1324 664 1370 gerat
686 1319 730 1355 in
753 1314 1070 1354 administranda
1090 1317 1309 1368 republica.
1342 1320 1490 1358 Melius
1507 1322 1612 1360 Acro
1634 1328 1674 1360 et

124 1384 264 1424 Schol.
297 1386 444 1440 Cruq.:
485 1387 649 1436 „facilis
679 1392 718 1423 et
742 1386 924 1435 mobilis,
966 1385 1123 1423 diversa
1155 1393 1349 1438 appetens
1362 1389 1388 1408 “
1421 1395 1496 1428 etc.
1568 1391 1674 1428 Hinc

122 1454 228 1492 bene
245 1467 392 1493 versor.
453 1457 558 1494 Nam
589 1456 624 1493 si
646 1453 902 1503 Schmidius,
940 1454 1011 1506 qui
1034 1466 1182 1491 mersor
1200 1461 1396 1508 tanquam
1422 1469 1673 1511 consequens

123 1521 311 1574 adjectivi
333 1522 458 1575 agilis·
476 1522 756 1576 accipiendum
779 1522 908 1571 docet,
936 1529 1142 1575 comparat
1162 1524 1293 1576 Epist.
1316 1526 1353 1574 1,
1378 1527 1419 1575 7,
1447 1526 1514 1567 85.
1535 1528 1576 1576 2,
1601 1529 1672 1568 22.

121 1589 206 1627 Cic.
228 1588 282 1627 ad
303 1591 350 1638 Ω.
373 1591 438 1629 Fr.
467 1594 505 1642 1,
532 1593 571 1642 1,
595 1593 633 1633 1.
692 1591 839 1629 catull.
864 1591 942 1641 63,
973 1592 1039 1632 13.
1070 1589 1139 1641 64,
1161 1592 1218 1632 62
1244 1593 1428 1646 aliosque
1453 1596 1585 1645 locos,
1619 1611 1673 1634 ne

121 1658 179 1695 sic
199 1657 365 1711 quidem
384 1659 595 1698 ferendam
613 1660 783 1698 arbitror
803 1661 925 1698 istam
947 1661 1197 1712 scripturam,
1219 1662 1369 1714 quippe
1391 1675 1495 1715 quae
1514 1666 1673 1703 exstin-

121 1733 220 1778 guat
234 1727 368 1766 levem
393 1729 542 1766 illam
530 1730 722 1780 ironiam,
753 1742 856 1783 quae
877 1729 952 1767 sub
974 1742 1071 1766 voce
1087 1728 1218 1780 agilis
1238 1730 1361 1779 latet;
1402 1731 1455 1769 cf.
1483 1731 1672 1772 Doederl.

122 1795 327 1847 Synon.1.
347 1810 388 1849 p.
411 1797 506 1838 123.
528 1798 712 1847 Namis,
746 1799 818 1851 qui
842 1804 986 1850 sponte
1007 1810 1066 1848 ag
1042 1796 1132 1834 ‹rili-s
1151 1797 1281 1836 factus
1304 1805 1384 1848 est,
1410 1801 1562 1852 optime
1582 1816 1672 1839 ver-

121 1863 224 1910 sari,
250 1862 512 1916 στρέφεσθαι,
530 1866 793 1907 κυλίνδεσθαι
813 1867 890 1905 σίν.
916 1865 1016 1904 und.
1033 1865 1191 1916 dicitur,
1212 1874 1411 1920 quatenus
1429 1882 1523 1906 eum
1535 1870 1674 1909 aliena

122 1932 283 1983 negotia
304 1939 462 1970 centum
472 1961 490 1980 ,
526 1948 630 1986 quae
648 1949 726 1986 per
748 1942 873 1986 caput
900 1942 938 1972 et
968 1935 1078 1972 circa
1097 1934 1207 1973 latus
1234 1936 1389 1973 saliunt
1416 1935 1530 1988 (Sat.
1557 1940 1606 1988 2,
1632 1942 1672 1990 6,

122 1998 323 2051 23—39.)
352 2002 526 2052 agitant,
554 2001 635 2040 huc
658 2004 756 2041 illuc
778 2002 945 2042 trahunt
963 2009 1023 2052 et,
1047 2017 1131 2041 non
1153 2005 1239 2042 sine
1262 2005 1398 2058 aliquo
1418 2007 1545 2058 ipsius
1563 2010 1674 2060 peri-

124 2067 238 2116 culo,
263 2069 423 2120 rapiunt
442 2076 561 2122 atque
578 2078 742 2110 vexant.
775 2070 875 2109 Inde
901 2073 1104 2110 evanescit
1127 2075 1258 2112 omnis
1274 2076 1518 2126 tautologia,
1551 2089 1674 2128 quam

123 2135 187 2172 vir
206 2134 346 2174 doctus
364 2136 530 2190 quidam
549 2140 593 2176 iu
611 2139 735 2177 verbo
766 2139 956 2176 versandi
979 2139 1116 2178 videre
1138 2142 1214 2179 sibi
1234 2143 1346 2180 visus
1365 2149 1426 2180 est
1445 2144 1488 2180 in
1511 2145 1604 2182 Jen.
1625 2147 1673 2184 L.

122 2204 172 2241 Z.
192 2201 315 2245 1814.
334 2217 395 2244 nr.
418 2206 515 2247 177.
571 2208 625 2245 At
643 2220 696 2244 ne
719 2207 810 2259 quis
834 2205 884 2244 de
902 2208 1100 2246 latinitate
1124 2210 1236 2247 verbi
1258 2211 1369 2248 illius
1388 2211 1474 2248 sine
1492 2213 1536 2249 in
1553 2226 1674 2251 usur-

122 2272 208 2324 pati
239 2270 417 2322 dubitet,
457 2272 567 2326 quod
602 2274 749 2313 accidit
780 2276 1003 2328 Doeringio
1031 2283 1071 2314 et
1097 2278 1334 2316 Hochedero
1346 2307 1362 2325 ,
1390 2277 1539 2319 habeto
1572 2279 1674 2321 haec

122 2342 333 2393 exempla:
365 2342 512 2380 catull.
534 2341 612 2392 50,
640 2344 708 2384 12.
740 2343 813 2381 sed
835 2350 913 2381 toto
942 2344 1160 2383 indomitus
1172 2347 1321 2398 surore
1340 2347 1439 2386 lecto
1466 2349 1668 2389 Versat-er.

120 2409 240 2460 Prop.
262 2409 300 2458 1,
328 2407 392 2458 14,
414 2410 483 2451 21.
510 2413 700 2450 miserum
718 2419 796 2450 toto
805 2415 1003 2461 juvenem
1020 2427 1178 2452 versare
1202 2415 1342 2454 cubili.
1385 2415 1445 2455 Id.
1471 2419 1512 2467 2,
1543 2419 1579 2468 1,
1603 2417 1674 2464 45,

124 2477 190 2525 18,
215 2473 285 2518 47.
341 2478 435 2516 Tib.
455 2478 493 2528 1,
519 2479 558 2528 5,
581 2479 651 2520 70.
691 2481 890 2519 Versatur
909 2481 1028 2519 celeri
1044 2482 1146 2520 Fors
1166 2483 1268 2521 levis
1285 2483 1378 2522 orbe
1398 2493 1520 2524 rotae.
1555 2487 1673 2526 Ovid-

122 2545 219 2582 Met.
239 2545 288 2594 7,
314 2545 411 2586 279.
453 2554 567 2585 tetus
585 2547 719 2586 calido
738 2556 919 2587 versam-s
943 2552 1064 2602 stipes
1079 2551 1194 2589 αὲηο.
1228 2551 1289 2590 Id.
1310 2554 1361 2603 8,
1391 2555 1489 2595 668.
1526 2555 1670 2597 Senec.

122 2613 286 2664 Hippol.
304 2613 400 2662 523,
422 2614 522 2653 duro
543 2615 721 2654 membra
740 2626 963 2656 versantem
983 2626 1081 2657 toro.
1113 2621 1236 2658 Plura
1254 2618 1374 2671 hujus
1394 2623 1506 2661 verbi
1526 2638 1670 2663 exem-

122 2681 189 2734 pla
206 2679 288 2719 vid.
307 2694 371 2734 ap.
389 2682 571 2723 Broukh.
591 2691 631 2723 et
651 2687 790 2727 Burm.
811 2686 864 2724 ad
883 2689 1005 2741 Prop.
1024 2688 1064 2738 3,
1090 2689 1130 2738 9,
1156 2689 1195 2730 1.
1221 2690 1270 2739 2,
1291 2691 1369 2739 21,
1400 2691 1468 2732 17.
1524 2693 1670 2734 Graev.

122 2748 175 2787 ad
197 2749 280 2788 cic.
302 2751 417 2788 Lael.
438 2752 507 2793 26.
542 2755 739 2807 Heusing.
757 2754 810 2794 ad
823 2758 967 2809 Nepot.
983 2758 1105 2796 Attic-
1128 2759 1175 2807 9,
1200 2756 1241 2798 4.
1271 2758 1447 2799 Taubm.
1467 2760 1519 2799 ad
1535 2764 1670 2803 Plaut.

120 2819 232 2856 Pers.
255 2821 295 2868 5,
314 2820 356 2868 2,
380 2819 461 2869 17.,
489 2821 542 2862 cf.
561 2823 695 2861 Bentl.
712 2823 764 2862 ad
787 2826 916 2877 Epist.
933 2827 974 2875 2,
1004 2828 1045 2875 2,
1065 2826 1135 2867 90.
1192 2824 1347 2865 Eadem
1374 2833 1670 2871 constructione

121 2888 270 2940 legitur
280 2889 442 2937 jactari
461 2901 524 2941 ap.
550 2890 666 2930 Ovid.
683 2893 808 2931 Trist.
830 2893 859 2934 3
872 2923 882 2943 ‚
906 2894 955 2942 2,
988 2894 1055 2937 15.
1089 2896 1218 2933 ventis
1247 2894 1394 2935 dubius
1405 2899 1604 2946 jactabar
1633 2908 1671 2938 et

123 2956 257 2995 undis.
290 2956 373 2995 cic.
392 2955 444 2995 ad
462 2959 584 2998 Attic-
607 2961 655 3010 1,
681 2960 755 3012 18,
782 2961 824 3002 9.
862 2962 989 3000 Nunc
1006 2962 1135 3011 vides,
1162 2963 1308 3018 quibus
1324 2966 1669 3018 fluctibusjaete-
