2028 3268
417 227 499 270 272

974 231 1348 271 HORATII
1889 236 1916 276 4

477 355 711 412 Improvisa
745 355 869 398 simul
901 355 1066 412 species
1103 357 1292 399 exterret
1328 359 1570 414 utrumque.

481 433 682 478 Gaudeat
709 447 764 475 an
800 432 967 491 doleat,
1006 434 1146 491 cupiat
1171 435 1416 494 metuatne7
1453 434 1549 492 quid
1583 435 1639 479 ad
1671 449 1778 494 rem7

406 584 502 616 Mon.
536 595 566 616 e.
617 582 725 616 Paeto
756 594 824 626 quo
855 583 1010 628 cupiens.
1068 582 1136 616 Ms.

408 639 524 672 Guelf.
552 641 583 672 1.
608 657 653 662 ——
683 640 881 683 utrobique.
915 641 1001 674 Mss.
1020 639 1139 672 decem

405 707 462 739 ap.
489 694 608 727 Lamb.
648 707 735 728 omn.
758 708 814 740 ap.
833 697 939 730 Pulm.
967 700 1004 730 et
1029 696 1137 740 Cruq.

404 751 553 795 quinque
575 762 630 795 ap.
644 752 776 786 Bersm.
794 753 904 797 plerq.
922 753 1028 786 Torr.
1054 752 1137 796 alqt.

404 808 509 842 Talb.
543 808 725 853 duodevig.
749 821 805 853 ap.
827 810 904 843 val.
932 821 1020 843 omn.
1043 810 1138 842 Pott.

403 869 460 907 et,
506 868 545 898 ut
568 865 750 909 videntur,
794 866 914 900 Oberl.
946 870 982 900 et
1017 866 1137 900 Comb.

402 932 490 954 omn.
506 922 600 954 Feae
616 927 758 965 praeter
773 933 884 957 unum.
922 935 1008 956 omn.
1028 923 1137 956 Orell.

403 977 519 1011 Guelf.
539 982 568 1013 1.
587 981 619 1014 2.
632 977 665 1012 4.
697 979 814 1012 Berol.
833 983 864 1014 1.
879 982 912 1015 2.
938 980 1039 1014 Dess.
1057 983 1087 1014 1.
1106 983 1138 1015 2.

402 1035 510 1067 Goth.
529 1035 629 1068 Gott.
648 1038 679 1069 1.
698 1038 730 1070 2.
753 1035 849 1079 Lips.
868 1047 955 1069 omn.
981 1036 1085 1068 Dorv.
1106 1039 1136 1071 1.

400 1093 431 1126 2.
459 1091 600 1124 Corbei.
633 1091 776 1125 Mentel.
807 1093 979 1135 (utrobis)
1007 1093 1136 1126 Graev.

399 1147 494 1180 Mon.
512 1147 546 1180 b.
565 1160 593 1180 c.
610 1148 635 1180 f.
651 1148 674 1180 l.
703 1148 863 1182 Rudolst.
889 1149 1004 1182 Schol.
1029 1149 1135 1193 Cruq.

397 1202 434 1235 in
464 1203 632 1237 lemmate.
672 1204 728 1237 Cf.
750 1205 871 1238 Barth.
896 1205 981 1238 Adv.
1009 1206 1064 1248 37,
1081 1208 1135 1241 22.

397 1258 489 1292 Edd.
501 1260 595 1292 Flor.
609 1259 688 1295 482.
713 1260 801 1294 Ven.
813 1261 892 1296 483.
907 1263 963 1297 86.
981 1266 1027 1306 et,
1044 1266 1137 1295 teste

397 1314 482 1358 Fea,
499 1316 554 1351 90.
569 1317 624 1352 92.
651 1316 747 1361 Lips.
761 1318 839 1354 492.
857 1320 913 1353 98.
931 1319 1009 1353 516.
1027 1318 1134 1351 Loch-

397 1370 477 1404 498.
503 1373 684 1406 revocavit
702 1374 908 1417 Lambinus,
932 1386 1006 1419 seq.
1026 1375 1134 1418 Cruq.

396 1426 482 1459 Min.
496 1427 588 1460 Pisc.
605 1429 739 1463 Bersm.
750 1431 864 1465 Bond.
879 1431 1013 1465 Maroll.
1031 1431 1134 1464 Talb.

396 1483 499 1516 Baxt.
523 1485 639 1519 Bentl.
665 1492 702 1520 et
723 1491 871 1521 recentt.
887 1488 1000 1533 plerq.
1039 1488 1135 1521 utri-

397 1550 475 1582 que.
502 1540 589 1574 Mss.
606 1542 705 1586 reliq.
722 1545 908 1588 ap.Lamb.
925 1545 1009 1589 alqt.
1025 1545 1132 1578 Torr.

397 1595 500 1630 Talb.
530 1597 606 1632 Val.
643 1599 738 1632 Mon.
772 1612 803 1633 e.
836 1613 880 1634 m.
919 1601 1015 1635 Fene
1051 1603 1081 1643 1,
1109 1601 1132 1634 i.

396 1652 455 1694 [‘.2!
488 1653 576 1687 idem
608 1655 717 1688 codex
747 1656 791 1688 ad
826 1657 967 1691 alteram
999 1669 1133 1702 quoque

395 1708 601 1752 scripturam
616 1712 782 1755 refertur]
840 1713 881 1746 In
906 1726 969 1748 ms.
987 1715 1131 1749 Santen.

394 1765 451 1797 hic
474 1777 597 1799 versus
625 1771 661 1800 et
687 1768 822 1811 plurimi
845 1770 964 1815 reliq,‚
1006 1771 1042 1804 in
1068 1783 1133 1806 mS.

393 1821 522 1855 Baden.
534 1826 610 1855 tota
621 1823 767 1866 epistola
783 1826 918 1860 desunt.
942 1828 1010 1863 Ed.
1022 1827 1130 1872 princ.

394 1876 486 1910 Med.
512 1876 580 1912 476
610 1890 664 1923 ap.
689 1880 753 1916 Fe.
784 1885 820 1914 et
852 1883 906 1916 ed.
940 1888 1042 1918 vetus
1074 1895 1130 1927 ap.

394 1932 511 1966 Maitt.
529 1932 608 1968 474.
645 1935 732 1973 Ven.
749 1938 830 1975 479.
857 1943 904 1981 et,
929 1943 1024 1974 teste
1047 1940 1131 1983 Fen,

393 1989 472 2025 478.
517 1990 602 2024 item
636 1991 715 2028 481.
741 1995 820 2030 520.
858 1996 936 2029 Ald.
975 1997 1054 2032 501.
1080 1999 1132 2031 19.

394 2045 490 2081 Junt.
508 2046 587 2082 514.
605 2051 656 2082 19.
689 2049 766 2084 Asc.
777 2051 852 2086 519.
884 2053 966 2088 Bas.
983 2054 1059 2089 531.
1077 2055 1134 2090 43.

393 2102 451 2137 55.
469 2104 526 2138 80.
557 2103 683 2141 Irenic.
695 2107 774 2142 567.
806 2107 938 2143 Biedm.
952 2110 1030 2145 599.
1056 2110 1134 2143 Mu-

392 2163 461 2194 ret.
501 2160 605 2194 Fabr.
650 2163 732 2207 Xyl.
773 2164 883 2198 Pulm.
925 2167 972 2199 H.
1006 2167 1131 2211 Steph.

393 2217 503 2251 Chab.
527 2218 570 2252 D.
584 2219 704 2254 Heius.
732 2220 779 2254 T.
798 2221 885 2256 Fab.
901 2223 988 2257 Rod.
1004 2224 1130 2268 Despr‚

391 2274 474 2307 Dae.
503 2274 619 2311 Maitt.
653 2276 743 2312 Phil.
777 2278 921 2322 Camp.⁷
961 2281 1133 2323 approbat

392 2335 541 2375 propter
570 2344 647 2366 voc.
678 2338 867 2378 utrumque
898 2346 930 2370 v,
955 2337 1132 2380 sequentis

391 2387 556 2421 Valartus
582 2388 617 2422 in
634 2389 752 2425 Praef.
777 2401 811 2434 p.
831 2391 928 2426 XIII.
953 2395 989 2425 et
1011 2392 1060 2425 sic
1083 2393 1131 2425 ci-

390 2447 443 2476 tat
464 2444 574 2479 locum
597 2446 704 2482 Drak.
729 2447 773 2480 ad
797 2447 858 2480 Sil.
887 2449 939 2490 16,
963 2448 1042 2491 432,
1064 2449 1130 2482 sed

390 2512 462 2535 rem
477 2503 566 2535 bene
582 2502 760 2546 expedivit
775 2504 890 2538 Schol.
909 2505 1065 2549 Cruquii.
1092 2505 1130 2538 in

389 2563 552 2602 utroque.
609 2558 697 2593 Mss.
723 2559 788 2593 Fe.
815 2564 858 2603 1,
883 2561 916 2598 d.
955 2561 1070 2596 Guelf.
1093 2562 1128 2598 3.

389 2633 434 2637 —
471 2615 648 2651 molestus.
709 2616 798 2649 Post
833 2616 898 2650 hoc
927 2618 1130 2662 vocabulum

388 2677 517 2713 puncto
556 2672 770 2716 distinguunt
810 2674 887 2709 edd.
928 2675 1048 2708 Lamb.
1086 2674 1130 2707 D.

388 2726 510 2761 Heins.
545 2727 688 2772 Dorigh.
720 2729 764 2763 al.
799 2730 912 2773 Male,
957 2730 1129 2765 artissime

389 2783 478 2815 enim
493 2784 600 2817 verba
621 2795 733 2827 pavor
750 2789 819 2822 etc.
855 2797 929 2820 cum
953 2787 1128 2833 sequenti-

387 2839 453 2872 bus
469 2841 656 2874 cohaerent
680 2846 716 2875 et
737 2843 842 2876 simul
859 2849 915 2879 est
937 2844 972 2881 h.
988 2845 1012 2878 l.
1036 2844 1127 2879 idem

388 2896 479 2940 quod
493 2897 648 2941 simulac,
673 2902 712 2932 ut
727 2909 845 2944 saepe.

1227 585 1271 617 V.
1295 588 1349 621 11.
1381 586 1580 630 Improvisa.
1617 584 1678 618 Sic
1699 597 1780 620 mss.
1797 586 1914 620 Berol.

1186 644 1217 675 1.
1251 641 1352 675 Dess.
1380 646 1411 677 1.
1437 645 1468 678 2.
1506 642 1635 674 Graev.
1669 660 1714 666 —-
1745 643 1917 676 exterruit

1184 702 1317 731 utrum.
1353 697 1419 731 Ms.
1438 697 1534 731 Mon.
1549 697 1586 730 b.
1617 703 1752 731 exercet
1773 704 1917 732 utrum-

1186 764 1263 795 que.
1310 754 1395 788 Mss.
1412 755 1476 787 Fe.
1501 756 1534 796 7,
1552 753 1587 786 b.
1613 757 1650 787 et
1664 752 1759 786 Mon.
1784 765 1816 786 e.
1861 755 1917 789 Ita

1186 821 1228 842 ex
1252 812 1449 854 conjectura
1471 810 1541 853 legi
1567 808 1695 843 mavult
1721 809 1917 844 Marklan-

1185 867 1252 899 clus
1275 867 1310 898 in
1327 866 1444 910 Epist.
1463 866 1541 899 crit.
1566 877 1602 910 p.
1627 867 1704 901 112.
1737 875 1836 909 quum
1855 878 1917 900 vo-

1184 934 1256 956 cem
1279 923 1446 967 quandam
1470 922 1606 967 quaerit
1627 922 1791 964 mediam3
1826 923 1917 958 idem

1183 980 1325 1012 verbum
1345 979 1419 1013 sine
1438 979 1590 1013 auctoris
1602 979 1736 1012 nomine
1753 980 1919 1024 proponit

1190 1036 1221 1069 V
1221 1037 1362 1070 alartus
1377 1036 1412 1069 in
1425 1036 1580 1069 Praefat.
1605 1047 1640 1080 p.
1654 1035 1766 1078 XIII„
1791 1036 1917 1080 impro-

1182 1093 1267 1125 bant
1285 1092 1390 1125 Jones
1415 1093 1449 1125 in
1467 1092 1572 1126 Notis
1599 1092 1642 1125 ad
1658 1092 1782 1125 Horat.
1806 1104 1843 1136 p.
1860 1095 1916 1128 20.

1182 1149 1273 1193 Fen,
1296 1149 1465 1191 Schmid.,
1492 1148 1600 1182 Orell.
1622 1148 1666 1183 ad
1684 1148 1718 1182 h.
1737 1148 1777 1191 l.‚
1812 1147 1918 1181 Eich-

1182 1206 1272 1240 stad.
1294 1205 1338 1239 ad
1364 1216 1431 1238 van
1450 1205 1601 1239 Ommer.
1622 1215 1658 1249 p.
1672 1207 1749 1240 120.
1795 1204 1917 1238 Exer-

1182 1262 1283 1295 cendi
1296 1263 1439 1295 verbum
1453 1260 1675 1295 Marklandus
1690 1260 1766 1294 aliis
1783 1270 1917 1305 quoque

1181 1318 1264 1352 locis
1288 1319 1466 1352 intrudere
1490 1317 1618 1361 voluit,
1643 1317 1695 1351 uti
1716 1317 1815 1361 Virg.
1831 1316 1917 1351 Aen.

1180 1374 1214 1417 4,
1239 1373 1319 1410 450.
1359 1374 1418 1407 ubi
1447 1375 1537 1407 bene
1567 1373 1724 1419 disputat
1748 1373 1916 1417 Heynius‚

1179 1431 1331 1475 itemque
1354 1429 1443 1464 Plin.
1460 1430 1578 1475 Epist.
1594 1433 1626 1474 6,
1643 1431 1676 1475 4,
1692 1430 1726 1466 4.
1759 1430 1803 1464 ad
1819 1441 1918 1475 quem

1179 1486 1289 1520 locum
1304 1486 1384 1521 vide
1396 1488 1497 1521 Cort.
1521 1486 1581 1520 Sic
1593 1488 1794 1522 exter-rendi
1808 1487 1916 1521 verbo

1181 1543 1306 1576 offensi
1338 1548 1417 1577 sunt
1447 1543 1578 1588 aliquot
1611 1545 1824 1589 interpretes
1857 1555 1914 1588 ap.

1179 1600 1277 1643 Virg.
1298 1600 1332 1633 in
1350 1602 1416 1634 Ge.
1433 1601 1465 1643 3,
1485 1598 1565 1635 434.
1602 1599 1754 1646 itemque
1775 1599 1916 1634 Bentle-

1173 1658 1229 1700 jus
1245 1661 1336 1690 teste
1352 1656 1529 1699 Herzogio
1546 1656 1591 1690 ad
1607 1657 1710 1690 Caes.
1720 1657 1762 1690 B.
1775 1657 1818 1690 C.
1835 1658 1867 1699 2,
1881 1656 1915 1691 4.

1177 1713 1382 1756 Elegantem
1412 1723 1494 1745 sane
1524 1713 1795 1747 emendationem
1831 1711 1856 1745 i.
1882 1723 1914 1745 e.

1178 1773 1342 1802 externat
1363 1769 1558 1812 nuperrime
1583 1769 1775 1804 hominibus
1803 1769 1915 1802 doctis

1177 1830 1282 1869 atque
1307 1825 1521 1869 elegantibus
1542 1826 1727 1870 proposuit
1761 1825 1823 1859 Fr.
1846 1825 1915 1859 Ja—

1179 1882 1313 1915 cobsius
1343 1881 1379 1914 in
1410 1883 1527 1916 Verm.
1558 1883 1660 1916 Schr.
1690 1884 1734 1918 V.
1773 1893 1809 1926 p.
1835 1883 1914 1918 157.

1179 1939 1262 1973 Jure
1287 1943 1400 1972 autem
1423 1939 1618 1981 dubitatur,
1663 1949 1742 1972 num
1771 1938 1829 1972 illa
1855 1950 1916 1973 ne.L

1179 1995 1330 2029 cessaria
1348 1995 1415 2036 sit3
1445 1996 1489 2029 cf.
1512 1994 1678 2029 Groebel.
1693 1997 1731 2027 et
1749 1993 1856 2028 Orell.
1872 1994 1917 2028 ad

1179 2053 1213 2086 h.
1230 2052 1252 2085 l.
1299 2051 1406 2086 Bach.
1423 2050 1458 2084 in
1474 2051 1594 2086 Zimm.
1615 2051 1791 2085 Zeitschr.
1814 2049 1914 2086 1834.

1178 2120 1214 2153 p.
1233 2109 1332 2144 1035.
1354 2108 1519 2142 Doederl.
1534 2107 1571 2142 in
1587 2108 1751 2142 Miinchn.
1767 2106 1916 2152 gelehrt.

1177 2165 1321 2210 Anzeig.
1344 2165 1443 2200 1836.
1469 2176 1505 2209 p.
1523 2165 1601 2200 863.
1647 2164 1749 2208 Vulg.
1767 2162 1917 2208 scriptu-

1176 2233 1249 2256 ram
1270 2233 1368 2256 nemo
1397 2221 1616 2264 sollicitabit,
1651 2221 1709 2265 qui
1723 2231 1837 2255 secum
1859 2230 1915 2253 re-

1175 2278 1353 2323 putaverit
1378 2277 1471 2312 locos
1495 2277 1531 2312 in
1559 2277 1822 2312 Commentariis
1844 2276 1915 2310 lau-

1176 2336 1290 2369 datos.

1221 2394 1264 2426 V.
1283 2394 1336 2427 12.
1375 2395 1566 2424 metuatne.
1604 2389 1690 2423 Mss.
1713 2391 1750 2422 et
1774 2387 1914 2422 aliorum

1177 2450 1214 2481 et
1244 2447 1356 2481 nostri
1386 2448 1460 2480 fere
1489 2457 1615 2479 omnes.
1672 2445 1765 2479 Edd.
1793 2445 1913 2479 hamb.

1175 2504 1286 2538 Pulm.
1306 2504 1414 2547 Cruq.
1441 2502 1548 2536 Fabr.
1577 2502 1623 2535 H.
1640 2502 1764 2546 steph.
1779 2502 1913 2536 Bersm.

1177 2562 1283 2595 Torr.
1300 2563 1490 2604 sequuntur
1505 2559 1732 2593 recentiores.
1756 2564 1914 2594 metuat-

1176 2630 1228 2654 ve.
1260 2617 1327 2652 Ms.
1338 2618 1402 2650 Fe.
1415 2618 1448 2659 3,
1464 2629 1496 2650 a.
1531 2617 1631 2650 Gott.
1649 2618 1681 2652 2.
1714 2615 1809 2649 Mon.
1825 2628 1858 2650 e.
1869 2626 1913 2649 m.

1173 2674 1332 2708 Rudolst.
1363 2673 1431 2706 Ed.
1449 2673 1559 2717 princ.
1577 2684 1633 2716 ap.
1646 2673 1768 2706 Comb.
1786 2674 1824 2705 et
1836 2672 1913 2706 Me-

1175 2730 1256 2763 diol.
1272 2729 1339 2765 476
1355 2741 1410 2774 ap.
1429 2731 1493 2763 Fe.
1512 2733 1549 2764 et
1565 2729 1699 2775 plurim.
1713 2732 1815 2773 vett„
1838 2728 1911 2764 vid.

1172 2787 1258 2820 Fea.
1305 2792 1522 2832 metuatque.
1575 2786 1661 2820 Mss.
1684 2785 1792 2820 Pulm.
1820 2796 1910 2821 omn.

1171 2843 1235 2876 Fe.
1257 2844 1288 2886 1,
1305 2854 1338 2888 q.
1364 2844 1481 2877 Guelf.
1503 2846 1535 2879 1.
1581 2846 1716 2878 metuat
1731 2841 1909 2887 capiatne.

1171 2899 1239 2933 Ms.
1265 2899 1332 2934 Fe.
1360 2902 1399 2945 1,
1424 2903 1452 2934 t.
1489 2920 1534 2925 ——
1564 2904 1755 2935 metuatue.
1817 2898 1913 2942 Quid
