2028 3268
378 264 457 306 130
487 268 851 305 COMMENTARII
879 269 931 304 ΙΝ
961 246 1177 304 HORATli
1195 266 1365 303 EPIST.
1389 265 1607 305 SECUND.
1633 268 1731 304 LIB.
1754 268 1785 304 1.
1842 265 1895 309 24

377 379 475 415 ratio
503 376 844 416 accommodatum
874 378 1059 425 miretur,
1095 377 1128 414 is
1158 375 1405 423 meminerit,
1443 377 1589 415 multos
1619 390 1672 415 ex
1701 377 1896 416 veteribus

375 447 547 483 Homero
571 458 730 482 omnem
749 445 931 482 tribuisse
951 444 1185 495 sapientiam
1207 456 1252 480 ac
1271 442 1508 491 doctrinam,
1538 445 1698 496 ejusque
1715 448 1898 495 poemata

377 513 460 550 sere
488 513 543 549 ita
564 518 750 549 tractasse
780 517 897 561 atque
918 510 1192 560 interpretatos
1222 522 1329 556 esse,
1361 509 1698 560 quemadmodum
1722 524 1850 562 nuper
1876 523 1898 547 e

377 579 615 616 nostratibus
649 578 870 628 complures
910 575 961 614 ad
1000 578 1134 614 Kantii
1164 577 1450 627 praescriptum
1481 579 1713 629 scripturam
1749 589 1900 615 sacram

378 647 519 682 morali
548 645 891 695 interpretatione,
929 657 1050 696 quam
1079 649 1243 691 vocant,
1282 641 1549 692 adjuvandam
1577 658 1597 682 e
1630 658 1672 681 re
1698 657 1770 682 sua
1792 645 1902 681 exis-

379 713 581 748 timarunt.
628 710 718 749 Vid.
742 711 965 749 Stallbaum
991 709 1041 747 ad
1059 712 1163 748 Plat.
1185 709 1232 746 de
1257 711 1355 761 Rep.
1376 711 1416 758 2,
1440 711 1506 750 17.
1522 725 1562 762 p.
1583 710 1675 752 155.
1720 711 1903 748 Ceterum

379 785 513 814 utrum
543 779 730 815 Horatius
757 778 842 828 ipse
871 775 919 813 de
938 779 1108 815 Homero
1134 779 1188 815 ita
1212 781 1399 826 senserit,
1430 791 1481 815 an
1504 779 1616 815 illam
1634 779 1795 816 Homeri
1819 784 1902 815 tra-

381 844 512 882 ctandi
529 846 722 882 rationem
741 857 822 886 nou
839 844 975 880 fecerit
993 846 1070 881 nisi
1093 844 1427 884 accommodando
1459 858 1592 894 suam,
1623 846 1791 883 aliorum
1809 857 1902 895 per-

379 913 494 948 mitto
526 911 675 961 judicio
712 918 829 964 atque
863 911 1043 960 arbitrio,
1084 926 1310 965 quanquam
1342 911 1528 965 equidem
1555 910 1654 960 hoc,
1687 925 1770 950 non
1802 909 1904 949 illud

381 978 575 1015 affirmare
605 979 745 1015 ausim.
803 978 909 1015 Illud
931 985 1065 1015 tamen
1099 987 1202 1017 recte
1226 980 1420 1021 affirmare
1448 978 1605 1017 videtur
1629 977 1844 1015 Diibnerzcs
1862 979 1904 1015 iu

382 1044 609 1082 doctissima
642 1044 824 1082 editionis
857 1047 893 1086 1.
920 1059 1083 1083 censura
1113 1045 1300 1098 (Seebod.
1328 1047 1425 1088 Krit.
1451 1047 1555 1083 Bibl.
1586 1045 1706 1086 1830.
1728 1059 1769 1096 p.
1792 1046 1904 1094 386.)

381 1112 485 1149 inter
503 1113 580 1153 alia
606 1110 773 1154 laudans
797 1110 998 1162 Aristoph.
1019 1114 1117 1150 Rau.
1137 1112 1232 1153 947.

493 1177 558 1215 Ad
578 1188 697 1230 quem
713 1179 886 1215 Lollium
911 1178 1002 1215 data
1020 1181 1070 1216 sit
1092 1178 1189 1216 haec
1214 1181 1412 1230 Epistola,
1442 1192 1588 1230 magna
1606 1186 1666 1217 est
1680 1180 1782 1218 inter
1801 1179 1906 1216 viros

384 1245 520 1283 doctos
546 1246 779 1295 opinionum
808 1244 1013 1288 dissensio,
1069 1247 1322 1295 Torrentius,
1351 1249 1564 1295 Baxterus‚
1592 1247 1803 1293 Dacerius,
1833 1246 1906 1284 Ja-

382 1314 486 1361 nius‚
520 1314 695 1364 itemque
719 1311 984 1363 Glandorpius
1021 1312 1241 1364 (Onomast.
1277 1327 1318 1365 p.
1350 1313 1485 1363 547.),
1526 1313 1719 1353 Morerius
1755 1309 1908 1362 (Graud

383 1381 555 1417 Diction.
575 1380 765 1432 Historiq.
790 1381 854 1418 IV.
874 1393 914 1430 p.
939 1380 1053 1430 192.)
1079 1387 1116 1417 et
1140 1381 1281 1418 Bauer.
1298 1382 1327 1418 l.
1347 1382 1375 1418 l.
1393 1376 1450 1430 *),
1477 1393 1567 1417 eam
1584 1381 1638 1416 M.
1666 1379 1809 1427 Lollio,
1841 1378 1910 1429 qui

475 1567 511 1611 ¹⁸)
545 1567 601 1606 Ad
624 1567 687 1601 hos
711 1567 959 1610 quodammodo
982 1567 1117 1602 accedit
1137 1568 1174 1603 J.
1198 1568 1242 1605 C.
1269 1568 1339 1605 Gu.
1365 1568 1525 1611 &ang-e,
1551 1565 1610 1611 qui
1631 1566 1668 1603 in
1695 1565 1910 1604 Commenta-

385 1624 479 1658 tione
514 1624 558 1656 de
582 1624 670 1656 Hor.
697 1623 815 1667 Epist.
842 1635 909 1656 sec.
937 1624 1015 1657 libr.
1042 1625 1166 1669 primi,
1199 1625 1303 1658 Frkf.
1339 1624 1381 1658 ad
1415 1623 1538 1657 Viadr.
1564 1623 1663 1658 1830.
1696 1635 1732 1669 p.
1755 1624 1788 1658 9.
1819 1622 1911 1656 inter

386 1680 455 1714 alia
486 1680 538 1714 sic
570 1680 742 1724 disputat:
776 1679 838 1723 „in
869 1685 945 1714 tota
966 1681 1148 1725 Epistola,
1181 1681 1212 1714 si
1241 1680 1442 1715 vocabulum
1470 1691 1564 1724 puer
1590 1679 1635 1713 V.
1659 1680 1715 1714 68.
1745 1678 1910 1724 excipias,

387 1748 431 1770 ne
462 1737 603 1770 verbum
628 1735 765 1780 quidem
787 1735 911 1778 video,
943 1748 986 1769 ex
1009 1747 1077 1780 quo
1102 1737 1147 1770 ad
1179 1747 1323 1782 puerum
1357 1748 1430 1770 eam
1463 1736 1624 1781 scriptam
1649 1747 1725 1769 esse
1749 1734 1913 1779 colligas;

387 1791 534 1826 maxima
558 1792 674 1837 potius
696 1791 788 1825 inter
818 1792 905 1825 hanc
927 1791 1120 1837 Epistulam
1153 1798 1188 1827 et
1210 1794 1351 1837 primam
1375 1798 1428 1827 est
1450 1792 1677 1827 similitudo.“
1732 1791 1854 1836 Pergit
1874 1802 1912 1826 v.

388 1849 423 1883 d.
442 1861 478 1894 p.
505 1850 561 1884 11.
607 1849 705 1892 „Sed
727 1860 797 1885 non
817 1854 892 1883 tam
913 1849 1034 1893 inepta
1057 1850 1123 1882 illa
1145 1850 1339 1893 sapientiae
1363 1850 1525 1883 doctrina
1548 1853 1617 1892 est,
1642 1853 1684 1882 ut
1706 1849 1818 1892 vulgo
1839 1860 1912 1893 pu-

386 1911 507 1950 tatur,
540 1905 675 1943 etiamsi
701 1906 882 1950 epistolam
915 1906 964 1938 ad
996 1905 1052 1939 M.
1080 1906 1234 1940 Lollium
1262 1912 1401 1951 patrem
1434 1907 1556 1940 datam
1587 1916 1659 1939 esse
1690 1906 1826 1938 credas.
1871 1905 1914 1938 In

387 1963 491 1996 rebus
515 1961 624 2005 enim,
660 1973 749 2007 quae
774 1963 817 1995 ad
844 1962 1050 2007 sapientiam
1074 1974 1254 2007 moresque
1277 1968 1457 2008 spectant,
1493 1967 1610 1996 nostra
1635 1966 1729 1995 aetas
1754 1962 1797 1994 ab
1821 1961 1913 1995 anti-

387 2018 521 2063 quitate
555 2029 653 2062 quam
691 2019 834 2059 maxime
858 2019 1046 2063 discrepat.
1096 2019 1195 2058 Quae
1219 2018 1318 2052 nobis
1343 2019 1523 2052 notissima
1545 2023 1645 2062 sunt,
1677 2023 1716 2051 ut
1738 2017 1775 2051 in
1797 2016 1916 2052 schola

387 2075 505 2120 pueris
537 2075 767 2109 commendari
792 2075 943 2119 soleant,
976 2066 1020 2109 ‘de
1043 2075 1196 2119 virtute,
1233 2076 1277 2109 de
1300 2075 1404 2110 animi
1426 2073 1745 2120 perturbationibus
1768 2073 1914 2120 aliaque,

390 2142 432 2165 ea
465 2142 534 2164 non
566 2130 686 2164 itidem
711 2130 866 2164 omnibus
901 2138 983 2172 nota
1019 2137 1117 2166 erant
1146 2132 1327 2173 Romanis3
1362 2132 1567 2176 praesertim
1600 2142 1702 2175 quum
1736 2141 1848 2175 neque
1878 2131 1916 2164 in

390 2187 517 2222 scholis
549 2187 650 2232 pueri
678 2186 806 2223 talibus
830 2189 933 2222 rebus
951 2189 1235 2232 instituerentur,
1268 2199 1381 2233 neque
1411 2187 1597 2222 domestica
1631 2187 1787 2221 educatio
1811 2187 1917 2221 certis

389 2244 589 2290 praeceptis
622 2244 666 2277 de
696 2243 847 2284 moribus
883 2246 1080 2290 officiisque
1111 2245 1293 2286 niteretur.
1350 2244 1475 2278 Omnia
1507 2243 1597 2277 enim
1629 2243 1752 2289 quibus
1785 2243 1918 2277 animus

391 2306 512 2335 noster
542 2306 577 2334 et
607 2306 786 2345 parentum
817 2300 1079 2346 scholar-umque
1112 2313 1241 2347 opera,
1271 2306 1307 2342 et
1339 2300 1602 2340 domesticorum
1634 2300 1918 2345 publicorumque

391 2356 629 2390 institutorum
659 2357 807 2401 auxilio,
838 2363 873 2391 et
904 2363 978 2392 tota
1012 2359 1189 2396 societatis
1221 2358 1387 2400 humanae
1418 2356 1614 2391 conditione
1642 2357 1722 2390 inde
1745 2368 1767 2390 a
1798 2356 1918 2403 primis

393 2412 520 2447 aetatis
556 2413 654 2447 annis
684 2413 866 2458 imbuitur,
897 2415 1044 2454 Romani
1075 2421 1135 2449 aut
1166 2427 1209 2449 ex
1232 2425 1298 2449 usu
1319 2414 1434 2456 vitae,
1467 2417 1529 2447 aut
1560 2424 1603 2446 ex
1625 2412 1918 2458 philosophorum,

395 2470 606 2504 Graecorum
648 2470 816 2514 maxime,
859 2472 1075 2516 praeceptis,
1121 2471 1246 2515 quibus
1286 2469 1394 2505 adulti
1430 2470 1561 2506 demum
1598 2479 1736 2514 operam
1779 2469 1918 2512 dabant,

395 2526 531 2560 discere
561 2526 730 2561 solebant.
787 2527 914 2561 Mirum
937 2527 1045 2572 igitur
1072 2538 1148 2561 esse
1174 2538 1242 2560 non
1272 2530 1407 2571 potest,
1441 2525 1471 2559 si
1501 2525 1654 2559 homines
1678 2525 1739 2570 qui
1759 2531 1831 2560 tum
1850 2537 1916 2571 pu—

395 2583 558 2616 tabantur
581 2583 830 2628 sapientissimi
859 2584 964 2618 multa
985 2591 1156 2628 tamquam
1186 2593 1278 2618 nova
1300 2581 1548 2627 enuntiabant,
1584 2593 1675 2626 quae
1696 2581 1796 2615 uobis
1817 2593 1919 2627 quam

397 2638 540 2678 maxime
565 2639 722 2684 vulgaria
753 2641 882 2684 vixque
913 2641 1009 2675 dictu
1041 2640 1147 2685 digna
1170 2639 1343 2681 videntur.
1389 2639 1502 2683 Hujus
1525 2638 1578 2673 rei
1599 2637 1746 2688 plurima
1766 2638 1920 2684 exempla

397 2695 497 2728 vides
525 2705 627 2738 quum
660 2696 697 2729 in
731 2697 887 2731 omnibus
927 2697 1106 2731 Ciceronis
1138 2696 1260 2740 libris,
1299 2701 1371 2730 tum
1403 2695 1548 2730 maxime
1578 2695 1615 2728 in
1644 2695 1718 2739 ejus
1749 2694 1918 2740 epistolis.

398 2751 495 2797 Lege
517 2762 645 2795 quaeso
672 2752 850 2797 epistolam
881 2755 926 2788 ad
949 2754 1113 2795 Quintum
1143 2754 1287 2786 fratrem
1308 2751 1338 2795 1,
1365 2753 1420 2796 1.‚
1444 2751 1504 2795 qui
1524 2757 1595 2785 tum
1616 2756 1822 2796 propraetor
1846 2755 1922 2786 erat

399 2808 436 2841 in
459 2807 555 2846 Asia.
610 2808 710 2848 Quae
741 2810 843 2844 fratri
876 2811 924 2844 ibi
959 2811 1132 2856 praecipit
1153 2810 1297 2852 Cicero,
1330 2799 1508 2842 maximam
1535 2813 1668 2853 partem
1691 2808 1739 2844 ita
1763 2814 1843 2842 sunt
1863 2807 1918 2841 in-

401 2863 542 2906 stituta,
569 2869 626 2907 ut,
651 2865 683 2898 si
705 2875 747 2899 ex
771 2872 891 2901 nostra
913 2867 1089 2911 cogitandi
1111 2867 1246 2901 ratione
1263 2865 1421 2910 judicare
1435 2863 1535 2907 velis,
1559 2864 1675 2909 pueris
1690 2863 1805 2910 potius
1820 2874 1920 2908 quam

403 2921 435 2954 ei
459 2920 552 2965 viro,
578 2920 639 2965 qui
661 2921 697 2954 in
720 2924 858 2957 summis
881 2924 1069 2959 honoribus
1089 2923 1311 2965 versabatur,
1342 2920 1606 2956 commendanda
1628 2930 1706 2956 esse
1725 2921 1920 2955 videantur.
