2028 3268
392 229 474 271 126

962 230 1339 271 HORATII

1854 233 1907 274 20

459 346 672 405 Tempore
705 344 918 388 oervmam
953 345 1109 404 pellem
1143 344 1315 389 latravit
1348 344 1391 387 in
1431 345 1546 404 aula,

459 423 616 468 Militat
655 425 698 467 in
741 422 861 465 silvis
906 423 1086 470 catulus·

390 639 548 685 junctivo
576 640 752 684 junctum,
791 643 832 674 ut
865 639 1077 674 Graecorum
1102 632 1127 686 ᾗ

394 693 464 739 ἄν,
506 707 578 730 rem
610 708 742 741 ponere
779 695 915 730 minime
954 696 1128 730 definitam

394 753 566 797 nullisque
611 753 775 787 limitibus
826 752 1128 797 circumscriptam,

394 821 464 854 quo
487 809 574 842 nihil
604 814 723 854 potest
745 820 822 842 esse
845 809 1129 842 accommodatius

395 867 439 899 ad
462 866 552 899 hunc
574 865 698 899 locum.
744 864 791 899 At
821 865 853 898 si
885 865 1036 899 Criticus
1070 865 1129 898 ille

395 921 598 966 distinguit:
631 923 708 966 Ire,
741 922 834 954 viam
860 933 933 964 qua
961 924 1130 954 monstret

396 990 462 1023 eq„
487 984 526 1011 ut
548 979 594 1012 sit
616 979 708 1011 viam
735 983 949 1022 monstrare,
981 988 1049 1013 non
1079 978 1132 1010 ire

395 1036 508 1079 viam,
531 1047 584 1068 me
608 1035 746 1080 quidem
777 1046 846 1068 non
875 1034 981 1069 habet
1012 1045 1130 1067 assen-

395 1092 551 1126 tientem.
598 1091 803 1136 Exemplum
826 1092 937 1124 enim:
969 1090 1051 1124 Liv.
1073 1091 1129 1133 32,

399 1151 456 1184 11.
487 1149 626 1182 Pedites
633 1149 749 1193 jubet,
774 1158 847 1190 qua
862 1147 938 1180 dux
954 1152 1131 1180 monstra-

399 1210 453 1239 ret
475 1205 588 1249 viam,
616 1206 685 1250 ire,
716 1203 810 1248 quod
833 1203 1030 1247 Bentlejus,
1057 1202 1134 1236 Fea

399 1260 528 1304 aliique
544 1261 705 1305 afferunt,
721 1265 759 1294 ut
772 1271 868 1293 suam
877 1259 1134 1293 distinctionem

398 1317 558 1361 probent,
570 1316 608 1350 vi
618 1317 788 1362 probandi
804 1315 1018 1350 destituitur.
1035 1315 1133 1348 Ordo

404 1371 495 1405 enim
531 1373 715 1407 verborum
750 1378 785 1407 et
818 1373 1012 1406 sententiae
1049 1371 1136 1404 alius

407 1434 462 1462 est
492 1433 596 1473 atque
626 1429 693 1463 hoc
720 1429 816 1472 loco,
855 1429 916 1463 ubi
948 1430 1001 1462 ire
1032 1428 1136 1471 viam,

401 1485 508 1518 dictio
532 1485 778 1531 perfrequens,
816 1485 986 1519 artissime
1010 1485 1136 1519 cohae-

400 1547 468 1575 ret.
517 1541 652 1581 Quodsi
673 1543 800 1576 Bauer.
839 1543 884 1576 ad
904 1543 1024 1575 sanct.
1047 1541 1137 1574 Min.

401 1597 450 1630 ΙΙ.
473 1609 510 1642 p.
521 1598 605 1634 273.
630 1598 711 1632 coll.
733 1611 769 1643 p.
787 1600 844 1633 98.
866 1599 917 1631 ire
933 1598 1026 1630 viam
1038 1596 1140 1640 jungi

402 1665 508 1698 posse
532 1654 707 1699 opinatur,
739 1665 843 1698 quum
867 1654 995 1698 legeris
1020 1665 1138 1697 quam,

404 1721 473 1743 non
501 1722 594 1754 qua,
624 1710 798 1745 immemor
830 1710 899 1744 fuit
926 1710 996 1743 loci
1018 1709 1138 1753 Virgi-

403 1767 488 1800 liani
515 1766 603 1800 Aen.
631 1769 662 1811 l,
685 1765 764 1802 418.
816 1766 1024 1810 Corripuere
1047 1766 1139 1799 viam

404 1823 550 1866 interea,
582 1834 655 1866 qua
680 1823 803 1857 semita
826 1828 1012 1858 monstrat.
1059 1822 1140 1855 Huc

406 1878 559 1923 accedit,
594 1879 686 1923 quod
717 1881 761 1915 de
791 1880 868 1925 ipso
894 1880 1020 1924 equino
1043 1878 1138 1924 pullo

407 1936 508 1969 ctiam
533 1935 624 1980 apud
654 1935 756 1980 Virg.
785 1937 871 1980 (Ge.
889 1937 922 1980 3,
941 1936 1019 1980 77.)
1051 1935 1139 1968 dici-

405 1998 488 2026 tur:
523 1993 663 2027 Primus
694 1999 728 2027 et
753 1994 804 2027 ire
831 1993 924 2026 viam
945 2012 992 2018 -
1017 1993 1140 2026 audet.

409 2040 470 2082 sse
497 2049 598 2093 Virg.
622 2049 710 2082 Aen.
736 2051 769 2092 6,
795 2051 872 2084 122.
906 2051 1010 2092 Itque
1033 2049 1141 2084 reatt-

408 2117 478 2149 que
492 2106 585 2138 viam
601 2107 714 2151 toties,
738 2118 836 2151 quem
857 2105 967 2138 locum
988 2103 1144 2138 laudavit

408 2162 581 2206 WetzeL,
616 2163 678 2196 sed
710 2163 810 2208 plura
834 2162 935 2206 hujus
958 2161 1142 2194 locutionis

410 2219 566 2264 exempla
581 2220 806 2264 suppeditant
813 2218 968 2252 Broukh.
984 2218 1142 2252 etBurm.

410 2275 453 2310 ad
485 2276 591 2320 Prop.
622 2277 662 2319 2,
698 2277 759 2319 19,
790 2276 845 2310 50.
907 2274 1067 2308 Oudend.
1101 2274 1145 2308 ad

410 2333 507 2367 Hirt.
525 2334 559 2366 b.
579 2331 690 2366 Afric.
707 2344 738 2366 c.
752 2333 810 2367 75.
834 2332 964 2375 Wagn.
988 2331 1030 2364 ad
1043 2331 1144 2374 Virg.

412 2390 499 2424 Aen.
527 2391 589 2433 12,
616 2390 696 2424 386.
752 2388 810 2422 Cf.
834 2387 975 2421 Munck.
1000 2387 1043 2420 ad
1067 2387 1146 2429 Hy-

413 2447 485 2490 gin.
510 2446 600 2480 Fab.
625 2447 683 2481 38.
720 2444 859 2478 Ruhnk.
884 2444 929 2477 ad
948 2442 1055 2477 ovid.
1072 2443 1146 2475 He-

413 2503 505 2536 roid.
529 2504 563 2546 7,
586 2503 644 2536 40.
670 2502 790 2535 Sanct.
813 2499 900 2534 Min.
916 2499 952 2543 3,
967 2499 1002 2534 3.
1017 2512 1053 2544 p.
1066 2498 1147 2533 460.

416 2559 471 2592 ed.
496 2559 538 2591 B.
575 2558 726 2601 Bentleji
760 2556 1014 2590 distinctionem
1047 2566 1147 2589 rece-

415 2620 541 2659 perunt
550 2615 695 2648 Haberf.
710 2615 797 2656 Fea,
813 2613 834 2646 J
836 2612 931 2646 eeck.
941 2612 1042 2646 Jahn.
1052 2611 1148 2645 Pott.

418 2671 570 2705 Schmid.
594 2670 747 2704 Braunh.
765 2671 868 2705 Web.
891 2670 942 2702 ire
957 2670 1059 2713 viam,
1077 2679 1151 2712 qua

417 2726 500 2760 dist.
563 2726 651 2762 cnn.
691 2728 776 2761 San.
819 2726 972 2760 Mervill.
1017 2725 1148 2759 Sandb.

418 2783 565 2827 Dorigh.
592 2783 712 2816 Oberl.
736 2783 824 2816 Bad.
856 2782 1016 2817 Praedic.
1040 2781 1149 2815 Doer.

418 2839 523 2875 Both.
549 2839 594 2872 al.
620 2839 754 2872 Rursus
778 2840 889 2874 Gesn.
915 2840 1036 2873 Comb.
1053 2838 1149 2871 Sivr.

420 2897 538 2930 Wetz.
557 2895 715 2929 Hoched.
730 2894 877 2931 Passov.
901 2894 1055 2933 Meinek.
1082 2905 1150 2932 uon

1153 422 1275 467 Nune
1315 421 1464 468 adhibe
1509 434 1615 482 puro

1182 639 1366 674 incidendo
1398 648 1515 672 omnes
1553 635 1725 682 effugiunt
1759 634 1912 669 difficul-

1183 702 1289 732 tates.

1230 753 1276 786 V.
1299 753 1356 787 66.
1401 749 1583 785 laceravit.
1622 747 1710 784 Mss.
1733 746 1830 781 Feae
1844 748 1877 791 2,
1893 758 1915 782 e

1186 810 1225 853 (a
1241 810 1274 843 Ξ.
1293 809 1356 852 m.)
1390 820 1427 853 g.
1465 809 1503 851 (a
1525 807 1560 840 2.
1578 804 1642 848 m.)
1666 804 1702 838 h.
1735 802 1776 846 (a
1797 803 1833 839 2.
1849 803 1915 845 m.)

1184 867 1302 900 Verba
1333 866 1418 899 latr.
1460 869 1497 898 et
1530 864 1637 896 lacer.
1680 862 1918 905 permutantur

1186 923 1262 956 Sat.
1287 924 1329 966 Ξ,
1366 923 1406 965 1,
1436 921 1492 956 85.
1539 919 1667 952 Locum
1688 916 1807 951 laudat
1827 914 1915 948 scri-

1186 984 1321 1024 pturam
1334 977 1428 1021 vulg.
1445 987 1588 1011 servans
1605 973 1748 1007 Servius
1764 972 1808 1006 ad
1816 970 1917 1014 Virg.

1187 1037 1230 1078 7,
1265 1036 1344 1069 479.
1383 1054 1430 1060 —
1467 1033 1512 1066 V.
1537 1033 1594 1066 67.
1653 1029 1800 1063 Militat.
1846 1027 1917 1062 Ms-

1187 1090 1307 1124 Guelf.
1329 1091 1364 1125 3.
1408 1089 1478 1123 Ed.
1506 1086 1712 1122 Praedicov.
1740 1084 1793 1118 sic
1815 1083 1918 1118 ἀίει..

1194 1147 1280 1181 Ven.
1301 1166 1350 1172 —
1378 1146 1466 1180 aula
1481 1145 1499 1178 ἲ)
1555 1143 1693 1177 Militat
1722 1141 1762 1175 in
1791 1140 1885 1174 silvis
1901 1140 1920 1172 ?

1191 1204 1356 1237 Catulus.
1371 1222 1418 1228 -—
1434 1201 1568 1235 adhibe.
1602 1199 1689 1232 Mss.
1707 1208 1797 1231 omn.
1821 1196 1920 1240 (sex)

1188 1272 1247 1308 ap.
1270 1259 1382 1293 Pulm.
1419 1268 1510 1292 omn.
1539 1267 1596 1301 ap.
1628 1255 1736 1298 Cruq.
1769 1253 1922 1298 quinque

1189 1329 1246 1362 ap.
1272 1316 1406 1349 Bersm.
1432 1311 1554 1347 Oberl.
1591 1311 1634 1344 C.
1657 1310 1702 1343 D.
1735 1309 1775 1352 (a
1798 1309 1832 1343 2.
1857 1308 1923 1351 m.)

1193 1385 1297 1417 omn.,
1335 1378 1374 1407 ut
1393 1371 1568 1412 videntur,
1591 1378 1648 1412 ap.
1678 1365 1799 1404 Comb.
1826 1365 1924 1398 Feae

1196 1431 1227 1474 1,
1253 1441 1284 1463 a.
1301 1430 1339 1463 b.
1377 1426 1547 1472 (82.1ιι.)
1581 1435 1613 1456 c.
1637 1434 1669 1456 r.
1693 1422 1734 1465 2,
1766 1433 1798 1456 a.
1822 1421 1864 1463 3,
1888 1431 1923 1454 a.

1194 1485 1228 1528 5,
1255 1496 1287 1518 a.
1327 1484 1366 1528 (a
1378 1486 1412 1518 2.
1429 1483 1494 1527 m.)
1518 1493 1550 1515 e.
1575 1480 1614 1524 (a
1629 1480 1664 1514 2.
1681 1479 1746 1522 m.)
1770 1479 1803 1522 6,
1831 1489 1866 1512 a.
1888 1477 1923 1520 9,

1195 1542 1230 1576 d.
1266 1542 1308 1585 7,
1333 1552 1366 1574 a.
1390 1541 1510 1575 Jaeck.
1545 1545 1582 1574 et
1603 1535 1762 1572 Hoched.
1786 1534 1830 1569 de
1852 1533 1925 1568 suis

1194 1602 1322 1640 tacent,
1347 1608 1476 1642 quanq.
1493 1609 1556 1631 ms.
1574 1595 1712 1630 Monac.
1728 1591 1753 1626 l.
1770 1590 1794 1625 l.
1821 1590 1927 1624 habet

1195 1655 1330 1689 adbibe-
1362 1653 1451 1688 Bad.
1478 1655 1511 1688 1.
1544 1651 1664 1686 Guelf.
1683 1651 1715 1684 1.
1737 1649 1802 1683 Bn.
1818 1647 1862 1680 B.
1878 1646 1925 1680 D.

1194 1712 1241 1745 Ε.
1259 1711 1306 1744 G.
1330 1711 1436 1744 Dess.
1456 1711 1488 1745 1.
1514 1710 1613 1742 Gott.
1633 1710 1665 1742 1.
1692 1705 1793 1750 Lips.
1812 1705 1845 1738 1.
1869 1702 1926 1746 (1⁸.

1195 1767 1385 1812 exsculpt.)
1409 1768 1444 1801 2.
1461 1767 1497 1801 3.
1523 1770 1557 1799 et
1579 1765 1630 1798 sic
1651 1763 1779 1807 legisse
1802 1759 1926 1795 viden-

1194 1828 1252 1858 tur
1277 1824 1388 1858 Dorv.
1414 1824 1448 1857 1.
1472 1823 1506 1856 2.
1541 1819 1683 1855 Corvei.
1722 1815 1867 1851 Mentel.
1892 1818 1929 1848 et

1196 1881 1329 1918 Graev.
1353 1879 1422 1912 Ed.
1440 1878 1551 1923 princ.
1577 1888 1635 1922 ap.
1652 1875 1776 1917 Feam,
1802 1872 1928 1906 colon.

1195 1937 1274 1971 510.
1299 1937 1392 1969 Iunt.
1410 1934 1488 1970 514.
1507 1934 1674 1967 Schurer.
1686 1928 1765 1964 514.
1781 1928 1928 1966 Erford.

1195 1994 1275 2028 517.
1313 1992 1396 2025 Bas.
1428 1991 1507 2025 517.
1539 1991 1597 2025 27.
1631 1989 1688 2022 31.
1719 1985 1821 2030 Lips.
1847 1984 1929 2019 519.

1195 2050 1325 2084 Muret.
1342 2048 1465 2082 Lamb.
1483 2045 1568 2091 xyl.
1587 2045 1696 2088 Cruq.
1714 2041 1822 2076 Torr.
1847 2039 1931 2075 inde

1197 2108 1271 2140 fere
1295 2117 1424 2140 omnes.
1473 2103 1588 2137 obbibe
1614 2100 1684 2134 ΜΒ.
1708 2099 1775 2133 Bn.
1792 2097 1837 2131 F.
1864 2097 1931 2130 ad-

1189 2164 1276 2207 jice.
1323 2162 1393 2196 Ms.
1428 2172 1487 2195 un.
1520 2170 1578 2204 ap.
1613 2156 1744 2191 Valart.
1790 2154 1929 2188 adhibe.

1199 2220 1287 2254 Mss.
1319 2218 1422 2262 reliq.
1458 2220 1494 2249 et
1526 2214 1605 2248 edd.
1635 2216 1789 2254 vetem,
1827 2210 1930 2245 etiam

1201 2275 1280 2309 Ald.
1298 2274 1460 2308 G.Fabr.
1478 2271 1526 2306 H.
1542 2269 1665 2315 steph.
1680 2268 1788 2302 Pulm.
1800 2267 1931 2303 Piscat-

1202 2333 1348 2374 Bersm„
1365 2331 1427 2364 sed
1442 2329 1559 2362 hitres
1575 2325 1784 2372 improbant.
1809 2323 1931 2364 Quan-

1203 2399 1304 2433 quam
1319 2386 1436 2420 brevis
1453 2385 1589 2427 syllaba
1612 2385 1787 2428 postrema
1809 2393 1852 2415 ex
1869 2382 1932 2415 ob-

1204 2442 1402 2478 servatione
1443 2440 1601 2475 similium
1646 2438 1795 2482 quodam
1833 2438 1933 2472 modo

1204 2501 1374 2546 probatur
1407 2495 1648 2541 (Peerlkamp.
1676 2495 1714 2529 in
1736 2494 1828 2529 Bibl.
1854 2494 1934 2528 crit.

1205 2565 1287 2587 nov.
1304 2554 1352 2587 II.
1379 2565 1415 2598 p.
1436 2553 1513 2586 109.
1537 2552 1642 2585 Jahn.
1660 2551 1704 2585 ad
1721 2550 1830 2585 ovid.
1846 2550 1936 2585 Met.

1203 2612 1244 2653 9,
1263 2610 1339 2644 170.
1363 2609 1419 2642 ed.
1437 2609 1485 2641 G.
1503 2614 1538 2642 et
1554 2608 1597 2641 ad
1614 2607 1726 2641 Trist.
1744 2607 1777 2651 5,
1795 2606 1828 2652 5,
1849 2607 1936 2651 12),

1205 2666 1321 2701 nescio
1337 2670 1470 2706 tamen,
1496 2675 1557 2698 cur
1577 2666 1715 2698 brevem
1732 2661 1935 2707 antepenul-

1203 2724 1318 2757 timam
1343 2722 1428 2754 adh.
1452 2720 1590 2754 silentio
1608 2718 1864 2766 praeterierint.
1896 2717 1937 2750 Id

1204 2778 1355 2813 sensisse
1408 2788 1495 2811 unus
1545 2775 1731 2810 Ascensius
1779 2773 1935 2816 videtur,

1205 2845 1307 2879 quum
1333 2835 1383 2869 sic
1405 2834 1584 2878 legendum
1620 2834 1776 2866 censeret
1807 2829 1936 2874 (invito

1203 2897 1317 2927 tamen
1333 2891 1529 2937 typotheta,
1556 2890 1617 2935 qui
1631 2889 1668 2923 in
1684 2888 1738 2923 ed.
1756 2888 1836 2924 519.
1854 2886 1936 2922 adh.
