2028 3268
8 394 38 601 *¹‘².‘²ve··.3355·'‹4†2
5 300 37 382 ³22«ae-
7 206 35 285 φ’ὲνῗ·
38 179 42 181 y
12 135 14 140 ⁴
4 111 13 122 ³
4 55 5 58 ⁴
0 27 1 31 Α

578 949 1321 1026 HORATII

335 1114 650 1161 LIBRI
712 1115 750 1161 1.

850 1111 1406 1161 EPIS'POLA
1474 1109 1556 1154 Vl.

691 1247 768 1282 AD
814 1246 1196 1283 NUMICIUM.

229 1541 336 1614 Nil
373 1568 578 1615 admirari
612 1584 749 1630 prope
776 1584 849 1615 res
879 1574 946 1615 est
982 1585 1094 1631 una,
1134 1568 1323 1628 Numici,

227 1647 451 1710 Solaque,
489 1664 601 1709 quae
638 1652 775 1710 possit
806 1650 956 1696 facere
987 1657 1030 1695 et
1060 1663 1241 1695 servare
1271 1647 1465 1691 beatum.

202 1804 261 1839 Ad
279 1802 488 1839 Numicium
512 1805 557 1839 de
580 1805 792 1850 cupiditate.
825 1804 917 1839 cod.

158 1863 344 1898 vetustiss.
377 1874 436 1908 ap.
464 1862 572 1898 Torr.
619 1865 679 1899 Ad
708 1862 917 1898 Numicium

157 1921 203 1956 dc
220 1920 470 1956 admiratione.
491 1921 560 1956 Ms.
578 1922 679 1967 Lips.
697 1923 730 1957 2.
751 1921 809 1954 Ad
830 1919 916 1954 Nu-

155 1978 311 2013 micium.
350 1978 421 2012 Ms.
438 1977 538 2023 Lips.
565 1980 599 2013 3.
641 1981 773 2014 Graev.
795 1977 917 2012 Berol.

157 2038 191 2073 2.
229 2035 327 2070 Mon.
347 2034 370 2069 l.
386 2035 548 2070 Rudolst.
569 2035 657 2080 (vid.
675 2049 710 2071 v.
727 2037 803 2079 22.)
822 2035 905 2069 Edd

155 2092 336 2129 Ven.479.
354 2093 412 2128 83.
427 2094 486 2128 86.
510 2093 607 2127 Flor.
619 2092 701 2130 482.
729 2093 916 2128 Ald.Junt.

155 2154 195 2185 et
215 2150 312 2195 vulg.
359 2151 419 2185 Ad
448 2149 653 2185 Numitium
684 2150 813 2194 (num.)
845 2150 917 2184 Ms.

153 2209 259 2244 Dess.
277 2210 311 2244 2.
344 2209 449 2242 Gott.
475 2211 508 2245 2.
541 2208 634 2242 Edd.
652 2207 742 2242 ven.
760 2208 841 2243 481.
858 2209 916 2245 92.

153 2267 253 2312 Lips.
271 2266 353 2303 492.
369 2267 426 2301 98.
459 2266 571 2300 Loch.
597 2266 678 2300 498.
730 2268 773 2310 Q.
790 2266 916 2299 Hora-

151 2325 228 2360 tius
255 2324 412 2358 Flaccus
444 2324 494 2358 ad
526 2343 572 2348 —-
619 2323 689 2357 Ed.
715 2323 807 2357 Ven.
835 2323 916 2360 520.

155 2381 365 2418 Numicium
389 2380 604 2426 alloquitur.
655 2381 725 2416 Ms.
753 2381 851 2416 Mon.
883 2392 914 2414 c.

151 2440 211 2476 Ad
228 2439 435 2476 Numicum.
462 2439 532 2473 Ms.
548 2438 672 2473 Jaeck.
691 2441 724 2475 1.
747 2440 806 2473 Ad
824 2438 912 2473 Nu-

151 2498 317 2533 matium.
341 2497 408 2532 vir
421 2497 546 2532 doctus
563 2496 703 2542 quidam
718 2507 776 2543 ap.
787 2496 910 2531 Lamb.

151 2555 199 2591 ad
215 2567 251 2591 v.
269 2557 303 2591 1.

197 2669 243 2704 V.
270 2671 302 2705 1.
328 2670 363 2706 2.
413 2667 479 2703 Nil
502 2668 696 2704 ammirari.
758 2667 820 2702 sic
842 2678 907 2703 ms.

152 2726 274 2762 Guelf.
300 2728 333 2762 1.
375 2725 495 2762 Berol.
530 2730 562 2763 1.
610 2728 758 2762 Santen.
797 2727 906 2770 (Vid.

150 2784 323 2820 Wunder.
333 2783 378 2817 ad
390 2783 480 2818 cod.
490 2783 630 2819 Erfurt.
651 2797 688 2830 p.
700 2784 780 2819 XV.
787 2784 906 2828 XIX.)

154 2841 219 2877 Nil
238 2841 414 2877 admirari
426 2852 551 2886 prope,
577 2854 634 2877 res
650 2847 702 2877 est
718 2853 808 2877 una.
844 2842 907 2876 Sic

151 2899 296 2944 disting.
339 2899 424 2934 San.
451 2900 544 2934 Phil.
569 2900 716 2946 Dorigh.
750 2906 787 2935 et
816 2901 904 2935 Jam.

150 2955 327 2992 Tunstall.
359 2969 416 3003 ap.
450 2958 642 2994 Duncomb.
674 2958 723 2993 II.
758 2972 794 3005 p.
823 2957 904 2995 615.

196 3015 346 3054 HonA'r.
371 3015 402 3052 I.

958 1806 1077 1851 proba
1099 1816 1167 1839 res.
1213 1803 1282 1838 Ed.
1300 1802 1513 1838 Praedicov.
1535 1810 1721 1846 properes.

963 1862 1223 1908 Mss.complur.
1232 1862 1404 1907 ap.Cruq.
1416 1864 1453 1894 et
1459 1860 1563 1894 Dess.
1577 1862 1608 1894 1.
1618 1860 1722 1892 Gott.

965 1926 996 1959 1.
1036 1921 1131 1955 Edd.
1143 1921 1234 1955 Ven.
1247 1918 1328 1955 483.
1347 1920 1406 1955 86.
1430 1917 1552 1961 Loch„
1578 1916 1722 1951 vitiose.

963 1999 1008 2004 —
1032 1978 1184 2012 Numici.
1217 1977 1287 2011 Ed.
1304 1978 1393 2012 ven.
1412 1977 1493 2012 520.
1525 1973 1723 2019 (Britanni-

964 2037 1044 2079 cus)
1084 2034 1235 2069 Minuci.
1262 2034 1333 2068 Ms.
1351 2033 1472 2068 Guelf.
1489 2033 1525 2068 4.
1565 2031 1720 2066 Minati.

964 2094 1026 2127 Sic
1043 2092 1194 2136 conjecit
1211 2092 1321 2137 Cruq.
1333 2117 1343 2135 ‚
1370 2102 1471 2136 quem
1486 2089 1582 2125 vide.
1632 2087 1722 2122 Nu-

963 2150 1065 2185 mati.
1112 2150 1183 2184 Ms.
1211 2160 1299 2183 unus
1332 2151 1370 2181 et
1393 2147 1485 2181 alter
1511 2158 1569 2192 ap.
1595 2145 1718 2179 Lamb-

964 2207 1083 2242 Guelf.
1111 2210 1165 2250 1.,
1198 2206 1291 2240 unde
1316 2205 1454 2250 quidam
1470 2204 1598 2239 amicus
1617 2203 1720 2238 Lam-

962 2265 1037 2298 bini
1059 2265 1124 2308 (cf.
1143 2264 1284 2299 Victor.
1299 2263 1345 2297 V.
1361 2262 1404 2296 L.
1427 2262 1485 2305 35,
1503 2262 1578 2304 6.):
1630 2259 1719 2294 Mu-

961 2322 1062 2366 nati,
1088 2326 1129 2356 ut
1153 2320 1372 2365 intelligatur
1395 2320 1436 2353 L.
1456 2319 1593 2353 Munat.
1615 2317 1720 2352 Plan-

962 2392 1033 2423 cus,
1052 2379 1097 2414 ad
1113 2390 1214 2425 quem
1231 2378 1366 2422 scripta
1381 2380 1438 2411 est
1454 2377 1525 2411 Od.
1550 2377 1640 2420 1‚7.,
1656 2386 1716 2410 re-

957 2439 1053 2472 futat
1064 2436 1292 2471 Torrentius.
1321 2434 1490 2470 Numaci.
1514 2432 1714 2468 Ms.Guelf.

957 2499 1003 2540 2.,
1033 2495 1123 2540 conj.
1140 2494 1290 2538 Dorigh.
1315 2514 1362 2518 —
1392 2494 1437 2527 V.
1454 2495 1487 2530 2.
1514 2492 1602 2526 Sola
1620 2501 1715 2535 quae

956 2554 1085 2589 omissa
1114 2564 1193 2597 que.
1243 2552 1313 2586 Ms.
1340 2550 1441 2596 Lips.
1470 2552 1503 2587 2.
1531 2550 1570 2593 (a
1594 2552 1627 2585 1.
1648 2549 1712 2595 m.)

955 2613 1102 2646 Santen.
1156 2611 1258 2653 Quae
1285 2608 1364 2642 sola
1382 2608 1499 2653 possit
1524 2607 1710 2644 hominem.

953 2670 1024 2704 Ms.
1042 2669 1139 2702 Mon.
1156 2679 1188 2701 e.
1219 2667 1387 2701 ceterum
1404 2666 1607 2701 collationes
1622 2677 1709 2700 mss.

953 2726 1215 2762 Monacensium
1241 2736 1305 2759 sex
1330 2725 1367 2758 b.
1393 2736 1424 2758 c.
1450 2735 1482 2758 e.
1508 2725 1535 2758 f.
1552 2723 1575 2759 l.
1590 2735 1634 2758 m.
1661 2725 1707 2758 ab

952 2784 1164 2820 Hochedero
1178 2784 1293 2818 factas
1308 2782 1460 2827 benigne
1472 2794 1604 2818 mecum
1613 2794 1707 2818 com-

952 2843 1140 2877 municavit
1155 2840 1358 2877 Seebodius.
1385 2840 1486 2882 Quae
1504 2845 1560 2875 est
1574 2841 1610 2874 in
1620 2841 1706 2886 Epi-

953 2901 1054 2936 stolis
1081 2899 1262 2945 prioribus
1286 2898 1526 2944 discrepantia
1551 2898 1705 2943 scriptu—

951 2970 1013 2994 rae
1030 2969 1091 2993 suo
1108 2961 1270 3004 tempore
1285 2960 1520 3003 proponetur.

1286 3014 1339 3057 18
1362 3016 1425 3069 (1)
