2028 3268
378 244 458 286 192

950 246 1335 287 HoRATll
1866 251 1889 292 2

442 371 512 416 An
547 370 655 415 freta
686 371 842 413 vicinas
877 371 987 415 inter
1020 372 1228 415 currentia
1261 372 1389 415 turris

440 450 510 494 An
536 451 716 507 pingues
746 447 877 490 Asiae
913 451 1047 508 campi
1081 450 1294 507 collesque
1327 446 1576 493 morantur?
1864 451 1891 492 5

442 526 552 582 Quid
586 525 774 569 studiosa
807 525 959 569 cohors
996 540 1168 585 operum
1202 524 1354 572 struit?
1387 526 1468 570 hoc
1501 539 1661 584 quoque
1690 541 1806 571 curo.

375 656 455 690 707.
486 655 617 687 Moser.
639 653 683 685 ad
699 653 774 686 Cic.
792 652 834 686 de
854 653 940 698 Rep.
958 655 991 698 2,
1009 654 1041 690 4.
1073 667 1107 700 p.

375 711 454 745 211.
473 709 620 752 Forbig.
633 708 674 740 ad
688 709 782 752 Virg.
795 710 819 742 l.
833 710 856 742 l.
869 729 916 735 —-
928 721 1004 747 nos.
1018 711 1108 744 Edd.

374 767 465 801 Ven.
483 766 564 800 479.
582 765 638 800 81.
664 766 720 799 83.
742 783 787 789 ——
814 765 999 808 ebrusque.
1025 767 1109 801 Mss.

375 823 491 856 Guelf.
503 824 535 856 1.
547 825 580 858 2.
595 821 692 866 Lips.
705 833 793 854 omn.
803 820 941 858 Dess.2.
952 823 1108 860 Berol.2.

373 878 465 913 Edd.
486 878 622 920 Venet.,
641 888 725 922 quas
743 877 825 918 vidi,
852 889 985 919 omnes3
1001 879 1105 915 Loch.

374 935 471 979 Lips.
489 932 568 969 492.
586 933 665 966 Ald.
679 933 756 969 501.
775 934 895 967 Colon.
908 934 986 972 510.
1002 935 1112 968 Schu-

374 1002 444 1024 rer.
472 989 551 1024 514.
582 989 663 1023 Bas.
691 989 770 1023 517.
803 990 847 1024 al.
894 992 1109 1035 Hebrusque.

375 1046 526 1090 Cuning.
543 1046 671 1079 hebrus
688 1045 808 1078 omisso
824 1057 891 1089 que
908 1058 968 1080 ms,
993 1048 1112 1081 Guelf.

373 1104 409 1138 3.
429 1103 625 1139 Hebrusne.
657 1101 746 1135 Edd.
763 1103 871 1137 Fabr.
889 1102 968 1138 578.
1002 1104 1111 1137 Pulm.

375 1158 455 1193 581.
484 1178 530 1183 —
554 1158 677 1194 victus.
695 1158 763 1192 Ms.
781 1159 902 1193 Oberl.
917 1159 946 1192 C
971 1171 992 1192 a
1015 1163 1046 1195 1.
1069 1171 1112 1194 m.

376 1215 446 1249 Ed.
459 1216 546 1250 Ven.
569 1216 648 1249 520.

420 1272 464 1307 V.
481 1271 514 1305 4.
534 1273 629 1314 fcta.
649 1270 839 1304 Edd.Ven.
852 1272 932 1306 479.
950 1273 1005 1306 83.
1015 1273 1112 1307 Flor.

375 1326 456 1362 482.
494 1328 536 1361 In
562 1327 663 1360 simili
679 1331 797 1360 errato
814 1327 1034 1361 consentiunt
1050 1329 1114 1362 hae

378 1384 457 1418 edd.
477 1387 507 1426 1,
526 1386 559 1426 2,
581 1385 613 1417 1.
629 1403 676 1408 —
706 1395 839 1419 curres.
874 1384 942 1418 Ms.
960 1385 1062 1419 Dess.
1080 1387 1113 1420 2.

376 1446 488 1475 terres
520 1440 711 1484 (superscr.
742 1451 768 1473 u
808 1441 851 1473 ab
882 1441 948 1474 alia
979 1442 1114 1485 manu).

376 1497 463 1531 Mss.
487 1499 518 1530 1.
537 1501 573 1529 et
588 1498 621 1530 6.
641 1507 697 1540 ap.
722 1495 837 1530 Bentl.
864 1497 1113 1540 [Broukhusius

376 1553 414 1586 in
432 1551 631 1585 Graeviano
646 1558 763 1586 turres
783 1553 1017 1596 observavit}
1041 1558 1112 1586 ter-

376 1620 449 1642 ras.
467 1608 552 1642 Mss.
572 1610 602 1652 1,
621 1620 653 1643 a.
669 1609 702 1642 3.
721 1620 778 1653 ap.
799 1610 993 1653 Cruq.‚ms.
1009 1609 1113 1643 Sorb.

378 1675 434 1708 ap.
449 1664 596 1707 Valart.,
627 1664 727 1698 Dess.
747 1668 779 1699 1.
826 1665 882 1698 Ad
911 1664 999 1698 hanc
1028 1665 1113 1698 scri-

377 1725 502 1766 pturae
519 1720 780 1765 discrepantiam
800 1721 999 1754 Schmidius
1011 1747 1020 1764 ‚
1055 1722 1112 1764 qui

377 1777 479 1819 hujus
506 1776 640 1820 quidem
655 1776 834 1820 Epistolae
857 1789 912 1810 res
938 1777 982 1810 ad
1009 1777 1113 1810 crisin

378 1836 577 1876 spectantes
594 1832 769 1866 ordinavit
783 1834 959 1867 maximam
971 1837 1114 1878 partem,

379 1889 478 1922 addit
501 1889 649 1921 haecce:
671 1889 795 1931 „Hanc
812 1889 1018 1934 scripturam
1034 1900 1115 1922 con-

378 1950 435 1978 tra
460 1944 693 1978 testimonium
708 1945 976 1979 Scholiastarum
989 1971 997 1987 ,
1031 1956 1115 1989 quo-

378 2011 454 2033 rum
469 2000 585 2033 Acron
599 2006 716 2034 turres
731 2001 982 2045 interpretatur
991 2002 1117 2035 Seston

381 2061 416 2089 et
430 2057 591 2099 Abydon,
610 2056 806 2100 Porphyrio
822 2057 986 2102 intelligit
1002 2064 1118 2092 turres

379 2113 496 2145 Herus
519 2116 554 2145 et
578 2112 731 2146 Leandri
746 2114 803 2147 vel
818 2113 969 2158 ipsarum
986 2115 1119 2149 urbium

380 2175 516 2211 turreS‚
550 2174 622 2204 vet.
657 2170 913 2203 Commentator
930 2182 985 2215 ap.
1007 2171 1116 2216 Cruq.

382 2225 487 2257 urbes
522 2224 741 2270 Hellesponti
754 2252 763 2268 ⁷
798 2231 878 2271 post
909 2227 1117 2273 Rappoltum

382 2280 595 2323 (Comment.
612 2282 647 2314 in
662 2282 748 2314 Hor.
764 2282 858 2317 Satt.
873 2287 908 2316 et
930 2284 1022 2328 Epp.
1048 2290 1117 2318 etc.

383 2349 419 2382 p.
448 2336 514 2373 512
541 2339 615 2383 sq.)
652 2337 809 2372 defendit
848 2344 953 2383 atque
987 2341 1120 2385 recepit

383 2394 585 2437 Bentlejus,
613 2405 713 2438 quem
739 2396 850 2428 secuti
871 2401 952 2430 sunt
969 2397 1117 2440 Cuning.

383 2450 511 2483 Sanad.
525 2450 639 2484 Merv.
660 2451 738 2485 Val.
753 2451 902 2497 Philipp.
919 2453 1024 2486 Bask.
1038 2455 1118 2488 777.

385 2507 438 2540 ed.
448 2506 561 2540 Paris.
575 2507 653 2542 752.
674 2508 837 2542 Batteux.
855 2508 999 2552 Dorigh.
1013 2509 1118 2542 Daru-

383 2562 542 2596 Praedic.
565 2563 774 2608 Campenon.
809 2565 940 2598 Contra
957 2576 1032 2598 eum
1048 2564 1119 2598 dis-

389 2623 557 2663 putarunt
583 2620 730 2653 Ouwens
748 2621 873 2663 (Noct.
890 2622 982 2666 Hag.
1001 2622 1065 2664 ΙΙΙ,
1082 2623 1116 2656 6.

386 2687 422 2719 p.
445 2674 547 2718 402.)
583 2676 739 2710 Clericus
756 2677 923 2724 (Miscell.
950 2679 1044 2713 critt.
1062 2681 1116 2712 ed.

386 2730 560 2766 Friedem.
597 2736 632 2766 et
662 2733 814 2768 Seebod.
845 2735 873 2778 Ι,
906 2735 938 2768 3.
968 2747 1002 2779 p.
1021 2734 1116 2778 543),

394 2787 603 2831 Wetzelius,
648 2790 695 2824 W
693 2790 886 2834 alcefieldus
918 2790 981 2834 (ad
1009 2790 1118 2835 Soph.

389 2843 555 2878 Trachin.
569 2845 645 2880 274.
658 2845 757 2880 Tom.
767 2847 795 2880 I.
808 2859 844 2892 p.
854 2849 933 2883 220.
945 2847 997 2880 ed.
1006 2847 1117 2890 ΕΗΖ),

390 2899 638 2946 Haberfeldus‚
659 2902 751 2946 Fea,
778 2903 994 2939 Weichertus
1010 2903 1119 2947 (Ροδ-

1155 659 1223 690 tar.
1239 655 1320 689 Lat.
1338 655 1449 699 Reliq.
1476 667 1512 699 p.
1529 655 1610 690 378.
1632 656 1747 699 sqq.),
1779 656 1889 689 Obba—

1156 713 1231 745 rius
1255 711 1309 754 (in
1339 712 1488 744 Seebod.
1514 711 1646 744 Archiv
1669 712 1697 744 f.
1713 711 1837 746 Philol.
1853 722 1888 744 u.

1155 769 1308 812 Paedag.
1339 769 1440 804 1825.
1463 767 1510 801 II.
1537 779 1573 812 p.
1600 767 1712 811 460),
1744 767 1890 811 denique

1156 825 1232 868 ipse
1257 836 1321 868 ego
1342 824 1550 867 scripturam
1572 823 1748 867 vulgarem
1771 823 1890 856 defen-

1156 881 1300 914 dendam
1331 880 1466 923 suscepi
1493 880 1528 913 in
1556 879 1682 923 Progr.
1715 878 1889 912 Scholast.

1157 937 1380 970 Halberstad.
1408 937 1494 972 1826
1519 940 1555 969 et
1578 935 1612 968 in
1632 934 1794 968 Editione
1817 944 1892 967 mea

1157 993 1368 1037 Epistolar.,
1396 991 1577 1024 Strabonis
1596 991 1669 1024 loco
1682 1016 1691 1033 ‚
1723 990 1783 1035 qui
1802 991 1893 1023 infra

1156 1049 1190 1082 in
1221 1047 1482 1082 Commentariis
1518 1047 1700 1090 afferetur,
1731 1047 1766 1080 in
1796 1045 1893 1080 auxi-

1156 1106 1238 1139 lium
1254 1105 1418 1139 vocato.“
1465 1103 1531 1136 His
1553 1103 1653 1136 hodie
1669 1113 1893 1136 annumeran-

1158 1163 1221 1195 dus
1267 1164 1321 1194 est
1371 1161 1534 1195 Orellius.
1590 1159 1643 1192 De
1683 1158 1892 1192 editionibus

1158 1216 1440 1251 Baskervillianis
1457 1216 1521 1249 hoc
1533 1215 1798 1257 observandum,
1821 1214 1893 1259 pri-

1159 1285 1252 1307 orem
1267 1283 1298 1306 a.
1311 1273 1392 1307 762.
1410 1272 1536 1307 habere
1552 1283 1657 1316 saepe
1677 1271 1760 1305 alias
1775 1270 1894 1304 lectio-

1159 1339 1220 1363 nes
1245 1340 1285 1362 ac
1307 1327 1530 1373 posteriorem
1548 1339 1581 1361 a.
1609 1328 1688 1363 777.
1702 1352 1712 1369 ,
1736 1325 1798 1359 ubi
1813 1325 1894 1359 nihil

1159 1386 1307 1420 addatur
1320 1410 1330 1428 ,
1360 1388 1539 1429 utramque
1557 1383 1765 1417 consentire.

1205 1443 1249 1480 V.
1282 1442 1316 1476 5.
1360 1442 1435 1475 Aut
1470 1439 1576 1484 ping.
1610 1439 1677 1472 Ms.
1710 1437 1828 1472 Guelf.
1859 1439 1892 1472 1.

1159 1497 1329 1542 Exempla
1348 1495 1537 1541 particulae
1555 1506 1628 1527 cum
1647 1505 1696 1527 αη
1713 1498 1896 1528 commuta-

1159 1559 1218 1587 tae
1244 1553 1316 1586 vid.
1344 1563 1398 1596 ap.
1414 1551 1520 1585 Drak.
1538 1551 1594 1584 ad.
1613 1550 1692 1584 Liv.
1709 1551 1742 1594 5,
1758 1552 1792 1594 3,
1811 1551 1846 1585 7.
1859 1553 1896 1583 et

1160 1611 1206 1643 cf.
1224 1609 1340 1642 Hand.
1362 1607 1512 1641 Tursell.
1533 1607 1561 1639 I.
1581 1617 1614 1650 p.
1631 1607 1712 1642 360.
1728 1624 1776 1631 ·-
1791 1606 1895 1639 colles

1160 1666 1353 1709 campique.
1381 1664 1450 1697 Ms.
1461 1663 1579 1695 Guelf.
1589 1661 1622 1695 4.
1651 1663 1760 1696 Orell.
1771 1662 1823 1705 S.‚
1834 1662 1896 1696 sed

1159 1726 1361 1756 correctum.
1378 1739 1423 1744 -—-
1438 1724 1632 1752 morentur.
1658 1719 1744 1752 Mss.
1762 1717 1894 1752 Bersm.

1159 1778 1238 1820 duo,
1257 1778 1434 1820 Cruq.ms.
1448 1777 1480 1810 7.
1497 1776 1618 1809 Comb.
1634 1775 1676 1809 B.
1690 1775 1733 1811 F.
1752 1775 1847 1809 Feae
1862 1777 1894 1818 1,

1158 1836 1195 1868 b.
1212 1835 1244 1877 3,
1258 1845 1288 1871 a.
1300 1834 1332 1875 7,
1344 1833 1378 1866 b.
1395 1831 1515 1866 Jaeck.
1528 1831 1562 1866 5.
1580 1831 1680 1868 Dess,
1698 1831 1850 1867 2.Berol.
1861 1834 1894 1868 2.

1159 1891 1225 1924 Ed.
1252 1889 1362 1934 princ.
1391 1899 1446 1932 ap.
1469 1889 1533 1921 Fe.
1562 1888 1650 1921 Ven.
1667 1886 1746 1922 478.
1762 1889 1819 1922 79.
1839 1888 1894 1920 81.

1161 1948 1218 1982 83.
1236 1947 1292 1981 86.
1311 1947 1367 1980 90.
1383 1946 1439 1980 92.
1457 1945 1512 1978 98.
1531 1945 1611 1979 509.
1629 1945 1684 1979 20.
1701 1943 1798 1976 Flor.
1814 1942 1895 1978 482.

1161 2003 1268 2040 Loch.
1286 2001 1364 2035 498.
1385 2001 1482 2044 Lips.
1499 1999 1578 2035 492.
1595 2001 1652 2034 98.
1666 2001 1724 2034 99.
1741 1999 1821 2036 508.
1839 1999 1895 2034 10.

1163 2061 1219 2095 13.
1236 2057 1290 2092 14.
1319 2059 1373 2092 16.
1403 2058 1456 2091 19.
1483 2056 1562 2090 Ald.
1576 2057 1656 2091 501.
1676 2056 1710 2090 9.
1730 2057 1783 2090 19.
1799 2056 1896 2089 Junt.

1162 2115 1302 2150 503.14.
1312 2114 1392 2148 Asc.
1405 2113 1483 2146 511.
1498 2114 1550 2146 19.
1563 2112 1773 2147 Colon.510.
1787 2111 1896 2144 Schu-

1162 2182 1232 2204 rer.
1253 2170 1331 2205 514.
1349 2169 1487 2203 Erford.
1505 2170 1583 2204 517.
1601 2169 1680 2202 Bas.
1698 2170 1778 2203 517.
1797 2169 1896 2201 Glar.

1163 2227 1240 2262 533.
1258 2227 1314 2260 36.
1331 2224 1388 2260 43.
1420 2226 1564 2259 Vascos.
1581 2226 1661 2260 549.
1675 2224 1802 2259 Irenic.
1818 2223 1896 2258 567.

1164 2283 1272 2326 Cruq.

1209 2339 1251 2372 V.
1262 2338 1294 2371 6.
1318 2337 1448 2370 choors.
1465 2337 1533 2371 Ms.
1545 2337 1645 2370 Dess.
1661 2335 1814 2371 Lokors.
1828 2334 1895 2368 Ms.

1163 2393 1261 2439 Lips.
1275 2394 1524 2428 1.—instruit.
1543 2393 1608 2428 Ms.
1622 2394 1687 2428 Fe.
1705 2391 1899 2435 1,b.struit

1163 2461 1319 2493 operum.
1366 2449 1434 2483 Ms.
1459 2449 1614 2482 Badenii.
1661 2452 1794 2483 struat.
1827 2447 1898 2483 MS.

1164 2507 1271 2550 Cruq.
1305 2506 1336 2539 7.
1381 2505 1511 2541 Bersm.
1552 2517 1610 2539 un.
1646 2505 1756 2539 Dorv.
1795 2506 1829 2539 1.
1861 2505 1894 2539 2.

1161 2563 1262 2597 Dess.
1299 2565 1330 2596 1.
1375 2561 1472 2606 Lips.
1517 2563 1549 2596 1.
1597 2561 1705 2595 Orell.
1737 2561 1777 2594 S.
1813 2561 1896 2602 (su-

1162 2618 1316 2665 perscr.)
1337 2637 1384 2642 —
1402 2619 1488 2652 haec
1513 2629 1652 2662 quoque
1667 2628 1766 2651 curo.
1799 2615 1894 2659 „Ma

1160 2676 1246 2710 Bad.
1264 2676 1363 2709 Gott.
1383 2675 1416 2709 2.
1444 2681 1480 2708 et
1499 2675 1573 2708 sine
1589 2673 1692 2708 dubio
1708 2673 1769 2707 alii
1786 2672 1893 2714 multi,

1163 2744 1273 2777 eaque
1295 2731 1468 2776 scriptura
1489 2731 1543 2765 ita
1565 2730 1697 2764 invasit
1711 2729 1893 2771 editiones,

1163 2793 1202 2823 ut
1217 2800 1260 2822 ne
1276 2799 1375 2822 unam
1402 2788 1536 2833 quidem
1557 2791 1638 2822 ante
1661 2785 1895 2828 Bentlejanam

1163 2846 1328 2889 viderim,
1364 2845 1401 2878 in
1427 2857 1494 2890 qua
1520 2845 1584 2878 Ιιοο
1610 2843 1778 2888 scriptum·
1790 2845 1897 2876 esset.

1163 2902 1341 2946 Beutlejus
1356 2901 1481 2946 igitur,
1514 2901 1605 2946 quod
1620 2899 1742 2942 sciam,
1768 2897 1898 2944 primm
