2028 3268
189 241 244 282 69
301 240 673 280 COMMENTARII
702 242 756 278 ΙΝ
786 239 1007 279 HORATII
1033 238 1203 279 EPIST.
1230 238 1450 279 SECUND.
1477 240 1579 283 LIB.
1599 242 1631 278 1.
1662 235 1744 280 175

192 354 321 392 Νενηο
345 361 480 392 autem
503 353 673 392 sollicito
698 355 834 391 animo
846 353 1024 406 fruitur.
1086 353 1278 404 Adjicere
1305 352 1469 406 aliquid
1491 352 1574 390 illis
1596 353 1745 400 studet,

193 423 291 462 dum
312 423 361 461 de
386 424 628 461 incremento
655 423 818 475 cogitat.
859 421 927 463 ld.
954 422 1020 463 15.
1073 423 1168 461 Vita
1195 422 1321 460 stulta
1337 445 1394 452 —-
1410 429 1546 459 nostra
1577 421 1746 468 (licitur,

194 505 292 545 quo-9
323 505 439 530 coeca
474 491 676 542 cupiditas
704 492 748 528 in
783 491 995 537 nocitura,
1025 497 1127 528 certe
1158 504 1371 544 nunquam
1396 491 1597 528 satiatwra
1621 503 1747 541 prae-

193 560 356 612 cipitat:
388 558 534 612 quibus
553 560 591 597 si
610 559 712 611 quid
726 560 824 608 satis
848 572 928 597 esse
946 566 1099 610 posset,
1116 559 1270 610 suisset
1283 575 1295 597 .·
1327 560 1401 612 qai
1416 572 1497 596 non
1522 559 1747 611 cogitamus

193 642 318 681 quam
336 628 574 677 jac-undum
605 629 659 665 sit
690 627 798 665 nihil
817 641 980 679 poscere
990 656 1007 674 ,
1048 623 1173 679 quam
1203 628 1469 680 magnifieum
1497 628 1552 664 sit
1575 627 1747 679 plenam

194 710 291 744 esse,
322 710 395 735 nec
425 711 471 734 ex
487 696 664 749 fortuna
690 695 877 747 pendere.
921 694 982 734 Id.
1013 696 1055 735 2.
1103 695 1206 746 Quis
1231 698 1287 734 sit
1315 697 1553 735 divitiarum
1588 694 1747 740 modus,

194 765 386 818 quaeris?
424 767 609 811 Primus,
647 763 792 802 habere
823 763 936 816 quod
970 777 1122 802 necesse
1162 772 1241 803 est.-
1274 766 1484 817 proximus
1494 792 1510 809 ,
1549 763 1659 815 quod
1684 769 1750 801 sat

195 841 265 871 est.
300 833 360 872 Id.
383 834 479 876 108.
509 834 553 871 Is
578 834 740 870 minime
758 840 844 885 eget
869 832 1070 879 mortalis,
1099 833 1172 884 qai
1196 834 1409 872 minimum
1439 833 1564 883 cupit.
1634 830 1752 882 Quod

194 902 287 941 vult
304 901 442 948 habet,
471 903 541 954 qui
560 901 678 948 velle,
707 901 818 954 quod
842 901 943 938 satis
961 907 1036 947 est,
1059 909 1202 952 potest.
1266 903 1326 941 Cf.
1350 903 1416 944 16.
1435 908 1475 939 et
1503 900 1585 938 Cic.
1606 897 1748 938 Parad.

196 972 237 1020 6,
267 972 305 1020 1,
339 969 407 1011 42.
435 970 687 1008 Democritus
715 983 780 1023 ap.
809 970 931 1009 Orell.
959 971 993 1007 Ι.
1025 983 1066 1021 p.
1101 967 1198 1011 124.
1224 972 1272 1011 N.
1310 971 1405 1012 162.
1433 968 1478 1010 ‘O
1500 965 1600 1009 κατοῖ
1622 966 1750 1020 φύσιν

195 1041 369 1087 πλοῦτος
400 1035 506 1094 ἄρτῳ
530 1037 598 1079 καὶ
621 1035 740 1079 ὕδατι
769 1038 837 1079 καὶ
860 1040 914 1095 τῇ
935 1033 1110 1093 τυχούσῃ
1130 1041 1204 1078 τοῦ
1225 1034 1406 1091 σώματος
1438 1036 1564 1093 σκέπῃ
1598 1048 1750 1089 συμπε-

193 1106 423 1162 πλήρωται·
465 1106 490 1149 o‘
519 1105 564 1148 δὲ
594 1105 774 1161 περιττὸς
807 1105 907 1148 κατὰ
944 1103 1084 1159 ψυχήν
1119 1101 1347 1161 ἆπὲραντον
1378 1105 1456 1158 ἔχει
1486 1104 1554 1146 καὶ
1581 1102 1648 1146 τὸν
1678 1106 1750 1156 τῆς

194 1172 415 1228 ’ἐπιθυμίας
444 1171 641 1229 βάσανον.
676 1176 819 1215 Simile
845 1183 905 1215 est
931 1174 1035 1214 illud
1059 1176 1312 1229 praeclarum
1347 1175 1465 1213 Pauli
1489 1173 1541 1213 ad
1568 1171 1748 1212 Timoth.

197 1245 237 1293 1,
260 1244 300 1293 6,
323 1243 366 1283 8.

307 1313 354 1352 V.
384 1309 455 1352 47.
478 1309 552 1354 48.
585 1311 884 1351 Sententiarum
929 1312 1049 1352 ordo:
1090 1313 1184 1363 ‚,Si‚
1233 1310 1343 1366 quod
1373 1311 1608 1350 necessariis
1646 1311 1749 1350 vitae
1778 1343 1783 1354 χ

195 1380 334 1419 usibus
354 1379 565 1418 commode
589 1380 749 1429 sufficit,
770 1382 844 1419 tibi
861 1382 982 1420 fuerit
1001 1381 1154 1432 datum,
1181 1380 1280 1435 quid
1300 1381 1456 1432 expetis
1474 1381 1593 1430 ultra,
1623 1392 1752 1433 quum

194 1449 283 1501 ipsa
321 1447 552 1486 divitiarum
588 1449 812 1501 amplitudo
851 1463 985 1503 neque
1023 1465 1077 1489 ex
1111 1464 1273 1502 corpore
1312 1449 1499 1488 morbum
1530 1461 1662 1501 neque
1698 1461 1751 1485 ex

195 1518 331 1556 animo
352 1516 647 1568 aegritudinem
678 1517 880 1570 depellere
901 1517 1056 1571 possit?
1084 1520 1274 1556 Attamen
1297 1524 1336 1555 et
1360 1531 1524 1569 corpore
1547 1523 1587 1554 et
1617 1517 1751 1554 animo

192 1586 327 1623 valere
353 1583 471 1644 debet
491 1587 538 1635 is,
570 1587 639 1638 qui
658 1588 718 1623 uti
741 1593 780 1624 et
798 1588 878 1625 frui
902 1588 991 1625 vult
1010 1601 1052 1625 re
1077 1589 1190 1625 sua.“
1249 1588 1297 1623 In
1324 1599 1404 1639 qua
1424 1599 1471 1623 re·
1490 1582 1750 1636 significanda

193 1665 315 1706 quam
334 1660 426 1706 apte
444 1652 711 1705 respondeant
730 1655 888 1706 singula
907 1657 970 1705 iis,
995 1668 1098 1708 quae
1119 1656 1173 1694 V.
1193 1652 1261 1694 44.
1281 1652 1357 1695 45..
1375 1652 1494 1703 dixit,
1524 1667 1650 1691 nemo
1668 1666 1748 1691 non

191 1721 315 1760 videt.
373 1719 557 1759 Eandem
579 1721 664 1758 fere
680 1724 922 1760 sententiam
940 1724 1139 1776 expressit
1158 1722 1233 1761 od.
1256 1723 1298 1772 3,
1323 1724 1360 1772 1,
1384 1721 1438 1763 41
1457 1734 1512 1760 ss.
1539 1721 1601 1758 Cf.
1628 1721 1750 1758 etiam

190 1789 267 1829 0d.
287 1792 329 1839 2,
356 1791 423 1838 16,
454 1788 494 1828 9.
526 1788 566 1838 3,
599 1787 668 1838 24,
697 1791 724 1830 7
745 1802 802 1828 ss.
828 1791 918 1829 Sat.
935 1793 972 1841 1,
1008 1792 1047 1840 1,
1078 1791 1135 1832 80
1159 1804 1213 1832 ss,
1241 1793 1282 1840 2,
1303 1791 1344 1840 3,
1373 1791 1467 1831 109.
1498 1790 1629 1842 Epist.
1650 1790 1690 1838 2,
1709 1790 1749 1838 2,

193 1858 274 1900 195
301 1872 355 1899 ss,
411 1859 551 1909 Neque
574 1855 780 1896 dissimilis
803 1865 863 1896 est
882 1860 1045 1912 elegans
1064 1859 1254 1898 Varronis
1273 1859 1399 1908 locus,
1423 1871 1547 1911 quem
1574 1871 1627 1895 ex
1643 1858 1751 1895 Bur-

191 1927 333 1964 manni
359 1932 496 1963 mente
527 1925 579 1963 ad
605 1923 730 1963 Anth.
761 1927 832 1964 lat.
861 1929 914 1967 T.
943 1931 975 1966 1.
1008 1942 1048 1980 p.
1075 1929 1173 1969 512.
1232 1928 1420 1965 Horatius
1446 1927 1628 1963 imitatus
1665 1932 1749 1963 est:

192 1994 291 2032 Non
304 1993 364 2042 fit
390 1993 609 2038 thesauris,
639 2007 720 2031 non
747 2008 847 2033 auro
862 1996 999 2047 pec-tu?
1028 1996 1218 2034 solutum.
1280 1995 1378 2032 Non
1408 1996 1558 2032 animis
1586 1995 1754 2033 demunt

194 2075 314 2100 curas
351 2075 407 2098 ae
442 2061 668 2112 relligiones
698 2062 916 2100 Persarum
955 2071 1131 2109 montes,
1174 2077 1255 2100 non
1283 2064 1392 2100 atria
1429 2062 1561 2100 divit?
1598 2063 1745 2100 Cras-si.

191 2128 397 2170 Plutarch.
426 2127 476 2166 de
504 2130 658 2180 Tranq.
695 2130 819 2168 anim.
843 2132 930 2170 VII.
961 2145 1003 2183 p.
1027 2131 1124 2171 821.
1170 2127 1261 2170 οὔτε
1283 2125 1488 2184 ποδάγρας
1513 2126 1751 2171 ἐπαλλάττει

192 2198 394 2247 καλτίκιος
425 2192 671 2249 (κᾶλτιοςῖ),
710 2194 803 2238 οὔτε
843 2193 1052 2244 δακτύλιος
1087 2195 1306 2250 πολυτελὴς
1338 2198 1607 2250 παρωνυχίας,
1656 2193 1751 2238 οὐδὲ

195 2261 376 2319 διάδημα
405 2266 686 2318 κεφαλαλγίας.
721 2266 882 2304 Lucret.
908 2269 948 2314 2,
975 2262 1031 2306 34
1048 2277 1101 2301 ss·
1140 2265 1236 2302 Tib.
1269 2264 1309 2313 3,
1340 2265 1380 2314 3,
1402 2266 1485 2314 21„
1512 2278 1613 2318 quos
1639 2266 1750 2304 locos

194 2336 415 2374 Lambinus
434 2334 594 2384 laudat3
626 2337 721 2375 Juv.
744 2332 810 2383 14,
837 2333 918 2374 156
944 2345 998 2372 SS.
1015 2332 1153 2384 ibique
1174 2334 1341 2384 Rupert.
1362 2356 1412 2360 —

305 2406 354 2444 V.
384 2403 452 2446 49.
482 2403 550 2444 50.
596 2403 742 2441 Valeat
760 2404 907 2439 —uti.
962 2399 1157 2440 Valenti.
1188 2414 1224 2440 e.
1254 2414 1418 2453 corpore
1451 2408 1491 2439 et
1510 2401 1658 2450 animo,
1689 2408 1747 2450 ut,

194 2470 303 2523 quod
321 2470 371 2509 de
389 2484 432 2509 se
458 2472 546 2523 ipso
571 2469 669 2508 dicit
691 2469 766 2508 Od.
790 2470 828 2518 1,
851 2469 920 2518 31,
948 2469 1013 2509 17.
1030 2468 1128 2520 frui
1139 2470 1299 2519 paratis
1316 2470 1461 2519 possit.
1522 2470 1662 2507 Animi
1680 2483 1748 2508 sa-

193 2538 299 2576 nitas
326 2539 571 2589 significatur
602 2553 640 2577 v.
670 2539 738 2579 51.
761 2543 800 2575 et
829 2549 942 2588 seqq.
973 2536 1147 2574 Sensum
1176 2538 1233 2574 ita
1258 2537 1434 2589 planum.
1458 2550 1546 2575 non-
1570 2539 1748 2591 percepit

200 2604 386 2652 Gladius,
415 2619 541 2659 quum
565 2613 760 2647 verteret:
794 2606 964 2655 „Davon
989 2618 1100 2643 muss
1128 2604 1199 2642 der
1228 2606 1375 2656 jetzige
1403 2607 1507 2644 Here
1528 2607 1590 2657 ja,
1627 2619 1749 2644 wann

195 2688 239 2711 er
261 2671 396 2723 denkt,
424 2687 510 2713 111111
534 2683 615 2715 erst
638 2674 709 2714 des
743 2673 1035 2726 gesammelten
1060 2674 1161 2712 Guts
1187 2687 1240 2713 zu
1267 2675 1529 2725 genieoeenst‘>
1557 2674 1748 2727 Compor-

194 2742 289 2778 tatis
307 2740 402 2778 bene
419 2743 497 2789 uti,
517 2748 601 2792 τοῖς
618 2745 924 2797 συγκομισθεῖσι
942 2745 1120 2793 καρποῖς·
1139 2736 1187 2782 εὖ
1202 2744 1393 2794 χρῆσθαι,
1419 2743 1449 2781 i.
1471 2757 1506 2781 e.
1528 2744 1646 2782 rebus
1664 2757 1746 2782 11011

193 2810 328 2847 solum
350 2811 551 2861 sapienter
579 2813 651 2861 uti,
682 2824 825 2850 verum
852 2811 973 2847 etiam
996 2810 1052 2848 iis
1073 2817 1314 2848 contentum
1334 2823 1420 2848 esse
1445 2824 1491 2848 ac
1515 2825 1597 2849 non
1621 2825 1746 2865 quae-

193 2891 279 2915 rere
306 2879 521 2929 ampliores
556 2880 831 2931 majoresque3
870 2877 972 2915 haec
1004 2884 1064 2915 est
1095 2878 1205 2916 enim
1242 2879 1286 2916 in
1318 2879 1390 2916 tali
1425 2892 1466 2916 re
1494 2882 1605 2918 notio
1634 2882 1745 2918 verbi

191 2949 370 2999 χρῆσθαι
399 2952 438 2984 et
462 2947 548 2994 ταί,-
579 2946 628 2987 of.
650 2948 696 2985 P.
714 2949 862 2986 Victor.
884 2947 996 2984 Lect.
1016 2946 1086 2995 30,
1115 2946 1180 2986 11.
1239 2946 1477 3001 ceteroquin
1502 2949 1544 2986 ἰ11
1574 2962 1611 2987 v.
1637 2962 1745 2986 com-
