2028 3268
783 1095 1587 1170 HORATII

627 1255 921 1302 LIBRI
987 1257 1021 1302 1.

1120 1252 1644 1302 EPISTULA
1701 1254 1755 1299 V.

943 1386 1012 1421 AD
1057 1385 1450 1427 TORQUATUM.

506 1668 579 1741 Si
607 1697 727 1754 potes
760 1694 982 1741 Archiacis
1015 1697 1194 1742 conviva
1221 1697 1464 1742 recumbere
1491 1697 1611 1741 lectis

486 1826 542 1860 Ad
575 1826 809 1869 Torquatum.
871 1826 959 1860 Mss.
995 1825 1096 1861 Dess.
1137 1826 1173 1861 2.

440 1883 537 1929 Lips.
560 1884 591 1918 3.
624 1883 757 1917 Graev.
787 1882 879 1917 Edd.
904 1882 994 1915 Ven.
1016 1882 1097 1917 483.
1116 1881 1172 1917 86.

440 1942 499 1976 92.
517 1940 615 1974 Flor.
631 1940 711 1976 482.
742 1938 852 1972 Loch.
870 1937 949 1974 498.
979 1937 1077 1982 Lips.
1095 1935 1173 1971 492.

441 1996 499 2030 98.
525 1996 606 2029 Bas.
633 1994 713 2029 531.
741 1995 797 2030 55.
841 1995 921 2028 Ald.
956 1992 1175 2028 Britannicus

441 2051 553 2095 (Ven.
579 2050 681 2094 520.)
706 2050 909 2095 praeponit:
944 2052 985 2094 Q.
1003 2049 1177 2083 Horatius

443 2108 596 2142 Flaccus
620 2108 689 2141 ad.
702 2131 711 2141 .
727 2132 736 2140 .
775 2107 832 2140 Ad
852 2106 1076 2150 Torquatum
1098 2116 1178 2139 ora-

440 2169 562 2198 torem.
599 2164 668 2198 Ms.
684 2163 783 2208 Lips.
798 2166 830 2200 2.
871 2163 928 2196 Ad
955 2163 1178 2206 Torquatum

441 2220 702 2255 tenacissimum
741 2219 869 2253 virum.
914 2219 981 2254 Ms.
1013 2220 1114 2252 Gott.
1145 2219 1178 2253 2.

441 2277 534 2312 Edd.
549 2277 635 2313 Ven.
649 2276 730 2312 479.
745 2277 801 2311 81.
818 2294 863 2301 -
877 2276 919 2313 V.
937 2277 969 2310 1.
990 2275 1180 2310 Archiae-1¹⁸.

442 2333 530 2369 Mss.
563 2332 683 2366 Lamb.
712 2343 826 2376 omn.,
857 2336 898 2366 ut
920 2331 1016 2375 vid.,
1042 2335 1182 2376 praeter

443 2389 525 2423 duo.
556 2389 664 2424 Pulm.
684 2391 715 2426 1.
734 2389 766 2424 2.
782 2389 816 2423 3.
828 2388 863 2422 4.
881 2390 936 2424 10.
967 2388 1072 2422 Torr.
1090 2387 1180 2432 plur.

444 2445 596 2489 quinque
623 2457 682 2490 ap.
709 2444 841 2478 Bersm.
865 2444 911 2478 al.
939 2455 995 2490 ap.
1011 2443 1128 2477 Bentl.
1145 2447 1183 2476 et

445 2501 570 2535 Comb.
595 2500 640 2535 A.
659 2501 702 2534 C.
728 2501 771 2534 D.
787 2500 830 2534 F.
849 2501 894 2536 G.
921 2505 1053 2545 septem
1075 2502 1113 2532 et
1128 2498 1183 2532 vi-

445 2557 533 2601 gint.
559 2568 617 2601 ap.
635 2557 713 2591 Val.
729 2556 838 2592 Gesn.
857 2555 922 2599 [1.]
949 2557 981 2594 3.
1012 2555 1108 2590 Altd.
1126 2566 1182 2600 ap.

445 2612 591 2646 Haberf.
628 2612 748 2648 Oberl.
780 2613 825 2646 D.
859 2612 955 2646 Pott.
995 2617 1033 2646 et
1059 2611 1181 2646 Jaeck.

448 2679 558 2711 omn.,
588 2672 630 2702 ut
662 2668 731 2703 vid.
765 2668 850 2704 Bad.
882 2670 914 2703 1.
952 2668 1099 2712 triginta
1129 2678 1185 2711 ap.

448 2724 685 2760 Feam.0rell.
703 2724 792 2758 bSc.
810 2724 927 2760 Guelf.
946 2726 978 2759 1.
991 2725 1024 2758 2.
1042 2724 1144 2757 Dess.
1157 2724 1188 2757 1.

450 2781 485 2816 2.
501 2779 599 2823 Lips.
618 2782 647 2816 1.
665 2780 899 2818 2.3.Mente1.
917 2779 1058 2814 Corbei.
1075 2779 1184 2812 Dorv.

451 2838 486 2873 1.
503 2838 536 2872 2.
551 2836 666 2870 Berol.
677 2837 708 2870 1.
719 2835 827 2869 Goth.
843 2836 944 2871 Gott.
958 2838 990 2873 1.
1006 2835 1094 2871 Edd.
1105 2835 1185 2869 Ald.

451 2892 530 2964 ⁵09.
558 2893 614 2927 19.
639 2891 726 2926 Ven.
744 2892 823 2928 520.
851 2892 934 2928 Bas.
951 2891 1032 2930 520.
1048 2893 1104 2928 31.
1127 2891 1185 2927 55.

1219 1825 1315 1859 Glar.
1348 1826 1486 1871 Gryph.
1520 1825 1663 1861 Vascos.
1691 1824 1818 1859 Irenic.
1843 1823 1950 1858 Pulm.

1218 1881 1360 1915 Fabric.
1377 1883 1455 1917 578.
1475 1882 1556 1924 (sed
1572 1882 1608 1915 in
1629 1882 1803 1926 Castigat.
1819 1893 1854 1926 p.
1874 1879 1951 1916 134.

1218 1938 1325 1971 habet
1347 1938 1542 1981 Archaicis)
1568 1938 1648 1972 Asc.
1663 1937 1732 1973 543
1754 1938 1866 1980 (teste
1881 1937 1954 1970 Ou-

1220 1994 1332 2036 dino).
1344 1994 1434 2028 Rob.
1444 1993 1567 2039 Steph.
1580 1994 1710 2028 Biedm.
1723 1993 1834 2040 [599.]
1850 1994 1953 2027 Baxt.

1220 2050 1349 2093 Bentl„
1367 2049 1424 2094 qui
1439 2050 1611 2093 defendit,
1639 2051 1756 2095 (cujus
1771 2053 1887 2083 tamen
1901 2059 1958 2082 ar-

1222 2109 1385 2151 gumenta
1401 2116 1469 2139 non
1488 2108 1531 2141 ab
1557 2107 1645 2141 omni
1661 2110 1762 2153 parte
1778 2117 1863 2140 vera
1879 2115 1956 2139 esse

1223 2162 1343 2196 docuit
1371 2162 1535 2197 ominus
1557 2163 1593 2197 in
1614 2163 1716 2199 Misc.
1744 2163 1850 2196 obss.
1871 2171 1954 2194 nov.

1225 2218 1269 2252 V.
1281 2231 1317 2263 p.
1343 2217 1536 2263 427—32.)
1563 2223 1600 2254 et
1618 2221 1714 2254 mult.
1731 2220 1776 2254 al.
1791 2217 1868 2252 edd.
1883 2220 1957 2250 tum

1224 2278 1315 2308 vett.
1327 2278 1399 2309 tum
1414 2276 1614 2319 recentior„
1642 2287 1728 2321 quas
1742 2275 1859 2309 laudat
1869 2274 1956 2316 Fea,

1226 2330 1286 2375 qui
1311 2334 1349 2364 et
1372 2330 1447 2376 ipse
1469 2332 1604 2378 recepit
1626 2336 1663 2366 et
1687 2334 1771 2377 post
1793 2340 1869 2363 eum
1880 2329 1957 2362 fere

1224 2398 1365 2427 omnes;
1394 2390 1538 2433 approb.
1571 2388 1729 2422 Turneb.
1750 2387 1789 2420 in
1818 2385 1907 2420 Adv.
1924 2386 1956 2427 1,

1226 2444 1280 2478 18.
1296 2443 1468 2477 Kusterus
1483 2444 1519 2477 in
1534 2444 1627 2478 Hist.
1639 2444 1748 2479 Acad.
1763 2442 1876 2477 Inscr.
1891 2441 1958 2476 ΠΙ.

1224 2511 1260 2544 p.
1279 2500 1357 2533 131.
1381 2510 1459 2544 sqq.
1490 2500 1546 2533 ed.
1571 2499 1609 2533 in
1623 2498 1657 2535 4.
1686 2500 1740 2534 De
1758 2496 1958 2534 testimonio

1224 2555 1491 2589 Scholiastarum
1521 2556 1594 2590 vid.
1626 2556 1729 2591 infra.
1777 2553 1959 2590 archaia-ia.

1227 2612 1314 2648 Mss.
1346 2612 1467 2646 Lamb.
1492 2614 1582 2657 duo,
1610 2613 1647 2646 in
1672 2623 1740 2646 uno
1767 2620 1961 2657 superscr.;

1226 2679 1283 2704 un.
1298 2668 1408 2703 Pulm.
1426 2671 1459 2704 7.
1489 2668 1605 2702 Schol.
1623 2669 1728 2712 Cruq.
1745 2668 1781 2701 in
1792 2668 1959 2708 lemmate,

1225 2724 1286 2757 sed
1302 2724 1344 2757 de
1357 2725 1527 2759 Archaico
1542 2726 1642 2759 fabro
1668 2722 1839 2767 loquitur,
1870 2720 1961 2766 quod

1224 2781 1316 2814 idem
1331 2781 1465 2814 faciunt
1477 2780 1666 2826 complures
1682 2779 1759 2822 alii,
1775 2780 1814 2811 ut
1827 2777 1961 2811 Ascen-

1228 2835 1352 2870 sinsin
1369 2837 1424 2872 ed.
1440 2838 1543 2879 519.;
1573 2837 1681 2881 Cruq.
1705 2845 1793 2871 omn.
1821 2836 1964 2880 praeter

1228 2892 1428 2928 Tonsanum
1452 2894 1512 2938 (7)
1525 2919 1535 2938 ,
1568 2893 1628 2939 qui
1648 2890 1822 2927 Archam's
1844 2890 1961 2934 habet,
