2028 3268
409 220 493 262 322
558 209 932 262 οοΜΜΕΝΤἈΒΠ
959 221 1017 260 ΙΝ
1042 217 1262 259 nomn-11
1288 218 1434 261 Lini
1454 219 1784 261 EP1sT.sEx'1·.
1867 221 1925 263 50

411 366 466 373 —
493 344 538 383 V.
563 345 632 384 37.
687 345 744 381 Et
765 357 904 394 genus.
961 342 1094 379 Senec.
1121 341 1244 391 Epist.
1276 342 1369 382 115.
1433 342 1586 394 Ubique
1613 343 1716 380 tanti
1741 343 1923 394 quisque,

412 419 605 462 quantum
635 410 793 455 habuit,
816 410 920 460 suit.
974 409 1103 458 Eurip.
1132 407 1275 445 Phoen.
1298 406 1394 447 449.
1422 405 1470 447 vn?
1487 405 1650 462 χρήματ’
1669 405 1924 462 ἀνθρώποισι

410 475 632 530 τιμιώτατα,
661 474 832 527 δύναμίν
857 490 898 515 τε
925 476 1111 525 πλείστην
1136 476 1217 513 τῶν
1245 473 1287 514 ἐν
1312 469 1546 527 ἄνθρώποιρ
1572 474 1647 527 ἔχει
1663 499 1713 504 -
1729 496 1784 505 --
1799 474 1926 526 πένης

410 543 485 598 γοῖρ
517 541 633 584 ου’δὲν
663 538 828 595 εὐγενής
859 538 975 593 οἷνήρ.
1034 542 1094 580 Cf.
1125 546 1253 579 annot.
1283 543 1332 578 ad
1361 544 1399 590 1,
1430 543 1469 590 1,
1498 541 1564 581 59.
1596 563 1647 571 —
1676 544 1815 593 regina
1843 543 1926 580 Pe-

412 614 544 650 cunia.
604 610 664 647 lta
683 610 856 660 Sympos.
879 608 1050 659 Aenigm.
1067 608 1134 649 89.
1201 610 1320 645 Terra
1336 608 1414 658 fui
1432 609 1564 658 primo
1585 607 1743 646 latebris
1761 609 1924 647 abscon-

412 679 495 715 dita
524 684 650 712 terrae
658 690 675 723 ,-
704 677 829 713 ,Νιιηο
857 676 974 713 aliud
994 689 1160 726 regnum
1177 676 1375 724 flammae
1400 687 1614 724 nomenque
1632 675 1836 721 dederunt,
1861 676 1926 714 ubi

412 747 486 782 vid.
516 744 692 781 Wernsd.
722 742 784 780 VI.
814 756 852 793 p.
884 742 977 782 565.
1034 742 1177 780 Eadem
1215 744 1294 780 sere
1333 742 1518 780 sententia
1553 738 1733 794 χρήματα
1759 742 1928 780 Hesiodo

413 814 488 862 Op.
519 815 557 848 et
588 810 638 848 D.
669 811 763 850 686.
789 813 876 846 sunt
903 806 1015 860 ψυχή
1048 809 1210 850 δειλοῖσι
1238 810 1427 861 βροτοῖσι.
1483 808 1575 846 Inde
1605 809 1728 859 Epist.
1762 810 1809 857 1,
1858 809 1928 857 10,

414 879 482 919 47.
540 877 717 927 Imperat
743 882 816 912 aut
842 876 962 912 servit
989 875 1151 914 collecta
1172 878 1347 927 pecunia
1374 876 1513 925 cuique
1540 879 1580 913 et
1605 875 1687 912 Sat.
1717 876 1766 923 2,
1793 874 1846 923 3,
1874 871 1931 914 94

414 959 499 996 sqq.
529 946 654 982 omnis
684 944 787 980 enim
814 955 874 978 res
885 969 902 987 ,
947 942 1109 992 Virtus,
1134 943 1280 994 sama,
1320 942 1437 980 decus
1449 970 1466 988 ,
1509 942 1649 980 divina
1676 940 1932 990 humanaque

408 1013 591 1064 pulchris
619 1010 785 1049 Divitiis
809 1016 959 1059 parent
996 1013 1067 1047 etc.
1098 1012 1147 1048 ad
1186 1021 1296 1060 quem
1331 1010 1404 1047 loc.
1434 1011 1509 1047 vid.
1536 1007 1711 1047 Lambin.
1767 1008 1828 1046 De
1856 1006 1934 1044 dea

415 1080 613 1124 Pecunia,
631 1091 727 1127 quae
741 1089 810 1126 per
822 1078 949 1126 jocum
963 1076 1022 1113 vel
1034 1077 1190 1114 ironiam
1206 1077 1411 1125 dicebatur,
1430 1076 1534 1114 locos
1549 1074 1752 1113 attulerunt
1764 1073 1932 1111 Schmid.

416 1152 455 1185 et
475 1146 608 1194 Orell.,
637 1147 685 1182 de
713 1147 795 1181 tota
823 1148 948 1181 autem
975 1145 1161 1182 sententia
1190 1145 1238 1182 cf.
1258 1143 1431 1182 Lambin.
1453 1144 1502 1180 ad
1521 1142 1596 1180 Od.
1613 1143 1655 1191 3,
1683 1142 1749 1190 16,
1781 1142 1855 1181 1-
1865 1140 1931 1179 16.

414 1214 554 1251 Muret.
581 1213 630 1249 ad
658 1210 774 1248 Arist.
804 1209 928 1247 Ethic.
961 1212 1000 1258 1,
1031 1209 1071 1250 4.
1100 1224 1139 1260 p.
1166 1212 1258 1251 167.
1290 1215 1328 1248 et
1354 1211 1402 1246 ad
1421 1208 1578 1246 Rhetor.
1608 1210 1646 1250 2.
1675 1206 1743 1244 ΙΙΙ.
1773 1219 1812 1256 p.
1833 1206 1931 1245 767.

418 1282 524 1318 Cort.
555 1280 603 1317 ad
639 1277 729 1316 Sall.
761 1277 845 1314 Cat.
878 1278 950 1325 12,
1001 1278 1037 1316 1.
1095 1276 1204 1314 Stob.
1234 1276 1355 1314 Serm.
1383 1275 1587 1313 LXXXIX.
1645 1274 1778 1311 Senec.
1807 1273 1931 1323 Epist.

420 1347 514 1388 115.
573 1346 751 1383 Ceterum
786 1345 925 1393 regina
953 1343 1046 1380 Pee.
1084 1344 1218 1381 dicitur
1254 1346 1296 1380 ut
1332 1356 1392 1393 ap.
1429 1343 1509 1380 Cic.
1541 1342 1590 1379 de
1625 1341 1735 1379 Orat.
1765 1342 1815 1390 2,
1861 1336 1932 1379 44.

418 1415 594 1451 omnium
620 1413 760 1464 regina
787 1423 919 1447 rerum
945 1410 1082 1449 oratio.
1139 1409 1263 1459 Atque
1296 1408 1396 1447 haud
1433 1409 1511 1447 scio
1547 1421 1596 1446 an
1621 1405 1829 1457 Horatium·
1845 1407 1934 1442 ante

419 1480 549 1518 oculos
582 1479 753 1517 habuerit
779 1477 951 1514 Boileau
980 1475 1098 1527 (Sat.)
1132 1477 1172 1514 in
1207 1476 1402 1524 versibus,
1450 1488 1546 1525 quos
1579 1473 1651 1512 huc
1679 1470 1938 1521 transscripsit

419 1548 564 1585 Daru:
602 1547 856 1597 „Quiconque
884 1547 944 1581 est
970 1542 1093 1591 riche,
1131 1547 1190 1580 est
1216 1546 1313 1581 tout.
1371 1543 1470 1580 Sans
1499 1552 1654 1591 sagesse
1679 1539 1707 1576 il
1736 1542 1797 1577 est
1824 1549 1934 1587 sage:

421 1615 451 1652 Il
475 1627 512 1662 a,
542 1626 631 1650 sans
659 1613 740 1650 rien
762 1612 899 1660 savoir,
931 1610 967 1647 la
996 1611 1143 1648 science
1175 1623 1222 1647 en
1241 1614 1419 1659 partage:
1449 1607 1480 1646 Il
1508 1621 1530 1645 a
1557 1607 1716 1656 l'esprit,
1745 1605 1780 1642 le
1809 1616 1936 1654 coeur,

421 1682 458 1719 le
488 1681 635 1728 me'rite,
667 1678 703 1715 le
732 1691 845 1727 rang:
873 1676 933 1714 La
961 1680 1082 1724 vertu,
1111 1676 1149 1712 la
1173 1676 1315 1724 valeur,
1347 1675 1385 1712 la
1413 1674 1580 1723 dignite',
1609 1673 1645 1710 le
1675 1685 1788 1722 sang:
1817 1671 1847 1709 Il
1878 1674 1939 1708 est

422 1747 523 1785 aime'
552 1747 620 1783 des
650 1745 813 1793 grands,
860 1743 886 1780 il
920 1747 979 1780 est
1008 1743 1107 1780 che'ri
1139 1743 1206 1779 des
1239 1742 1380 1787 belles;
1428 1740 1568 1778 Jamais
1598 1739 1858 1777 surintendant
1888 1749 1938 1775 ne

422 1818 555 1851 trouva
582 1812 650 1848 des
666 1809 834 1847 cruelles.
890 1808 984 1846 L'or
997 1807 1118 1847 meme
1137 1809 1158 1847 a
1177 1809 1213 1846 la
1229 1809 1370 1846 laideur
1389 1808 1513 1844 donne
1530 1818 1582 1844 un
1600 1807 1696 1844 teint
1714 1807 1762 1844 de
1784 1803 1939 1842 beaute':

424 1879 522 1917 Mais
550 1879 632 1914 tout
660 1877 810 1914 devient
837 1875 979 1913 affreux
1008 1888 1099 1913 avec
1131 1875 1168 1912 la
1195 1874 1422 1926 pauvrete'f‘

536 1944 582 1981 V.
613 1944 682 1983 38.
739 1941 808 1978 Ac
836 1940 930 1978 bene
957 1963 1006 1969 -—
1043 1942 1265 1992 Venusque.
1324 1941 1430 1990 „Qui
1456 1940 1562 1977 dives
1591 1941 1670 1988 est,
1707 1937 1749 1976 in
1776 1937 1856 1988 ejus
1883 1935 1940 1975 la-

427 2013 506 2050 bris
537 2010 644 2060 quasi
675 2009 827 2046 sessitat
851 2008 978 2045 Suada
1006 2020 1186 2058 eumque,
1235 2012 1278 2045 ut
1313 2019 1451 2044 venere
1487 2005 1675 2056 gratiosus
1711 2004 1784 2053 sit,
1833 2007 1943 2041 ornat

428 2077 600 2117 Venus.“
653 2076 712 2113 Ex
742 2076 875 2112 eodem
902 2075 1007 2111 fonte
1027 2074 1263 2124 promanavit
1290 2074 1477 2112 sententia
1501 2072 1584 2110 illa:
1614 2070 1818 2108 Audieras
1827 2097 1844 2115 ,
1877 2070 1944 2107 cui

429 2147 534 2183 Rem
562 2143 606 2180 di
632 2143 849 2186 donarent,
876 2140 942 2176 illi
966 2140 1159 2178 discedere
1177 2154 1353 2191 pravam
1380 2139 1612 2178 stultitiam.
1669 2138 1792 2189 Epist.
1823 2139 1846 2180 2
1859 2163 1873 2186 ,
1901 2139 1943 2187 2,

433 2212 528 2254 151.
569 2210 660 2259 ibiq.
691 2208 816 2246 Schm.
847 2208 908 2246 Cf.
939 2207 1069 2257 Eurip.
1097 2207 1287 2246 Heraclid.
1325 2209 1408 2249 726
1437 2220 1523 2257 sqq.
1594 2205 1835 2256 Quapropter
1866 2216 1944 2242 non

429 2279 528 2317 facio
558 2290 642 2315 cum
665 2273 842 2312 Turnebo
865 2273 978 2326 (Adv.
994 2277 1062 2323 22,
1088 2273 1161 2325 8.),
1189 2274 1420 2324 Desprezio,
1449 2273 1549 2318 Fea,
1579 2272 1681 2322 aliis,
1710 2272 1800 2321 qui,
1828 2283 1943 2320 quum

431 2346 502 2383 hae
536 2345 630 2381 deae
662 2341 906 2380 matrimoniis
939 2340 1178 2379 conciliandis
1211 2341 1346 2379 adesse
1379 2341 1550 2378 dicantur
1577 2337 1780 2390 (Plutarch.
1809 2336 1941 2375 Praec.

434 2412 582 2461 conjug.
606 2410 699 2450 138.
722 2408 782 2446 VI.
810 2421 850 2458 p.
872 2407 965 2447 523.
994 2406 1043 2444 R.
1101 2406 1158 2444 Id.
1190 2406 1264 2450 Qu.
1294 2405 1454 2445 Roman.
1482 2405 1563 2444 VII.
1582 2418 1621 2454 p.
1652 2406 1720 2446 72.
1750 2404 1798 2441 cf.
1821 2402 1941 2442 Orell.

434 2480 483 2516 ad
512 2478 587 2514 Od.
619 2478 657 2524 1,
686 2476 757 2524 30,
787 2476 826 2515 8.
861 2476 900 2511 et
925 2473 973 2511 D.
995 2472 1045 2510 T.
1065 2471 1198 2509 Miiller
1226 2474 1274 2510 de
1300 2474 1421 2511 causis
1449 2471 1699 2510 conviviorum
1725 2471 1945 2522 nuptialium

434 2547 472 2581 in
505 2542 747 2581 Bidermanni
775 2541 914 2578 Select.
943 2538 1068 2576 Schol.
1099 2539 1148 2576 ΙΙ.
1177 2541 1215 2579 2.
1246 2552 1284 2589 p.
1314 2538 1452 2589 748.),
1489 2539 1706 2577 felicitatem
1733 2538 1945 2588 intelligimt

437 2611 530 2647 hene
558 2614 760 2646 nummato
787 2607 885 2659 (Cic.
918 2606 1041 2656 Epist.
1074 2607 1123 2644 ad
1154 2604 1239 2643 Div.
1269 2606 1318 2654 7,
1360 2608 1425 2646 16.
1480 2605 1578 2656 Leg.
1610 2603 1746 2654 Agrar.
1775 2607 1824 2654 2,
1859 2602 1947 2653 22.)

438 2675 658 2714 conciliandi
685 2675 834 2725 nuptias
861 2673 1082 2724 opulentas,
1123 2671 1256 2722 quibus
1286 2672 1451 2710 intentos
1479 2673 1597 2710 fuisse
1620 2673 1778 2722 juvenes
1803 2669 1947 2708 Roma-

437 2755 508 2780 nos
537 2745 698 2790 constat,
730 2740 852 2791 Epist.
885 2742 923 2789 1,
957 2742 996 2789 2,
1032 2736 1098 2779 44.
1156 2737 1207 2777 At
1239 2740 1286 2776 de
1313 2752 1428 2776 uxore
1457 2742 1569 2777 antea
1596 2738 1709 2787 dixit,
1758 2748 1869 2786 quam
1897 2735 1947 2772 ob

438 2821 518 2846 rem
554 2808 776 2844 Torrentius
806 2807 901 2844 haec
926 2808 974 2844 de
1003 2805 1166 2844 Suadela
1193 2810 1232 2843 et
1258 2804 1402 2843 Venere
1431 2805 1546 2844 verba
1575 2804 1783 2856 generatim
1810 2802 1947 2854 exponi

439 2872 604 2922 mavult,
644 2877 718 2922 „ut
744 2873 912 2924 quisquis
944 2872 1086 2911 scilicet
1115 2876 1326 2911 nummatus
1361 2877 1442 2922 est,
1492 2873 1546 2911 ita
1570 2881 1841 2923 quamcumque
1867 2881 1948 2908 rem

1970 0 2028 127 3
