2028 3268
432 263 515 307 358
591 262 963 306 COMMENTARII
979 262 1038 303 IN
1054 259 1277 303 HoRATn
1294 261 1393 302 Lm.
1406 262 1436 302 1.
1454 261 1619 304 EPIST.
1634 261 1780 303 SEPT.
1876 265 1934 307 8⁶

432 390 554 440 Legg.
586 391 626 438 2,
657 386 724 437 24,
750 388 817 428 61.
875 384 1051 435 Reliqua
1077 389 1169 421 sunt
1196 385 1240 421 in
1266 396 1394 421 more.-
1418 384 1554 436 fzmus
1582 392 1627 423 ut
1653 386 1878 431 indicatur,
1902 387 1939 423 εἰ

433 457 534 509 quid
555 455 760 499 ludorum,
806 451 1063 502 dominusque
1082 450 1239 502 funeris
1266 457 1402 488 utatur
1427 464 1588 489 accenso
1609 459 1683 490 aut
1707 451 1909 490 lictoribus
1918 467 1936 500 ‚·

433 525 534 574 cujus
562 522 634 559 loci
655 533 732 558 non
758 520 948 557 immemor
975 523 1036 557 est
1071 517 1256 555 oremus.
1313 517 1406 556 Inde
1433 518 1506 568 alii,
1533 522 1576 556 ut
1602 519 1792 567 Botlzius,
1818 522 1940 571 ipsum

432 590 642 639 intelligunt
668 588 777 624 funus
804 586 955 635 majoris
986 585 1224 634 magistratus
1254 596 1335 622 cum
1363 597 1501 636 pompa
1529 585 1740 625 deductum.
1785 587 1845 627 De
1871 586 1939 624 de-

432 652 698 707 signatoribus
723 656 813 703 post
839 651 969 700 Torr.,
996 650 1157 701 Marcil„
1184 651 1350 690 Kirchm.
1375 651 1422 689 de
1449 651 1625 690 Funerib.
1654 650 1695 703 4,
1727 653 1767 692 9.
1798 654 1940 692 erudite

433 724 600 772 disputat
622 718 787 756 Ruhnk.
819 719 858 756 in
891 717 1036 769 Antiq.
1076 718 1195 758 Rom.
1224 717 1328 755 lectt.
1356 717 1548 757 Academ.
1580 719 1640 757 ed.
1675 719 1723 758 ab
1748 719 1938 758 Eichstad.

431 789 515 826 Jen.
547 786 670 829 1826.
698 785 801 823 XIII.
832 786 899 827 21.
956 784 1084 823 Verbo
1112 785 1326 826 decorandi
1348 786 1469 824 facete
1491 787 1605 825 utitur
1627 787 1720 827 Hor.
1760 800 1830 839 pro
1867 787 1941 823 sti-

427 861 504 906 pat
512 882 530 900 ,
571 866 617 892 ex
650 852 835 890 sententia
873 855 996 890 autem
1029 851 1198 890 Baxteri
1230 878 1258 902 „
1267 856 1442 902 tanquam
1484 854 1533 892 de
1567 856 1787 904 magistratu
1818 853 1941 904 aliquo

431 920 619 972 majore,“
644 918 863 959 Hochederi
883 923 924 957 ut
959 920 1126 968 „vestitu
1149 933 1217 957 suo
1243 920 1361 958 induit
1369 920 1415 968 ,“
1453 920 1680 958 Welandii
1706 922 1754 959 de
1782 933 1851 971 eo,
1881 922 1942 971 qui

432 989 545 1039 „eine
573 999 707 1038 grosse
727 985 837 1024 Rolle
865 985 1022 1036 spielt.‘⁶
1077 986 1137 1024 De
1170 988 1268 1023 atris
1295 987 1342 1025 ad
1368 986 1505 1025 luctum
1527 988 1804 1038 exprimendum
1827 989 1943 1026 vesti-

431 1055 502 1093 bus
530 1055 604 1093 vid.
632 1052 798 1092 Kirchm.
829 1051 856 1089 l.
884 1051 909 1090 l.
941 1053 982 1101 2,
1011 1050 1051 1090 9.
1081 1056 1121 1090 et
1149 1065 1242 1103 quos
1269 1053 1397 1091 laudat
1421 1053 1551 1092 Jacob.
1578 1055 1627 1092 ad
1655 1053 1810 1092 Lueian.
1839 1053 1942 1092 Tox.

433 1122 501 1165 26.
527 1135 566 1172 p.
591 1119 682 1170 95.,
723 1119 822 1157 adde
845 1117 1004 1156 Becker·
1030 1118 1055 1155 l·
1078 1117 1104 1155 l·
1130 1132 1170 1169 p-
1195 1119 1290 1161 289.
1325 1142 1382 1150 —-
1418 1120 1463 1158 V.
1492 1122 1533 1161 7.
1587 1121 1702 1158 Dum
1726 1113 1944 1172 pueris?—

425 1187 571 1239 pallet.
632 1185 750 1224 Anxie
778 1187 906 1224 timent
927 1189 1118 1237 parentes,
1149 1198 1197 1224 ne
1225 1185 1340 1224 liberi
1362 1187 1453 1238 (vid.
1484 1190 1524 1237 2,
1550 1185 1618 1227 44.
1645 1201 1684 1238 p.
1709 1187 1822 1238 172.)
1842 1199 1944 1224 mor-

433 1255 490 1293 bis
514 1255 753 1305 abripiantur.
811 1253 854 1291 In
879 1252 963 1302 ipso
985 1251 1210 1291 Diminutivo
1232 1260 1390 1291 matere.
1414 1255 1602 1292 tenerrimi
1626 1255 1760 1292 amoris
1787 1257 1848 1292 est
1867 1255 1945 1304 sig-

433 1321 610 1359 nificatio.
667 1320 780 1358 Plura
807 1319 934 1357 talium
959 1318 1110 1369 collegit
1136 1320 1349 1369 Gryczenki
1375 1322 1414 1358 in
1441 1320 1575 1371 Progr.
1599 1321 1647 1359 de
1678 1320 1946 1359 Substantias

434 1389 505 1429 lat.
526 1388 751 1425 diminutiv.
783 1386 971 1437 K6nigsb.
988 1386 1110 1427 1830.
1138 1410 1194 1416 —
1218 1387 1266 1425 V.
1282 1388 1321 1428 8.
1379 1388 1432 1426 Ut
1461 1388 1644 1439 officiosa
1668 1387 1858 1426 sedulitas
1881 1386 1947 1425 cli-

435 1460 559 1495 entem
582 1459 625 1494 ut
649 1454 912 1504 salutatorem,
945 1454 1207 1504 deductorem,
1235 1455 1419 1495 asseclam
1446 1457 1487 1494 in
1512 1456 1636 1494 officio
1661 1459 1812 1493 strenue
1838 1466 1947 1492 accu-

435 1527 590 1574 rateque
617 1523 788 1560 faciendo
816 1526 855 1560 et
877 1522 1034 1560 amicum
1056 1523 1194 1559 amicos
1224 1534 1334 1572 quum
1360 1524 1490 1573 quovis
1513 1523 1625 1561 modo
1646 1521 1843 1570 colentem,
1870 1524 1948 1558 tum

436 1594 677 1642 aegrotantes
706 1589 913 1628 humaniter
937 1590 1119 1628 visentem
1150 1589 1302 1638 indicat,
1331 1590 1384 1626 ita
1408 1588 1538 1639 opella
1562 1587 1628 1640 (cf.
1643 1601 1679 1626 v.
1696 1586 1784 1639 65.)
1801 1587 1946 1638 jbren-

436 1660 490 1697 sis
516 1663 714 1710 patronum
738 1661 780 1695 ut
804 1669 939 1694 causae
967 1659 1148 1704 actorem,
1175 1657 1432 1706 cognitorem,
1462 1667 1704 1706 sponsorem,
1729 1654 1949 1691 advocatum

437 1729 511 1763 ete.
542 1726 624 1765 Sat.
649 1725 695 1772 2,
719 1723 760 1772 6,
789 1721 989 1764 20—39.
1045 1720 1156 1760 Hunc
1179 1734 1214 1759 v.
1241 1723 1436 1772 officiosus
1462 1734 1569 1760 usum
1595 1719 1762 1772 pluribus
1785 1719 1948 1757 illustra-

437 1797 524 1830 runt
549 1790 686 1829 Markl.
709 1788 758 1826 ad
785 1789 881 1826 Stat.
899 1787 988 1825 silv.
1014 1785 1052 1826 5.
1079 1787 1202 1826 Praef.
1226 1801 1262 1825 v.
1286 1789 1325 1827 6.
1356 1792 1396 1826 et
1418 1788 1568 1826 Ruhnk.
1588 1789 1636 1826 ad
1662 1787 1774 1824 Ovid.
1790 1785 1946 1824 Heroid.

442 1859 508 1907 18,
538 1857 604 1897 60.
662 1855 724 1893 Cf.
754 1854 891 1892 Heind.
918 1855 966 1892 ad
995 1855 1076 1891 Sat.
1104 1856 1143 1902 1,
1166 1854 1207 1903 6,
1239 1853 1333 1894 101.
1363 1854 1546 1891 Wieland.
1577 1855 1625 1892 ad
1653 1853 1690 1890 h.
1719 1852 1744 1890 l.
1783 1851 1947 1891 Schmid.

439 1925 489 1962 ad
517 1925 585 1973 17,
611 1924 678 1965 21.
735 1920 888 1958 Piehen.
918 1921 967 1958 ad
990 1920 1083 1958 Tac.
1111 1919 1207 1957 Ann.
1240 1922 1290 1969 2,
1318 1917 1397 1969 42,
1433 1922 1468 1960 1.
1524 1920 1683 1970 Rupert.
1716 1919 1764 1956 ad
1794 1918 1878 1956 Juv.
1909 1921 1950 1968 2,

443 1991 536 2032 132.
595 1988 723 2027 Moeb.
746 1989 795 2026 ad
823 1988 903 2025 Cic.
926 2000 984 2039 pr.
1010 1988 1116 2025 Sext.
1135 1987 1251 2025 Rosc.
1273 1988 1315 2035 7,
1345 1986 1411 2027 19.
1431 1985 1611 2023 Doederl.
1632 1986 1722 2035 Syn.
1741 1985 1771 2023 1.
1791 1997 1830 2035 p.
1853 1986 1949 2027 127.

444 2078 493 2085 —
540 2054 585 2093 V.
611 2053 650 2093 9.
695 2060 926 2091 testamenta
952 2055 1155 2106 resignat,
1198 2054 1223 2092 i.
1252 2066 1285 2091 e.
1310 2054 1416 2103 signa
1442 2052 1674 2090 testamentis
1707 2051 1868 2090 detrahit
1893 2051 1952 2089 vel

442 2124 590 2173 signata
615 2122 756 2172 aperit3
797 2121 838 2158 id
869 2121 969 2170 quod
1001 2121 1083 2158 vivo
1107 2123 1288 2159 testatore
1315 2121 1374 2157 sas
1402 2131 1478 2157 non
1509 2120 1626 2157 fuisse
1650 2122 1808 2156 constat.
1866 2118 1950 2157 Vid.

442 2190 612 2229 Brisson.
641 2189 690 2227 de
718 2186 904 2225 Formulis
930 2189 980 2236 7,
1003 2187 1043 2227 8.
1070 2190 1135 2229 11.
1166 2192 1205 2226 et
1228 2186 1297 2224 Ev.
1324 2187 1416 2225 Otto
1445 2186 1494 2223 ad
1514 2186 1694 2223 Institutt.
1726 2187 1775 2236 2,
1807 2185 1882 2236 10,
1911 2185 1950 2227 5.

443 2257 614 2295 laudatus
635 2255 684 2294 ab
706 2254 836 2293 Heinr.
859 2254 908 2292 ad
931 2254 1014 2295 JuV.
1038 2255 1077 2303 1,
1099 2255 1166 2294 66.
1220 2252 1390 2303 Utraque
1411 2255 1534 2290 autem
1553 2265 1595 2290 re
1612 2251 1716 2304 febr.
1741 2255 1780 2290 et
1802 2260 1952 2293 testam.

446 2327 487 2362 et
514 2321 693 2360 morbum
719 2325 759 2360 et
784 2328 944 2359 mortem
968 2322 1225 2360 advenientem
1245 2320 1445 2371 significari
1465 2320 1503 2356 in
1523 2322 1699 2370 promptu
1723 2322 1794 2356 est.
1850 2319 1954 2357 Con-

446 2394 506 2429 tra
535 2390 830 2440 Doeringium)
878 2390 935 2426 cui
961 2389 1082 2427 facete
1108 2387 1342 2426 auctumnale
1368 2390 1542 2437 tempus,
1585 2398 1658 2436 quo
1682 2386 1837 2423 maxime
1858 2387 1954 2424 mori

448 2456 596 2495 soleant
621 2456 809 2506 homines,
845 2457 1046 2507 resignare
1073 2461 1304 2493 testamenta
1327 2453 1483 2500 dicitur,
1516 2451 1682 2502 disputat
1707 2452 1778 2490 R.
1807 2453 1953 2492 Jacob-

448 2525 531 2562 sius
557 2537 597 2574 p.
630 2524 723 2566 123.

559 2589 604 2629 V.
628 2590 682 2630 10
700 2613 755 2619 —
775 2590 840 2630 13.
894 2588 1044 2639 Quodsi
1062 2611 1117 2616 —
1137 2588 1283 2638 prima.
1335 2585 1499 2634 „Quum
1522 2582 1676 2630 Hor.,“
1705 2588 1748 2624 ut
1773 2589 1878 2625 recte
1903 2588 1954 2625 ait

460 2657 591 2703 Tora,
625 2658 726 2708 „qui
749 2658 827 2707 jam
849 2661 932 2695 toto
961 2668 1089 2694 mense
1117 2655 1369 2700 desideretur,
1399 2652 1512 2688 etiam
1534 2653 1733 2691 auctumno
1761 2666 1804 2691 se
1828 2666 1954 2691 eman-

452 2737 577 2762 surum
605 2725 719 2773 dicat,
753 2736 874 2774 neque
894 2723 966 2760 hoc
993 2722 1126 2772 solum,
1150 2723 1218 2760 sed
1241 2723 1282 2758 et
1306 2719 1426 2757 hieme
1450 2720 1531 2755 tota
1557 2716 1763 2757 Tarentum
1789 2724 1854 2758 aut
1881 2719 1953 2756 alio

452 2792 501 2829 ad
518 2804 634 2839 mare,
664 2792 725 2829 ubi
743 2795 809 2829 aer
827 2791 1066 2842 temperatior
1084 2791 1146 2838 sit,
1173 2788 1371 2835 abiturum,
1401 2785 1432 2822 si
1453 2785 1551 2822 forte
1571 2783 1667 2821 locis
1685 2785 1838 2823 Romae
1856 2779 1956 2822 vicis*

453 2859 514 2895 nis
540 2859 661 2896 nivem
681 2860 806 2908 jacere
836 2857 1062 2908 contigerit“
1091 2857 1159 2906 [sic
1185 2868 1261 2893 non
1284 2853 1379 2892 male
1405 2851 1575 2902 intelligit
1602 2851 1663 2890 ille
1681 2865 1799 2904 agros
1816 2850 1952 2889 Alba-

454 2938 523 2962 nos
553 2923 637 2961 coll.
666 2924 713 2961 C.
743 2925 784 2961 S.
813 2922 918 2975 54.]:
948 2937 1023 2962 non
1050 2936 1144 2975 opus
1173 2923 1320 2961 videtur
1349 2932 1430 2958 cum
1458 2917 1656 2957 Lam‘bino
1683 2918 1839 2968 aliisque
1866 2929 1954 2969 par-

1948 0 2028 151 Ἴ
