2028 3268
411 252 495 295 280

980 249 1359 289 HORATII

1869 252 1920 293 12

479 378 600 438 „Qui
617 389 789 435 possum
805 373 900 419 tot?
913 371 944 400 ‘⁴
974 375 1061 433 ait,
1096 376 1276 433 „tamen
1294 376 1338 417 et
1356 386 1555 431 quaeram
1578 375 1621 417 et
1642 376 1740 431 quot
1763 373 1926 418 habebo

481 451 718 511 Mittam;⁶⁶
754 455 850 510 post
874 453 1003 510 paulo
1030 452 1171 494 scribit
1198 452 1275 494 sibi
1301 451 1417 494 milia
1445 452 1624 508 quinque

479 532 592 576 Esse
620 531 731 574 domi
757 529 1055 588 chlamydum,
1091 532 1256 587 partem
1282 528 1354 571 vel
1378 528 1548 571 tolleret
1575 530 1724 572 omnis.

456 592 616 654 ’Exilis
646 607 794 651 domus
827 610 916 666 est,
958 607 1029 650 ubi
1061 620 1146 651 non
1178 609 1220 650 et
1246 607 1380 649 multa
1413 607 1640 662 supersunt

478 687 538 731 Et
567 686 776 729 dominum
801 684 954 729 fallunt
982 686 1024 727 et
1053 687 1230 742 prosunt
1264 684 1443 727 furibus.

1873 605 1928 647 45

1511 682 1654 743 Ergo,

478 761 530 809 Si
555 776 626 806 res
653 764 748 807 sola
772 765 915 821 potest
939 761 1083 806 facere
1111 765 1155 806 et
1179 775 1354 806 servare
1380 763 1568 820 beatum,

409 920 486 953 fere
509 919 639 962 habet,
665 923 705 952 ut
725 920 802 954 Sat.
833 921 865 963 1,
890 919 925 963 3,
951 920 984 953 2.
1021 914 1063 962 4,
1087 919 1144 952 97.

410 977 443 1020 2,
463 972 499 1019 4,
515 977 572 1010 88.
599 975 720 1019 Epist.
740 978 771 1019 1,
789 977 822 1018 8,
840 977 873 1010 2.
915 975 1073 1008 Eandem
1092 978 1147 1007 te-

409 1035 524 1065 statur
547 1031 731 1065 Plutarchi
754 1031 851 1065 locus
877 1031 972 1065 infra
992 1030 1143 1075 positus.

406 1086 456 1121 At
479 1087 546 1120 hoc
562 1087 593 1120 si
608 1093 664 1121 est
676 1113 685 1131 ,
711 1090 797 1132 post
820 1092 936 1132 posset
954 1086 1076 1120 melius
1092 1085 1147 1119 di-

408 1143 624 1187 stinguitur,
667 1143 761 1189 quod
788 1154 888 1177 nemo
920 1143 1009 1176 fecit
1035 1142 1147 1176 inter-

407 1202 560 1244 pretum.

463 1255 508 1288 V.
525 1251 584 1289 42.
615 1254 683 1297 Qui
696 1265 848 1298 possam.
883 1254 972 1287 Mss.
1001 1255 1038 1286 et
1063 1251 1145 1286 edd.

406 1310 505 1354 vulg.
540 1310 608 1352 Qui
627 1310 765 1354 possim.
802 1310 891 1344 Mss.
908 1310 975 1342 Fe.
1002 1310 1035 1352 1,
1054 1309 1092 1342 b.
1109 1319 1145 1352 g.

408 1378 441 1399 o.
455 1370 483 1399 t.
515 1367 546 1408 2,
562 1366 599 1398 b.
616 1367 642 1400 f.
661 1359 704 1415 (a
720 1367 752 1399 1.
767 1366 832 1409 m.)
847 1366 882 1409 3,
896 1366 922 1399 f.
953 1364 1048 1398 Edd.
1062 1364 1144 1397 Asc.

406 1420 488 1455 519.
516 1422 628 1466 Cruq.
650 1422 698 1455 H.
720 1421 847 1465 Steph.
876 1422 923 1454 T.
940 1421 1031 1454 Fab.
1055 1420 1145 1453 Dac.

407 1478 498 1510 Cun.
513 1503 523 1520 ,
555 1489 624 1510 non
649 1477 828 1521 improbat
845 1477 950 1511 Jahn.
974 1477 1020 1510 ad
1037 1487 1068 1510 v.
1085 1474 1143 1509 35.

409 1533 502 1575 Quin
525 1533 645 1576 possit.
699 1533 770 1566 Ms.
799 1534 935 1566 Bersm.
965 1543 1024 1566 un.
1079 1530 1147 1574 Qui

404 1593 531 1633 posset.
573 1589 644 1621 Ms.
670 1589 794 1622 Jaeck.
815 1587 850 1622 5.
908 1588 976 1630 Qui
995 1598 1143 1632 possem.

405 1643 476 1676 Ms.
493 1643 592 1677 Mon.
615 1655 646 1676 c.
697 1644 765 1686 Qui
786 1648 932 1688 possunt
956 1643 1033 1676 tot?
1072 1642 1143 1675 Ed.

405 1699 541 1732 Biedm.
561 1718 609 1723 —
623 1699 699 1731 tot?
712 1699 889 1732 Attamen.
899 1698 969 1731 Ms.
982 1698 1047 1730 Fe.
1060 1698 1095 1740 7,
1105 1698 1142 1730 b.

407 1773 455 1778 ——
481 1765 647 1796 quaeram
671 1759 788 1786 tamen
816 1759 858 1788 et.
909 1753 1053 1797 Fragm.
1078 1764 1141 1786 ms.

404 1809 496 1842 Lov.
522 1821 580 1853 ap.
605 1809 788 1842 Bormans.
818 1827 867 1834 —--
897 1814 979 1851 quot
999 1808 1142 1841 habebo.

406 1864 495 1898 Mss.
513 1865 637 1898 Lamb.
670 1866 686 1898 1
701 1890 711 1908 ,
739 1865 807 1897 duo
825 1866 857 1899 2.
874 1864 908 1898 3.
943 1865 976 1907 8,
995 1875 1026 1897 a.
1042 1864 1079 1896 b.
1107 1864 1141 1906 9,

406 1932 516 1954 a—C.
546 1922 581 1955 7.
620 1931 711 1954 omn.
739 1932 797 1964 ap.
825 1921 935 1964 Cruq.
964 1923 1001 1952 et
1028 1919 1140 1952 Pulm.

403 1980 479 2009 tres
487 1976 545 2008 vel
560 1979 656 2020 quat.
670 1987 728 2019 ap.
741 1977 878 2008 Bersm.
890 1975 955 2008 Fe.
970 1979 1007 2008 et
1016 1975 1037 2008 J
1040 1975 1139 2007 aeck.

405 2035 443 2065 et
458 2032 557 2065 Pott.
574 2036 613 2064 ut
622 2031 788 2065 videntur
804 2042 896 2064 omn.
921 2030 1036 2064 Orell.
1050 2041 1140 2063 omn.

407 2087 528 2121 Guelf.
556 2099 646 2120 omn.
682 2087 787 2120 Dess.
806 2089 839 2120 1.
857 2088 890 2121 2.
930 2087 1031 2131 Lips.
1053 2087 1085 2121 2.
1104 2085 1139 2119 3.

406 2144 511 2176 Gott.
537 2145 569 2177 1.
587 2145 619 2178 2.
653 2143 773 2176 Berol.
797 2144 830 2176 1.
847 2144 880 2177 2.
927 2142 1074 2176 Corbei.
1101 2144 1142 2174 ut

405 2198 548 2232 videtur
577 2203 614 2232 et
645 2200 779 2232 Graev.
834 2199 934 2232 Mon.
958 2211 988 2232 c.
1017 2210 1048 2231 e.
1065 2198 1092 2231 f.
1114 2196 1139 2230 l.

405 2255 500 2288 Edd.
527 2255 609 2299 Lip.
636 2251 717 2290 492.
746 2255 802 2288 98.
833 2253 913 2288 516.
956 2254 1036 2288 Ald.
1059 2252 1140 2287 501.

404 2311 503 2344 Junt.
522 2307 602 2344 514.
619 2311 674 2344 19.
718 2309 801 2344 Asc.
826 2309 907 2344 519.
945 2311 1037 2343 Ven.
1059 2308 1140 2343 520.

406 2367 506 2400 Glar.
522 2367 668 2400 Vascos.
684 2367 807 2400 Lamb.
823 2366 932 2409 Cruq.
950 2366 997 2399 H.
1012 2365 1139 2408 Steph.

404 2423 540 2456 Bersm.
574 2423 684 2456 Torr.
707 2426 744 2456 et
772 2421 941 2465 complur.
968 2421 1013 2454 al.
1034 2421 1138 2453 etiam

403 2479 521 2512 Bentl.
546 2490 604 2522 qu.
629 2491 705 2523 seq.
731 2482 885 2511 recentt.
911 2477 1005 2522 pqu.
1049 2477 1139 2519 quod

403 2534 545 2567 habebo-
572 2535 661 2568 Mss.
678 2535 799 2568 Lamb.
820 2533 969 2577 vulgati.
1000 2533 1136 2565 Bersm.

405 2590 488 2622 duo.
516 2591 639 2624 Comb.
662 2595 701 2623 ut
714 2591 880 2623 videntur
898 2601 988 2622 omn.
1009 2588 1045 2631 (2
1057 2588 1084 2630 !)
1102 2590 1139 2620 et

407 2646 570 2679 Oberlin.
608 2647 717 2680 Goth.
734 2647 835 2690 LiPS.
865 2647 897 2679 1.
932 2644 1011 2678 cod.
1037 2643 1139 2677 Men-

405 2701 467 2734 tel.
484 2705 523 2733 ut
538 2701 691 2745 videtur,
706 2702 803 2735 Mon.
815 2703 851 2735 b.
864 2713 909 2734 m.
925 2700 1088 2734 Rudolst.
1100 2697 1136 2743 (i.

405 2756 499 2789 Edd.
514 2758 604 2791 Ven.
619 2759 676 2791 79.
693 2759 750 2792 81.
767 2758 823 2792 83.
845 2758 901 2791 86.
931 2756 1030 2790 Flor.
1054 2751 1135 2789 482.

405 2812 515 2845 Loch.
527 2809 607 2846 498.
620 2814 718 2857 Lips.
732 2812 812 2847 510.
827 2811 988 2846 Ald.519.
1002 2811 1134 2844 Muret.

403 2868 531 2900 Irenic.
544 2868 627 2912 Xyl.
642 2869 751 2901 Fabr.
766 2869 878 2902 Pulm.
889 2868 985 2901 Pisc.
998 2866 1133 2900 Biedm.

405 2923 519 2958 Chab.
535 2924 618 2958 Bas.
642 2923 723 2958 531.
745 2923 801 2958 55.
822 2925 880 2959 80.
909 2923 1037 2958 Colon.
1053 2918 1134 2957 541.

1191 918 1322 962 Despr.
1347 919 1494 952 Juvenc.
1526 914 1630 962 (754)
1663 917 1774 950 Gesn.
1799 915 1926 950 Oberl.

1192 974 1315 1007 Comb.
1343 973 1433 1007 Bad.
1462 974 1572 1007 Doer.
1597 968 1677 1008 824.
1714 972 1802 1015 (non
1825 972 1926 1016 828.)

1190 1030 1272 1074 Bip.
1289 1031 1368 1065 828.
1395 1029 1555 1063 Hoched.
1613 1028 1661 1062 At
1676 1028 1754 1072 quis
1774 1030 1840 1071 est,
1866 1027 1926 1072 qui

1190 1097 1260 1119 non
1297 1085 1420 1120 videat
1454 1090 1536 1129 quot
1567 1083 1784 1130 respondere
1812 1084 1925 1117 verbo

1190 1141 1268 1175 tot?

1246 1196 1290 1230 V.
1300 1192 1460 1230 43—45.
1487 1195 1653 1229 Scribam.
1676 1194 1765 1227 MSS.
1776 1194 1844 1227 duo
1854 1195 1924 1228 Va-

1191 1252 1273 1286 lart.
1288 1252 1367 1296 (qui
1384 1250 1531 1296 probat)
1550 1270 1598 1275 —-
1614 1250 1722 1295 paulo
1735 1255 1825 1294 post.
1852 1250 1924 1283 Ms-

1191 1309 1246 1342 Ik.
1263 1306 1296 1341 5.
1322 1307 1414 1351 (vid.
1437 1306 1557 1340 Bentl.
1581 1306 1626 1339 ad
1644 1305 1714 1339 Od.
1739 1305 1774 1349 3,
1795 1306 1851 1348 20,
1868 1305 1924 1349 3.)

1194 1383 1242 1388 —
1263 1363 1406 1408 scripsit.
1436 1363 1525 1396 Mss.
1541 1362 1608 1395 Fe.
1622 1362 1654 1404 1,
1671 1372 1707 1405 g.
1726 1372 1759 1405 q.
1784 1360 1818 1403 3,
1834 1372 1865 1394 c.
1889 1360 1924 1404 5,

1189 1420 1216 1453 f.
1240 1421 1273 1463 6,
1290 1430 1322 1452 c.
1361 1419 1480 1452 Guelf.
1498 1419 1530 1453 2.
1564 1417 1664 1461 Lips.
1681 1416 1716 1450 3.
1747 1415 1866 1450 Berol.
1889 1417 1923 1451 1.

1190 1475 1288 1509 Mon.
1302 1486 1334 1508 e.
1357 1474 1469 1509 mittit.
1490 1472 1683 1507 Ms-Guelf.
1696 1468 1731 1505 4.
1758 1471 1922 1506 rescribit.

1190 1531 1260 1566 Ed.
1272 1530 1406 1563 Piscat.
1420 1548 1468 1555 —
1482 1528 1588 1562 milia.
1601 1528 1662 1562 Sic
1671 1539 1752 1560 mss.
1764 1527 1920 1563 Guelf.2.

1189 1585 1224 1620 4.
1245 1585 1365 1619 Berol.
1383 1587 1415 1618 1.
1432 1587 1465 1620 2.
1485 1586 1587 1618 Gott.
1609 1585 1642 1618 1.
1660 1585 1692 1618 2.
1711 1583 1816 1616 Dess.
1834 1584 1868 1616 1.
1887 1585 1920 1619 2.

1191 1642 1300 1675 Goth.
1311 1641 1411 1685 Lips.
1432 1642 1464 1674 1.
1482 1642 1514 1674 2.
1530 1639 1564 1672 3.
1595 1640 1728 1672 Graev.
1754 1638 1919 1672 Rudolst.

1191 1697 1296 1737 Quod
1315 1697 1420 1729 docet
1444 1693 1626 1738 Zumptius
1649 1695 1693 1728 ad
1716 1693 1791 1727 Cic.
1811 1694 1918 1728 offic.

1190 1753 1223 1795 2,
1240 1754 1296 1795 21,
1313 1753 1346 1786 6.
1372 1755 1408 1785 et
1435 1750 1475 1783 in
1503 1751 1568 1783 Gr.
1586 1750 1648 1783 lat.
1673 1761 1710 1794 p.
1727 1751 1806 1792 10.,
1831 1750 1920 1784 hanc

1189 1819 1267 1841 esse
1284 1807 1493 1852 scripturam
1514 1805 1697 1838 veteribus
1721 1806 1920 1849 grammati-

1188 1863 1239 1897 cis
1254 1863 1451 1908 probatam,
1468 1872 1569 1906 quum
1587 1861 1623 1894 in
1636 1861 1812 1904 Singulari
1827 1862 1921 1895 mille

1188 1920 1256 1962 sit,
1295 1919 1333 1952 id
1364 1919 1572 1951 confirmant
1604 1928 1674 1950 non
1699 1916 1809 1949 solum
1835 1917 1920 1950 libri

1186 1986 1268 2008 mss.
1282 1974 1476 2018 complures
1487 1973 1552 2015 (cf.
1566 1975 1685 2005 annot.
1698 1972 1743 2005 ad
1753 1973 1785 2016 1,
1798 1974 1830 2016 1,
1841 1971 1918 2016 58.)

1189 2031 1252 2064 sed
1280 2030 1386 2063 etiam
1414 2029 1495 2063 edd.
1519 2030 1633 2070 vett.‚
1664 2039 1774 2072 quae,
1811 2039 1919 2073 quan-

1188 2097 1288 2131 quam
1308 2097 1417 2130 supra
1429 2085 1522 2118 mille
1535 2083 1716 2127 scribunt,
1745 2084 1802 2117 hic
1824 2084 1920 2117 milia

1188 2142 1368 2176 exhibent.
1407 2141 1636 2184 Quapropter
1658 2140 1690 2182 1,
1716 2140 1749 2182 1,
1772 2138 1829 2174 58.
1860 2151 1918 2173 or—

1186 2197 1435 2243 thographiam
1448 2207 1538 2229 nunc
1553 2195 1635 2228 volo
1656 2199 1832 2229 mutatam.
1876 2195 1918 2228 In

1187 2265 1323 2288 causam
1351 2253 1452 2295 hujus
1487 2251 1767 2296 discrepantiae,
1818 2261 1918 2295 quam

1187 2310 1326 2354 quidem
1345 2320 1422 2342 esse
1437 2310 1546 2351 negat
1562 2307 1618 2340 vir
1633 2307 1757 2340 doctus
1778 2307 1918 2350 quidam

1184 2366 1222 2399 in
1237 2365 1353 2399 Jahnii
1367 2363 1572 2397 N.Jahrbb.
1592 2359 1693 2396 1840.
1720 2361 1857 2395 XXIX.
1878 2373 1915 2406 p.

1186 2422 1278 2462 269„
1293 2419 1490 2464 inquiritL.
1500 2419 1544 2451 F.
1556 2418 1727 2451 Schmidt.
1739 2418 1776 2450 in
1784 2418 1915 2461 Progr.

1182 2477 1290 2510 schol.
1307 2474 1426 2509 Berol.
1449 2470 1550 2507 1840.
1580 2486 1616 2518 p.
1631 2475 1687 2508 26.
1715 2493 1763 2498 -
1794 2474 1838 2507 V.
1855 2469 1915 2506 44.

1182 2532 1317 2566 clamid.
1364 2530 1425 2563 Sic
1447 2540 1528 2562 mss,
1549 2529 1653 2563 Dess.
1685 2531 1717 2563 1.
1744 2530 1776 2564 2.
1813 2528 1915 2573 Lips-

1183 2599 1273 2621 omn.
1299 2587 1402 2619 Gott.
1420 2586 1452 2618 1.
1480 2585 1519 2627 (a
1535 2586 1568 2619 1.
1585 2585 1649 2628 m.)
1679 2586 1813 2619 GraeV.
1842 2585 1916 2618 Ru-

1182 2643 1288 2677 dolst.
1317 2641 1399 2674 Vid.
1431 2651 1466 2674 v·
1487 2637 1545 2674 40.
1585 2660 1632 2666 —
1669 2641 1788 2674 omnis.
1825 2639 1913 2673 Mss.

1181 2699 1286 2732 Dess.
1306 2698 1339 2730 1.
1357 2699 1388 2731 2.
1415 2696 1535 2730 Berol.
1558 2697 1591 2730 1.
1622 2715 1670 2721 ——
1710 2696 1755 2730 V.
1771 2692 1829 2729 45.
1858 2706 1915 2728 su-

1177 2754 1322 2799 persint.
1357 2752 1427 2786 Ms.
1448 2752 1514 2785 Fe.
1547 2754 1580 2797 2,
1601 2752 1628 2786 i.
1668 2753 1775 2798 plura
1797 2761 1915 2795 super·

1178 2814 1269 2844 sunt.
1302 2809 1372 2842 Ms.
1394 2809 1540 2841 Santen.

1235 2864 1280 2898 V.
1298 2860 1459 2897 47—49.
1490 2875 1545 2896 res
1563 2867 1652 2900 tota.
1684 2861 1754 2895 Ed.
1769 2860 1911 2894 Maron.

1180 2939 1228 2946 —
1252 2920 1354 2966 potis.
1383 2919 1454 2953 Ms.
1470 2920 1580 2953 Gesn.
1595 2918 1631 2953 3.
1654 2917 1724 2951 Ed.
1740 2917 1829 2951 Cun.
1859 2934 1906 2940 —-
