2028 3268
409 234 491 276 342

478 362 641 418 Quodsi
675 376 744 405 me
780 364 901 406 noles
935 374 1114 419 usquam
1149 361 1392 420 discedere,
1425 361 1578 405 reddes

977 235 1360 277 HORATII

1868 242 1925 282 70

1871 366 1926 407 25

476 441 611 484 Forte
645 439 783 497 latus,
819 441 968 498 nigros
1002 441 1190 499 angusta
1224 438 1363 483 fronte
1399 439 1590 497 capilloS,

476 516 652 562 Reddes
690 516 812 560 dulce
845 517 983 575 loqui,
1018 517 1173 560 reddes
1208 516 1349 560 ridere
1388 515 1588 559 decorum
1621 519 1665 560 et

477 594 593 638 Inter
627 594 728 636 vina
763 594 913 653 fugam
952 593 1140 639 Cinarae
1175 606 1371 638 moerere
1405 596 1651 652 protervae.

478 672 612 715 Forte
647 683 724 729 per
758 675 987 732 angustam
1021 673 1160 715 tenuis
1203 673 1433 730 volpecula
1465 673 1616 715 rimam

414 850 499 883 (list.
522 850 640 883 Bentl.
670 849 759 884 Cun.
785 850 900 890 Merv.
922 851 1051 883 Franc.
1073 849 1148 883 Ha-

413 905 507 939 berf.
547 905 730 948 Ernesti.,
764 906 911 940 Mitsch.
937 906 975 940 in
1004 906 1146 939 Racem.

413 963 547 996 Venus.
582 962 689 995 Fasc.
723 961 790 994 Ill.
829 974 866 1007 p.
902 962 936 996 9.
970 962 1150 1006 improbat

416 1017 585 1050 Orellius.
601 1029 655 1051 me
671 1027 778 1061 porro
799 1018 915 1051 laude.
951 1018 1021 1051 Ed.
1038 1018 1150 1051 Prae-

415 1073 485 1106 dic.
510 1073 624 1115 etiam,
641 1076 730 1117 pro!
750 1073 854 1107 laude
878 1073 1051 1107 merentis.
1088 1073 1150 1106 Sic

415 1129 507 1172 conj.
522 1128 739 1162 Doederlein
753 1129 790 1162 in
804 1129 974 1172 ‚,Miinch.
992 1129 1061 1172 gel.
1078 1129 1150 1163 An-

415 1184 577 1228 zeigen“
616 1184 719 1218 1836.
759 1196 795 1230 p.
823 1186 904 1219 862.
945 1195 1151 1229 comparans

415 1240 525 1274 Ovid.
546 1240 634 1274 Her.
650 1240 685 1283 3,
703 1240 761 1274 98.
795 1241 838 1274 V.
857 1237 959 1277 24-
973 1242 1030 1278 28.
1055 1240 1152 1275 delet

416 1297 593 1340 Guyetus.

471 1352 517 1386 V.
534 1350 590 1386 25.
610 1352 720 1385 noles.
754 1351 843 1385 Mss.
868 1352 992 1385 Lamb.
1012 1355 1053 1384 ut
1075 1350 1150 1385 vid.

416 1418 508 1441 omn.
523 1407 659 1441 Bersm.
676 1417 734 1441 un.
749 1407 875 1441 Oberl.
892 1408 934 1441 C.
946 1408 1013 1441 Fe.
1023 1407 1152 1452 pleriq.

415 1464 470 1496 Ik.
497 1475 587 1497 omn.
623 1463 724 1496 Pott.
745 1467 785 1497 ut
807 1463 881 1497 vid.
909 1475 998 1497 omn.
1038 1463 1152 1497 Orell.

417 1530 509 1553 omn.
544 1518 663 1552 Guelf.
685 1520 717 1552 1.
739 1517 773 1551 4.
810 1520 913 1554 Gott.
937 1521 969 1554 2.
998 1519 1100 1564 Lips.
1118 1518 1153 1552 3.

415 1575 514 1608 Mon.
540 1575 578 1608 b.
603 1574 630 1607 f.
655 1586 700 1608 m.
742 1574 855 1609 DorV.
882 1576 914 1608 1.
932 1577 966 1611 2.
1007 1573 1154 1608 Corbei.

418 1630 498 1664 cod.
514 1629 663 1663 Mentel.
683 1629 777 1663 Edd.
794 1631 893 1675 vulg.
912 1631 1017 1664 etiam
1030 1631 1153 1664 Lamb-

418 1686 529 1719 Torr.
543 1685 663 1718 Bentl.
682 1686 804 1719 nolles.
842 1687 932 1719 Mss.
950 1686 1099 1729 Cruquii
1119 1688 1156 1718 et

416 1740 549 1783 Pulm.‚
572 1745 743 1785 quatenus
762 1744 894 1774 tacent.
914 1742 1050 1774 Bersm.
1066 1746 1153 1774 tres.

419 1796 545 1830 Oberl.
566 1796 611 1829 D.
632 1797 721 1829 Bad.
738 1797 771 1829 1.
787 1797 901 1840 (noles
916 1808 1009 1830 corr.
1026 1797 1065 1830 in
1079 1797 1156 1830 ‘nol—

417 1852 483 1894 les)
499 1851 619 1884 Berol.
634 1853 666 1885 1.
690 1852 795 1885 Dess.
813 1854 846 1887 2.
876 1853 986 1886 Goth.
1004 1853 1107 1885 Gott.
1122 1853 1154 1885 1.

420 1908 541 1941 Guelf.
557 1907 592 1940 3.
628 1909 762 1941 Graev.
779 1908 882 1953 LiPS.
899 1910 932 1942 2.
960 1908 1059 1942 Mon.
1075 1920 1105 1941 c.
1123 1919 1154 1940 e.

418 1964 515 1996 Edd.
540 1962 620 1996 Ald.
644 1963 725 1996 501.
754 1964 809 1996 19.
858 1964 956 1997 Junt.
988 1960 1068 1996 514.
1098 1963 1156 1996 19.

419 2022 502 2053 Asc.
516 2017 596 2052 519.
619 2018 708 2052 Ven.
721 2017 800 2053 520.
827 2015 1046 2052 Colon.541.
1071 2018 1156 2051 Bas.

420 2074 501 2109 531.
538 2074 640 2106 Glar.
665 2071 748 2108 543.
777 2074 906 2108 Irenic.
930 2073 1010 2108 567.
1045 2075 1156 2118 Cruq.

420 2131 532 2164 Puhn.
555 2129 666 2163 Fabr.
691 2130 778 2163 Min.
799 2130 902 2164 nolis.
933 2130 1004 2163 Ms.
1020 2130 1156 2164 Bersm.

420 2197 479 2220 un.
503 2186 622 2219 Guelf.
651 2187 683 2220 2.
722 2186 826 2219 Dess.
848 2187 880 2219 1.
911 2185 1012 2230 Lips.
1034 2187 1068 2220 1.
1092 2197 1159 2220 un—

421 2253 526 2286 quam
546 2241 627 2274 disc.
663 2241 753 2275 Mss.
773 2242 895 2275 Lamb.
911 2241 1011 2286 aliqt.
1042 2242 1156 2276 Pulm.

423 2300 456 2332 1.
473 2298 507 2331 7.
526 2298 581 2330 10.
621 2297 727 2331 Dess.
755 2299 788 2333 2.
821 2298 919 2332 Mon.
943 2298 980 2331 b.
1005 2309 1036 2331 c.
1063 2298 1159 2332 noles

421 2363 623 2395 nunquam,
660 2364 843 2396 nusquam.
885 2353 971 2386 Var.
991 2353 1076 2387 lect.
1099 2365 1158 2397 ap.

422 2409 545 2442 Feam.
592 2408 646 2441 De
682 2420 752 2443 scr.
781 2409 879 2452 vulg.
910 2420 1055 2451 usquam
1083 2409 1158 2443 vid.

426 2464 541 2498 Orell.
560 2483 609 2488 -—
627 2464 764 2498 reddas.
788 2464 859 2498 Ms-
876 2464 1004 2498 Oberl.
1021 2465 1067 2498 D.
1098 2464 1160 2497 Sic

425 2520 529 2554 etiam
550 2519 704 2563 conjecit
727 2520 887 2554 Clericus
916 2524 954 2554 et
979 2519 1038 2554 hie
1063 2522 1101 2554 et
1123 2519 1162 2554 in

426 2576 562 2610 duobus
591 2587 691 2620 seqq.

481 2632 525 2664 V.
543 2631 600 2666 26.
622 2636 775 2676 augusta
790 2643 865 2665 cum
881 2631 928 2675 gl.
945 2630 1068 2665 nobili.
1089 2631 1161 2666 Ms.

424 2686 544 2720 Berol.
561 2687 594 2720 1.
622 2706 670 2712 —
698 2687 742 2719 V.
759 2688 816 2721 27.
845 2687 956 2720 Dulce
977 2687 1070 2730 loqui
1085 2688 1164 2720 red-

427 2744 498 2775 des.
544 2742 614 2775 Ed.
641 2742 791 2786 Cuning.
816 2743 928 2786 loqui3
955 2744 1077 2776 reddes
1097 2742 1163 2776 rid.

426 2798 497 2830 Ed.
513 2797 634 2840 Both„
647 2803 687 2830 ut
701 2799 815 2832 ridere
825 2799 938 2832 decor.
953 2799 999 2832 ad
1012 2809 1161 2842 sequen-

426 2854 479 2887 tia
497 2854 694 2896 referatur,
729 2854 804 2887 vid.
824 2854 930 2887 infra.
954 2874 1001 2878 —
1026 2857 1159 2888 decore.

427 2909 499 2944 Ms.
518 2909 637 2943 Guelf.
659 2911 690 2943 2.
707 2910 868 2944 decorum
889 2910 1016 2944 omissa
1030 2910 1158 2955 partic.

1193 855 1227 884 et
1245 861 1327 883 mss.
1342 849 1479 882 Bersm.
1497 852 1584 881 tres.
1607 847 1696 881 Bad.
1713 849 1746 882 1.
1775 847 1830 882 Ik.
1845 845 1881 882 4.
1897 847 1932 882 5.

1194 906 1314 940 Guelf.
1333 905 1366 937 1.
1401 905 1501 938 Mon.
1515 916 1546 938 c.
1561 915 1593 937 e.
1615 904 1787 938 decorum.
1826 905 1935 938 Forte

1194 965 1264 995 etc.
1299 960 1370 994 Ed.
1389 959 1544 994 Parisin.
1560 957 1642 994 752.
1669 963 1706 993 et
1725 959 1864 993 Valarti
1880 959 1935 993 in-

1195 1017 1292 1051 dicta
1312 1027 1428 1050 causa.
1450 1035 1504 1042 —-
1520 1016 1565 1049 V.
1582 1016 1638 1051 28.
1673 1015 1835 1060 Cinarae,
1852 1015 1934 1059 Cyn.

1201 1073 1344 1108 variant
1362 1083 1445 1105 mSS.
1462 1074 1500 1104 et
1514 1071 1594 1104 edd.

1249 1129 1293 1163 V.
1306 1128 1363 1163 29.
1386 1127 1418 1161 V
1415 1128 1584 1172 olpecula.
1604 1125 1693 1160 Mss.
1704 1137 1792 1159 omn.
1803 1127 1840 1159 et
1852 1125 1935 1160 edd.

1196 1187 1279 1219 ante
1287 1182 1498 1227 Bentlejum.
1521 1182 1583 1215 Sic
1593 1186 1630 1215 et
1640 1182 1730 1215 hunc
1738 1181 1851 1215 locum
1861 1182 1936 1215 lau-

1197 1241 1260 1275 ‹lat
1269 1239 1387 1274 Acron
1403 1239 1448 1272 ad
1458 1238 1536 1271 Sat.
1557 1239 1591 1281 1,
1608 1238 1641 1280 1,
1658 1235 1802 1272 53.cum
1813 1237 1935 1271 Schol.

1198 1297 1310 1340 Cruq.
1323 1299 1359 1328 et
1365 1295 1426 1328 i.e.
1438 1294 1652 1338 volpeculam
1660 1293 1858 1338 respiciunt
1865 1292 1936 1326 Au-

1199 1351 1362 1396 gustinus
1383 1354 1507 1384 contra
1525 1349 1689 1383 Mendac.
1701 1349 1747 1382 ad
1766 1349 1936 1383 Consent.

1198 1408 1261 1442 IV.
1271 1404 1392 1452 p.34o.
1405 1406 1461 1439 ed.
1470 1405 1552 1438 Ant.
1562 1405 1644 1438 701.
1653 1408 1689 1438 et
1697 1405 1936 1449 Isidor.Orig.

1200 1465 1217 1497 1
1233 1489 1243 1506 ,
1268 1463 1327 1497 39.
1368 1462 1504 1495 Contra
1521 1460 1729 1504 Hieronym.
1749 1460 1870 1506 Epist.
1891 1460 1938 1495 ad

1200 1519 1379 1552 Salvinam
1398 1518 1432 1551 9.
1452 1517 1482 1550 I.
1502 1528 1538 1562 p.
1550 1513 1609 1550 48.
1640 1517 1687 1550 G.
1704 1516 1761 1550 ed.
1781 1516 1884 1550 Frkf.
1901 1519 1939 1550 et

1199 1575 1301 1619 Lips.
1322 1570 1402 1616 684,
1428 1583 1494 1618 quo
1516 1572 1594 1606 loco
1615 1572 1774 1605 abutitur
1791 1571 1938 1606 Bentle-

1195 1631 1255 1674 jus
1269 1655 1279 1673 ,
1307 1630 1375 1663 huc
1393 1640 1462 1662 non
1482 1628 1653 1672 pertinet.
1690 1627 1773 1661 Vid.
1791 1626 1856 1660 Fr.
1877 1628 1938 1662 Ja-

1201 1687 1299 1719 cobs.
1315 1685 1359 1718 V.
1378 1695 1414 1728 p.
1432 1685 1510 1719 102.
1539 1683 1652 1723 Quum
1670 1682 1858 1727 volpecula
1875 1694 1939 1717 ne-

1201 1752 1269 1786 que
1284 1741 1459 1773 frumento
1480 1743 1659 1781 vescatur,
1681 1748 1794 1783 neque
1809 1750 1874 1783 per
1889 1738 1939 1773 ri-

1199 1808 1288 1830 mam
1303 1806 1463 1828 cumerae
1479 1794 1636 1839 quamvis
1649 1805 1764 1827 macra
1776 1794 1939 1839 irrepere

1200 1851 1318 1897 possit
1329 1877 1339 1895 ,
1370 1851 1548 1893 Bentlejus
1566 1861 1611 1883 ex
1629 1850 1833 1893 conjectura
1852 1851 1939 1884 nite-

1201 1909 1287 1941 dula
1313 1905 1434 1951 posuit
1461 1917 1605 1950 remque
1634 1916 1730 1939 suam
1752 1905 1941 1950 ingeniose

1201 1962 1318 1996 multis
1350 1961 1531 2006 probavit.
1583 1961 1641 1994 Cf.
1672 1961 1825 2005 Cuning.
1854 1961 1941 1995 Ani-

1202 2018 1318 2051 madv.
1336 2028 1366 2050 c.
1385 2017 1440 2051 19.
1461 2029 1497 2061 p.
1517 2016 1600 2050 390.
1635 2016 1701 2050 Fr.
1716 2016 1809 2062 Aug.
1826 2017 1938 2051 Wolf.

1201 2073 1239 2107 in
1259 2072 1437 2106 Hanharti
1454 2071 1755 2116 „Erinnerungen
1775 2084 1820 2106 an
1834 2073 1878 2106 F.
1893 2072 1938 2106 A.

1202 2129 1298 2162 W.“
1325 2140 1363 2172 p.
1383 2129 1440 2162 90.
1471 2132 1509 2161 et
1527 2127 1604 2161 Fea
1629 2128 1675 2162 ad
1695 2128 1730 2162 h.
1750 2127 1774 2162 l.
1826 2128 1941 2163 Recte

1203 2196 1289 2218 vero
1309 2185 1373 2217 Fr.
1394 2183 1590 2227 Jacobsius,
1621 2184 1688 2217 Vir
1707 2194 1874 2229 summus,
1903 2184 1942 2218 in

1202 2241 1328 2275 Museo
1349 2239 1518 2273 Rhenano
1538 2239 1568 2272 I.
1597 2250 1634 2283 p.
1656 2240 1737 2275 297.
1766 2251 1845 2284 sqq.
1866 2240 1942 2285 pri—

1203 2307 1277 2330 mus
1300 2295 1438 2339 docuit,
1468 2295 1506 2328 in
1523 2295 1652 2328 fabulis
1672 2307 1742 2329 non
1763 2295 1878 2329 omnia
1895 2296 1942 2330 ad.

1205 2352 1358 2396 lapidem
1376 2351 1527 2395 Lydium
1547 2350 1722 2395 exigenda
1741 2361 1844 2392 esse3
1872 2351 1940 2384 tri-

1204 2407 1267 2442 bui
1303 2407 1393 2441 enim
1427 2406 1604 2440 interdum
1639 2406 1845 2440 animalibus
1886 2418 1941 2450 ea,

1206 2474 1295 2509 quae
1314 2464 1358 2496 ab
1376 2473 1495 2495 eorum
1509 2465 1636 2495 natura
1649 2473 1796 2506 prorsus
1811 2462 1943 2496 abhor-

1205 2520 1321 2562 reant,
1345 2517 1527 2552 dummodo
1546 2529 1605 2551 res
1624 2517 1705 2563 ipsa
1718 2519 1941 2563 explanetur,

1207 2585 1308 2620 quam
1321 2573 1517 2618 scriptores
1536 2573 1666 2608 fabulis
1681 2575 1746 2608 sub
1762 2579 1943 2619 aspectum

1208 2630 1308 2676 quasi
1327 2630 1503 2673 subjicere
1522 2630 1647 2664 velint.
1681 2630 1772 2664 Post
1784 2629 1944 2664 Jacobsii

1206 2686 1320 2731 igitur
1339 2685 1551 2719 luculentam
1576 2686 1678 2730 hujus
1705 2685 1775 2720 loci
1801 2685 1943 2731 exposi-

1204 2743 1335 2776 tionem
1349 2741 1534 2786 genuinam
1548 2741 1760 2787 scripturam
1772 2752 1943 2786 reposue-

1205 2802 1288 2832 runt
1313 2797 1524 2841 Schmidius,
1545 2798 1747 2841 Hocheder,
1768 2797 1942 2840 Groebel,

1205 2855 1340 2887 Weber
1352 2880 1362 2897 ,
1413 2854 1626 2896 Passovius,
1678 2853 1943 2895 Braunhardus,

1206 2909 1384 2951 Orellius3
1400 2909 1570 2955 probavit
1583 2909 1892 2954 Morgensternius
1903 2908 1942 2943 in
