2028 3268
127 252 183 294 27
259 247 646 290 COMMENTARII
666 247 726 288 IN
742 246 974 288 HORATII
999 245 1099 286 LIB.
1117 245 1148 287 I.
1191 245 1358 286 EPIST.
1381 244 1545 286 TERT.
1594 240 1680 284 217

127 373 308 415 Attamen
337 373 528 425 propriam
552 373 751 411 verborum
779 371 1094 423 significationem
1121 370 1284 409 arbitror
1310 369 1560 409 retinendam.
1620 369 1682 407 Si-

126 442 283 493 gnificat
310 442 408 479 enim
437 441 559 479 Poeta
585 441 737 491 jocosus
771 439 873 478 illam
907 439 1066 478 Antonii
1098 439 1234 478 Musae
1263 438 1477 477 arthriticos
1504 437 1682 489 fulgidis

118 510 224 562 jhm.
260 510 414 549 curandi
439 510 646 560 rationem,
684 520 780 558 quae
809 507 981 546 omnibus
1011 520 1056 546 ex
1087 521 1123 549 a.
1145 521 1181 547 u.
1203 507 1298 548 731.
1329 507 1368 545 in
1397 519 1462 545 ore
1481 506 1563 545 fuit.
1594 506 1680 546 Vid.

127 577 252 617 Schol.
281 578 399 628 Cruq.
430 579 479 616 ad
510 578 634 632 Epist.
674 580 719 629 1,
743 578 818 627 15,
837 577 874 617 3.
905 581 944 614 et
966 589 1060 626 quos
1087 578 1139 615 ibi
1158 576 1289 614 laudat
1315 574 1547 612 Schmidius
1564 572 1679 614 Dion.

125 645 235 684 Cass.
263 645 333 695 53,
363 646 431 686 30.
465 647 534 687 31.
579 649 688 686 Suet.
712 647 814 696 Aug.
843 644 911 685 59.
944 645 1012 685 81.
1051 645 1145 684 Plin.
1178 645 1232 682 H.
1252 643 1302 682 N.
1328 644 1403 694 25,
1423 647 1462 685 7.
1483 643 1590 699 (38.)
1612 645 1682 694 29,

129 714 167 754 1.
188 711 262 766 (5.)
308 714 370 752 Cf.
395 720 524 754 annot.
556 717 606 754 ad
625 716 753 768 Epist.
784 715 822 763 1,
847 714 896 758 2,
919 713 986 753 52.
1027 727 1066 765 p-
1095 714 1188 753 177.
1230 712 1455 750 Baxterum
1474 715 1574 751 idem
1595 726 1682 752 sen-

125 782 220 819 sisse
252 795 354 820 nunc
384 783 506 822 video.
565 784 762 822 Genitivus
791 784 909 835 igitur
941 795 1010 834 per
1044 781 1324 831 appositionem
1354 781 1596 832 explicandus
1626 782 1682 819 vi·-

127 849 299 901 debitur,
331 854 375 888 ut
392 865 427 889 v.
457 852 524 892 25.
551 857 590 890 et
617 865 679 904 ap.
710 852 818 891 Curt.
849 854 898 903 8,
926 852 998 901 10,
1024 852 1063 890 7.
1096 849 1314 886 remedium
1348 850 1467 900 ignis.
1526 850 1589 888 Sic
1603 851 1682 902 so-

126 925 260 955 menta
275 918 444 970 frigida
477 919 738 971 intelliguntur
765 933 875 959 curae
899 920 1006 971 ipsae
1024 917 1216 968 fbmentis
1228 918 1400 968 frigidis
1428 922 1681 970 comparatae,

127 998 225 1036 quae
252 987 416 1024 animum
449 987 630 1039 paulatim
663 989 912 1040 refrigerant,
946 986 1186 1035 obtundunt,
1215 985 1327 1023 altius
1354 986 1564 1038 spirantem
1593 999 1682 1037 spe-

125 1058 366 1105 ctantemque
399 1056 628 1107 deprimunt.
686 1057 859 1095 Eandem
887 1055 1137 1104 sententiam,
1168 1066 1384 1104 quanquam
1413 1055 1682 1105 grammaticae

123 1125 335 1161 structurae
353 1123 570 1175 negligens,
591 1123 784 1176 amplexus
811 1129 871 1163 est
894 1123 1167 1174 Habezfelclus
1197 1127 1348 1159 secutus
1379 1122 1679 1162 Wtelandium:

124 1189 248 1239 „Und
280 1191 464 1230 kfinntest
497 1194 549 1230 du
585 1193 653 1231 der
681 1194 859 1244 Sorgen,
895 1193 956 1230 die
996 1192 1070 1229 den
1105 1190 1215 1228 Geist
1249 1191 1443 1241 erkalten,
1478 1191 1564 1230 dich
1595 1195 1681 1230 ent-

124 1257 355 1309 sehlagen.“
412 1259 542 1310 Atque
574 1260 676 1299 haud
708 1262 785 1300 scio
825 1274 876 1300 an
911 1261 1069 1299 eandem
1108 1259 1381 1310 interpretandi
1419 1260 1517 1298 viam
1554 1260 1682 1299 inierit

132 1326 317 1377 Vossius,
354 1340 469 1377 quum
500 1333 688 1367 verteret:
737 1331 844 1379 „der
879 1328 1125 1367 erkiiltenden
1158 1327 1307 1378 Sorgen
1339 1328 1573 1369 Geteusch.“
1620 1328 1682 1367 Ita

125 1392 223 1436 Plin.
253 1394 376 1445 Epist.
402 1396 452 1446 9,
477 1399 524 1448 2,
548 1398 586 1437 1,
625 1397 799 1434 multum
837 1396 1108 1448 distringebar
1134 1395 1376 1448 pleramque
1404 1397 1582 1448 frigidis
1609 1410 1681 1433 ne·-

121 1463 262 1513 gotits,
293 1477 398 1514 quae
425 1465 551 1502 simul
582 1473 617 1502 et
647 1473 821 1503 avocant
849 1467 1033 1502 animum
1062 1471 1098 1501 et
1126 1466 1415 1502 comminuunt.
1466 1466 1597 1515 Haec,
1631 1465 1681 1502 de

125 1541 203 1580 qua
235 1531 382 1581 agitur,
415 1532 620 1572 similitudo
655 1547 699 1572 eo
732 1535 906 1584 facetior,
951 1546 1026 1583 quo
1060 1534 1294 1582 frequentior
1322 1537 1381 1571 est
1416 1532 1681 1585 philosophiae

125 1610 209 1635 cum
236 1599 419 1637 medicina
444 1603 687 1652 comparatio.
739 1602 824 1642 Vid.
846 1606 977 1641 annot.
997 1601 1046 1639 ad
1071 1600 1195 1651 Epist.
1218 1601 1257 1650 1,
1279 1602 1318 1652 1,
1339 1601 1406 1641 37.
1433 1602 1681 1652 Quapropter

122 1665 261 1703 nollem
289 1657 479 1718 Meyerzm
509 1671 792 1719 (Commentat.
827 1670 875 1706 de
896 1669 1038 1719 Epiclz.
1074 1675 1231 1705 ornant.
1254 1670 1296 1704 vi
1318 1673 1390 1708 etc.
1419 1683 1456 1720 p.
1482 1667 1554 1719 14)
1563 1669 1674 1720 me.

121 1747 206 1770 cur.
228 1733 339 1786 frig.
367 1749 438 1786 pro
454 1737 651 1788 fomentis
674 1738 928 1790 frigidarum
961 1750 1151 1774 curarum
1180 1749 1226 1773 ex
1255 1737 1394 1774 usitata
1413 1736 1679 1787 Epithetorum

121 1804 400 1853 permutatione
433 1806 504 1843 dici
535 1811 728 1858 putasset,
757 1806 895 1844 nollem
923 1805 1098 1842 Bothius
1123 1818 1190 1855 ea,
1225 1804 1410 1854 siquidem
1436 1804 1600 1844 Romani
1632 1818 1678 1843 eo

122 1871 274 1920 quidem
299 1876 469 1924 tempore
499 1874 598 1912 haud
629 1875 736 1912 facile
767 1874 878 1913 aliam
905 1874 976 1912 nisi
1010 1874 1202 1925 propriam
1228 1873 1360 1911 horum
1390 1874 1590 1912 verborum
1621 1874 1679 1912 in-

122 1938 291 1989 telligere
337 1943 531 1992 potuerint
575 1943 909 1993 significationem,
958 1955 1177 1993 oxymorum
1217 1942 1238 1978 i.
1261 1953 1295 1978 e.
1315 1943 1506 1991 jbmenta
1537 1941 1678 1988 nihili,

123 2007 249 2055 qualia
276 2008 576 2048 describerentur
604 2012 681 2048 od.
718 2014 766 2061 2,
800 2012 877 2060 16,
909 2010 1096 2060 9-12,
1131 2011 1170 2047 in
1203 2010 1293 2049 edit.
1321 2009 1480 2047 Gesneri
1509 2010 1676 2050 dixisset.

123 2074 270 2120 Quodsi
299 2088 388 2114 vera
419 2082 509 2115 sunt
541 2091 638 2127 quae
667 2079 715 2116 de
742 2078 824 2116 loco
854 2083 1097 2116 controverso
1127 2078 1426 2128 disputavimus,
1457 2082 1539 2116 tota
1567 2077 1678 2115 refel-

121 2142 212 2180 litur
240 2143 378 2194 altera,
406 2145 464 2181 cui
494 2145 577 2196 ipse
608 2145 696 2183 olim
718 2146 896 2195 adhaesi,
918 2146 1191 2196 interpretandi
1212 2145 1331 2194 ratio,
1355 2157 1429 2194 qua
1447 2144 1678 2182 Lambinus

121 2211 171 2248 ad
210 2210 335 2262 Epod.
369 2211 443 2261 11,
476 2212 544 2252 17.
581 2213 766 2264 fomenta
795 2227 986 2250 cararum
1014 2212 1190 2262 intelligit
1223 2225 1394 2250 curarum
1433 2216 1602 2262 segetem
1633 2225 1678 2250 ac

122 2279 341 2330 materiam,
379 2280 582 2331 Cruquius
610 2282 659 2318 ad
683 2281 721 2318 h.
748 2281 773 2320 1.
805 2282 1126 2331 „nutrimenta“,
1156 2280 1373 2318 Chabolius
1402 2281 1617 2330 „alimenta
1637 2285 1676 2319 et

121 2346 325 2397 pabula“,
365 2361 387 2385 a
418 2360 493 2397 qua
531 2349 843 2401 interpretatione
873 2361 949 2386 non
983 2348 1143 2386 dissidet
1179 2350 1419 2385 Torrentius.
1476 2348 1676 2398 Nusquam

121 2418 263 2465 autem,
293 2416 471 2466 quicquid
492 2417 582 2455 dicit
607 2417 974 2467 fflitsclzerliclzius,
1015 2417 1063 2454 V.
1095 2416 1176 2467 CL,
1211 2418 1259 2454 ad
1288 2416 1391 2453 illum
1423 2415 1568 2467 locum,
1601 2417 1676 2456 ista

122 2482 343 2532 significatio
370 2496 495 2534 neque
524 2499 585 2538 ap.
623 2486 758 2524 Horat.
791 2497 912 2535 neque
951 2498 1014 2536 ap.
1042 2484 1157 2522 ullum
1186 2497 1321 2523 aureae
1344 2485 1480 2522 aetatis
1513 2485 1675 2538 scripto-

123 2686 342 2721 verstanden
370 2688 524 2723 werden.
576 2687 624 2722 So
657 2687 824 2732 Satyrius
860 2687 996 2731 Thyill.
1031 2687 1100 2732 Ep.
1134 2686 1198 2721 IV.
1232 2686 1298 2719 auf
1326 2685 1427 2720 einen
1459 2686 1671 2731 gefesselten

123 2743 235 2778 Eros:
271 2740 396 2788 ψυχροὶ
420 2741 502 2779 τάδ’
528 2738 749 2787 ἀνθρώποις
770 2742 1018 2789 παραμύθια,
1054 2756 1128 2778 was
1162 2755 1225 2777 aus
1254 2743 1379 2789 Eurip.
1403 2743 1478 2780 Alc.
1503 2745 1584 2780 363.
1609 2757 1669 2790 ge-

123 2813 280 2835 nommen
306 2801 378 2835 ist:
403 2799 552 2846 ψυχράν
575 2801 654 2847 μέν,
680 2799 795 2848 οἶμαι,
822 2798 966 2845 τέρψιν.
992 2802 1166 2836 ebenfalls
1192 2813 1263 2835 von
1287 2801 1398 2835 einem
1419 2802 1668 2837 Kunstwerke.

123 2858 226 2892 Solch
256 2859 310 2892 ein
334 2859 521 2904 frigidum
540 2863 742 2904 fomentum
786 2871 958 2894 curarum
997 2858 1210 2904 verkiindigt
1234 2860 1435 2894 Kassandra
1468 2860 1544 2894 dem
1566 2859 1670 2894 Paris

124 2927 181 2961 ap.
199 2915 377 2962 Lycophr.
408 2917 486 2952 113.
515 2914 661 2962 ψυχρὸν
683 2913 985 2963 παραγκάλισμα,
1008 2910 1089 2950 κατ’
1115 2911 1318 2960 ὀνειράτων
1340 2920 1468 2959 κεναῖς
1487 2913 1670 2962 ἀφάσσων

123 2967 294 3008 ὠλέναισι
316 2969 461 3018 δέμνια.
484 2973 556 3010 vid.
581 2974 726 3010 Schol.“
