2028 3268
728 1093 1593 1169 COMMENTARII

1141 1252 1196 1286 IN

407 1365 716 1413 HORA'I'II
760 1366 956 1412 LIBRI
1004 1369 1042 1413 Ι.
1109 1365 1526 1414 EPISTOLAM
1576 1363 1915 1422 QUINTAM.

406 1674 537 1731 Haec
553 1691 747 1741 Epistola,
777 1704 851 1740 qua
865 1691 1045 1731 Horanus
1073 1693 1306 1743 Torquatum
1326 1693 1375 1730 ad
1395 1704 1548 1729 coenam
1578 1689 1766 1739 quandam
1789 1689 1914 1738 fruga-

406 1761 478 1799 lem
503 1759 646 1808 vesperi
669 1758 868 1795 ineundam
892 1758 1046 1810 invitat,
1083 1773 1235 1811 prorsus
1257 1762 1385 1810 jocosa
1412 1763 1470 1795 est
1508 1761 1547 1794 et
1576 1754 1737 1793 ridicula.
1794 1754 1914 1793 Hilari

407 1828 504 1864 enim
525 1825 646 1863 animo
671 1824 789 1862 Poeta
804 1825 919 1862 amico
934 1826 1128 1875 pollicetur
1147 1826 1262 1863 lectos
1284 1826 1332 1862 ad
1348 1822 1636 1862 accumbendum
1658 1834 1735 1858 non
1756 1821 1914 1859 eburnos

406 1894 488 1931 illos
517 1892 666 1941 quidem
691 1891 928 1940 stragulaque
952 1894 1216 1942 pretiosissima
1245 1896 1406 1941 stratos,
1435 1890 1502 1927 sed
1520 1893 1643 1926 tamen
1661 1887 1708 1924 ab
1732 1887 1916 1937 elegantia

407 1960 570 2010 quadam
585 1970 659 1995 non
679 1956 789 2006 plane
813 1957 973 2007 alienos,
1002 1971 1153 1996 coenam
1176 1971 1252 1996 non
1283 1963 1360 1995 tam
1375 1957 1514 1995 variam
1540 1960 1578 1992 et
1599 1954 1916 2002 conquisitissimis

408 2026 497 2063 cibis
515 2026 756 2072 instructam,
787 2036 897 2071 quam
918 2025 1118 2074 simplicem
1133 2030 1171 2062 et
1191 2025 1392 2074 frugalem,
1420 2034 1516 2072 quae
1545 2021 1644 2058 olera
1663 2020 1781 2057 omnis
1801 2033 1917 2070 gene-

408 2093 459 2129 ris
475 2090 712 2141 suppeditet,
740 2090 864 2127 vinum
891 2104 966 2128 non
984 2092 1181 2130 Falernum
1209 2092 1300 2129 illud
1319 2091 1468 2140 quidem
1490 2088 1673 2126 interioris
1695 2091 1827 2137 notae,
1853 2100 1916 2125 ve-

407 2162 614 2196 rumtamen
643 2156 742 2192 haud
769 2160 1018 2205 spernendum
1048 2163 1085 2196 et
1104 2160 1173 2208 ita,
1204 2163 1245 2196 ut
1276 2159 1307 2195 si
1325 2157 1479 2194 conviva
1495 2155 1623 2192 melius
1637 2154 1912 2205 afferrijubeat,

408 2226 488 2275 ipse
522 2223 735 2262 convivator
770 2235 852 2259 eam
878 2222 998 2272 legem
1033 2226 1102 2262 sibi
1137 2226 1275 2275 imponi
1302 2237 1378 2261 non
1410 2226 1603 2273 gravetur3
1644 2220 1916 2270 qualiscumque

408 2294 532 2328 autem
560 2292 761 2340 apparatus
790 2289 860 2338 sit,
890 2302 953 2327 eas
984 2303 1025 2327 se
1052 2291 1139 2329 boni
1163 2289 1408 2329 convivatoris
1442 2292 1590 2338 partes,
1616 2299 1710 2336 quae
1735 2287 1913 2324 mundum

408 2370 452 2395 ac
467 2356 609 2393 lautum
626 2367 761 2393 coenae
780 2359 924 2404 patrem
944 2357 1120 2406 deceant,
1147 2362 1315 2394 acturum
1335 2367 1416 2392 esse
1431 2356 1557 2404 jocose
1577 2353 1769 2402 significat.
1799 2352 1912 2390 Prae-

408 2427 466 2461 ter
485 2423 580 2460 hanc
598 2421 815 2459 munditiem
833 2422 907 2458 duo
924 2435 964 2458 se
982 2423 1035 2460 ait
1052 2427 1351 2474 procuraturum,
1378 2421 1511 2458 amicos
1529 2419 1623 2455 fidos
1643 2423 1682 2456 et
1698 2431 1806 2469 pares
1830 2431 1914 2457 eos-

409 2501 480 2538 que
507 2502 584 2527 non
604 2488 762 2537 multos,
790 2500 1000 2536 quanquam
1020 2490 1224 2538 complures
1244 2488 1378 2526 adduci
1402 2485 1570 2534 umbras,
1591 2486 1702 2522 modo
1722 2498 1769 2522 ne
1787 2498 1914 2523 eorum

410 2567 581 2593 numerus
610 2558 764 2605 propter
787 2554 1020 2592 incommoda
1048 2556 1228 2603 quaedam
1255 2554 1387 2592 nimius
1410 2554 1480 2602 sit,
1518 2563 1584 2601 per
1613 2564 1653 2588 se
1678 2551 1794 2590 liceat.
1851 2551 1912 2589 Ad

410 2622 501 2659 haec
521 2622 674 2659 convivii
694 2621 830 2670 gaudia
853 2633 899 2657 ne
923 2621 1067 2658 dubitet
1085 2633 1285 2672 properare
1308 2620 1522 2668 Torquatus
1536 2646 1548 2667 ,
1575 2621 1792 2669 praemonet
1814 2630 1911 2668 eum,

410 2694 454 2724 ut
481 2701 568 2725 cura
591 2700 712 2724 rerum
733 2686 931 2725 forensium
952 2687 1085 2726 omissa
1102 2686 1369 2738 aliquantisper
1395 2698 1436 2722 se
1458 2685 1546 2721 dare
1572 2684 1660 2721 velit
1675 2684 1910 2734 jucunditati,

411 2758 556 2804 tempus
576 2753 673 2790 enim
692 2764 774 2790 esse
794 2756 1068 2803 opportunum,
1097 2754 1269 2802 quoniam
1295 2765 1375 2790 cras
1405 2753 1520 2788 instet
1548 2751 1625 2787 dies
1638 2755 1727 2788 nato
1749 2751 1908 2788 Caesare

410 2821 548 2870 festus,
587 2831 681 2867 quae
711 2818 938 2856 sollemnitas
963 2820 1191 2858 vacationem
1222 2821 1292 2858 fori
1322 2822 1407 2869 det,
1445 2830 1489 2855 ex
1521 2830 1594 2866 quo
1631 2817 1726 2854 hanc
1759 2817 1907 2866 quidem

412 2889 559 2923 noctem
586 2885 700 2923 amica
718 2883 1014 2925 confabulatione
1040 2887 1246 2937 transigere
1273 2890 1312 2924 et
1334 2890 1414 2924 tum
1440 2896 1570 2923 somno
1598 2883 1790 2935 indulgere
1819 2883 1908 2934 ipsis
