2054 3268
394 289 456 318 xx
955 274 1339 318 PRAEFATIO.

388 407 614 464 jectionem
634 406 703 450 vel
721 405 947 465 cogitando
972 407 1048 450 sibi
1067 406 1229 466 fingant
1247 407 1393 452 talium
1416 408 1640 467 imaginem
1656 411 1781 466 atque
1801 407 1896 453 for-

394 509 519 539 mam.
562 495 623 540 At
650 496 687 539 si
714 496 794 539 hoc
813 494 937 540 modo
955 497 1163 563 interpres
1182 498 1383 541 nonnulla
1406 501 1450 542 et
1474 498 1544 541 vel
1562 497 1740 556 plurima
1756 511 1899 541 secum

394 584 501 645 sert,
542 597 647 642 quae
682 583 903 644 „indocti
942 584 1137 630 discant
1168 593 1214 631 et
1246 592 1403 630 ament
1437 585 1700 630 meminisse
1721 585 1899 646 periti“

394 675 484 732 quis
505 677 595 732 est,
634 675 700 732 qui
723 687 818 718 eum
846 673 1157 734 reprehendat?
1204 675 1472 736 Quapropter
1490 689 1749 735 magnopere
1767 689 1898 720 cave-

393 763 474 822 bit,
502 776 578 822 ne,
612 762 708 806 dum
727 763 784 806 ad
805 763 910 808 illud
925 767 1229 825 praescriptum
1253 766 1474 826 „sapienti
1497 769 1564 809 sat
1576 763 1608 791 ‘⁴
1634 778 1768 825 agere
1787 764 1898 824 apud

392 866 441 896 se
467 853 749 912 constituerit,
802 854 912 898 sicco
941 868 1071 914 saepe
1111 854 1218 914 pede
1243 856 1360 900 locos
1404 854 1656 899 difficiliores
1694 855 1900 899 transiliat

392 942 560 1000 altoque
579 943 800 1001 supercilio
820 947 1060 1001 praetereat
1076 958 1143 1003 ea,
1177 958 1351 1002 quorum
1371 945 1617 1002 complicata
1635 945 1749 989 notio
1773 943 1898 988 evol-

391 1031 529 1075 venda
554 1033 648 1075 erit.
716 1031 765 1075 In
786 1045 832 1075 re
854 1035 995 1076 autem
1015 1034 1194 1078 obscura
1215 1038 1338 1092 atque
1357 1035 1517 1078 incerta
1537 1047 1682 1078 errare
1709 1033 1899 1092 equidem

391 1121 545 1179 malui,
586 1135 706 1178 quam
738 1122 999 1179 conjectandi
1035 1123 1228 1167 libertate
1267 1123 1433 1168 cuilibet
1468 1137 1670 1168 concessa
1700 1136 1785 1168 non
1822 1123 1898 1166 uti.

391 1209 530 1266 Quum
550 1223 673 1255 nemo
695 1212 882 1270 nesciat,
909 1225 1032 1269 quam
1055 1227 1256 1272 magnum
1272 1213 1328 1256 sit
1349 1217 1394 1257 et
1419 1213 1596 1257 arduum
1623 1227 1754 1272 opus,
1784 1211 1899 1255 dilu-

391 1299 483 1343 cide
520 1300 821 1359 interpretandi
859 1299 1107 1361 Horatium,
1154 1314 1313 1360 aequos
1346 1302 1497 1346 harum
1535 1315 1676 1346 rerum
1718 1301 1899 1345 arbitros

391 1390 541 1434 erratis
562 1391 666 1433 meis
686 1392 853 1434 veniam
871 1404 968 1435 esse
987 1391 1159 1436 daturos
1183 1404 1308 1450 spero
1338 1396 1463 1450 atque
1485 1390 1661 1435 confido.
1700 1388 1902 1435 Ceterum

390 1480 433 1522 in
463 1479 544 1523 hoc
570 1478 771 1524 fasciculo
806 1482 1032 1525 retractavi
1066 1482 1222 1541 multa,
1269 1495 1374 1540 quae
1400 1482 1443 1524 in
1475 1480 1659 1525 editione
1691 1479 1727 1523 1.
1767 1477 1900 1539 (Des

396 1567 487 1628 Qu.
519 1567 755 1612 Horatius
790 1568 1002 1613 Flaccus
1027 1575 1180 1614 erster
1214 1568 1363 1629 BrIef
1388 1570 1476 1614 des
1506 1574 1666 1613 ersten
1694 1567 1898 1612 Buches.

393 1655 602 1701 Erkla'rt
641 1682 701 1688 ——
733 1683 793 1689 —
833 1657 1162 1714 Radolstadt,
1197 1658 1244 1701 in
1283 1659 1373 1703 der
1403 1658 1743 1718 privilegirten
1775 1656 1902 1718 qu-

394 1745 562 1790 Buch·
606 1746 705 1790 und
742 1746 1157 1807 Kanethandlang
1205 1747 1350 1792 1822.
1386 1748 1448 1791 IV
1485 1752 1528 1792 et
1563 1748 1628 1792 94
1655 1763 1726 1807 pp.
1763 1747 1794 1791 f.
1822 1745 1900 1806 8.)

391 1836 588 1881 audacius
618 1837 834 1895 proposita
861 1837 1088 1897 leguntur,
1127 1838 1214 1881 alia
1249 1842 1294 1882 ut
1329 1837 1627 1896 concederem,
1675 1838 1754 1881 viri
1789 1837 1901 1883 docti

390 1940 474 1971 non
500 1931 814 1985 persuaserunt.

490 2014 672 2075 Restat,
711 2021 755 2060 ut
784 2028 864 2074 qua
889 2013 1015 2057 laude
1044 2013 1315 2074 dignissimus
1344 2019 1432 2074 est,
1466 2027 1519 2058 ea
1548 2027 1751 2058 exornem
1777 2014 1900 2071 hujus

390 2105 531 2163 operis
558 2103 866 2163 redemptorem
899 2102 1166 2162 Georgium
1200 2102 1436 2162 lVigand,
1481 2104 1617 2148 virum
1642 2103 1901 2148 honestissi-

389 2207 525 2252 mum,
572 2194 720 2252 quippe
752 2195 818 2252 qui
854 2191 1161 2238 Horatianus
1191 2191 1442 2252 Epistulas
1478 2193 1560 2238 hoc
1589 2191 1902 2237 commendabili

389 2284 526 2328 nitore
546 2287 590 2328 et
613 2283 822 2342 perpolita
837 2283 1037 2327 munditie
1060 2282 1230 2342 prodire
1251 2283 1448 2327 voluerit.
1515 2282 1701 2339 Itemque
1719 2282 1902 2325 maxima

390 2372 563 2418 debetur
595 2373 738 2433 gratia
763 2373 814 2416 iis
842 2372 974 2431 viris,
1014 2373 1081 2430 qui
1108 2372 1408 2431 permolestum
1430 2370 1700 2430 plagularum
1715 2383 1742 2414 a
1760 2375 1901 2429 typo-

391 2461 534 2506 thetae
557 2463 710 2506 erratis
739 2460 1053 2522 purgandarum
1070 2475 1219 2505 munus
1247 2460 1363 2519 passi
1386 2463 1483 2504 sunt
1517 2459 1593 2503 sibi
1616 2460 1786 2518 imponi.
1852 2460 1902 2503 In

392 2551 457 2594 his
476 2552 697 2595 utilissima
715 2564 783 2595 me
804 2552 963 2596 monuit
984 2549 1076 2594 Gu.
1100 2549 1201 2594 Ad.
1223 2546 1440 2607 Becker.,
1473 2549 1539 2606 qui
1556 2549 1621 2592 vir
1644 2549 1901 2608 antiquitatis

391 2640 568 2685 scientia
594 2654 678 2684 non
707 2641 844 2700 magis
876 2640 1048 2685 excellit
1069 2652 1191 2698 quam
1218 2637 1492 2682 humanitate.
1560 2637 1604 2681 Is
1629 2642 1780 2697 postea
1806 2651 1901 2682 meo

393 2732 550 2788 rogatu
575 2729 733 2787 aliquot
766 2730 1059 2774 annotationes
1096 2728 1371 2786 interposuit,
1412 2725 1520 2785 quod
1548 2727 1716 2785 saepius
1747 2726 1902 2771 factum

392 2818 550 2863 vellem
579 2816 859 2876 optabuntque
888 2832 1036 2864 omnes
1063 2818 1131 2877 qui
1158 2819 1311 2861 norunt
1337 2815 1649 2876 diligentissimi
1678 2816 1772 2860 Viri
1804 2816 1901 2860 ele-

392 2910 567 2968 gantem
586 2905 817 2951 doctrinam
842 2921 894 2952 ac
920 2908 1095 2970 politum
1114 2905 1329 2968 judicium.
1348 2925 1350 2927 >
1399 2903 1647 2963 Quanquam
1665 2905 1727 2950 sic
1747 2906 1903 2964 optime
