2028 3268
427 285 509 327 288
581 286 952 327 COMMENTARII
975 287 1030 324 IN
1048 285 1264 326 HORATII
1287 286 1382 326 LIB.
1399 288 1426 326 1.
1452 287 1614 330 EPIST.
1628 289 1776 328 SEXT.
1876 292 1930 334 20

421 412 614 450 amendem
646 410 694 447 ad
740 409 984 445 Torrentium
1015 409 1075 446 vel
1115 409 1405 447 Welandium.
1467 409 1499 447 A
1532 410 1700 461 Lubino,
1733 415 1776 448 ut
1810 412 1930 450 refert

423 477 678 521 Schmidius,
712 475 904 512 Numicius
933 478 1087 513 vocatur
1104 475 1152 513 L.
1174 477 1358 514 Minucius
1388 476 1570 525 Plancus,
1598 479 1667 516 sed
1689 490 1838 516 causam
1854 490 1931 516 non

418 546 534 583 addit.

530 610 587 648 Ab
631 607 699 645 hac
738 619 848 658 quam
886 608 1066 658 proposui
1101 610 1286 646 sententia
1330 607 1428 647 haud
1476 610 1554 647 scio
1591 622 1639 648 an
1678 623 1796 662 prope
1833 611 1932 650 absit

418 675 668 727 Brieglebias
697 678 736 712 et
768 675 922 724 propius
950 676 1168 726 Koenigias
1180 703 1197 722 ,
1231 689 1439 726 quanquam
1468 676 1529 714 ille
1548 689 1724 715 summam
1740 676 1932 728 Epistolae

416 749 468 783 ita
503 742 707 782 connectit:
744 740 1030 791 „Despicientia
1063 755 1188 779 rerum
1227 746 1459 780 externarum
1497 744 1556 781 via
1595 743 1644 781 ad
1675 744 1771 782 bene
1802 744 1932 783 beate-

416 825 489 862 que
518 810 719 848 vivendum
743 811 827 856 est,
859 809 976 845 virtus
997 808 1078 845 sola
1096 809 1195 846 bona
1227 811 1536 860 expetendaque,
1573 809 1645 847 alia
1663 811 1806 860 omnia,
1839 823 1934 861 quae

413 879 525 928 vulgo
567 877 691 926 expeti
730 875 874 925 solent,
911 876 1050 912 caduca
1087 888 1131 913 ac
1170 876 1300 914 saltem
1332 889 1413 914 cum
1445 878 1523 914 vita
1557 878 1784 927 amittenda,
1813 890 1934 927 neque

414 959 456 984 re
489 957 577 983 vera
610 942 813 981 salubria.“
871 942 1046 980 Ceterum
1076 946 1202 980 monet
1239 944 1338 980 idem
1370 945 1427 980 vir
1460 945 1618 992 doctus,
1656 945 1796 993 „quod
1833 956 1933 981 sum-

414 1025 513 1051 mum
542 1014 581 1048 et
619 1010 862 1047 obcoecatum
898 1010 1074 1058 cujusque
1106 1009 1159 1045 rei
1190 1010 1351 1046 studium
1378 1015 1496 1060 ponat
1524 1010 1663 1058 Poeta,
1701 1011 1741 1048 id
1772 1011 1821 1048 ad
1850 1010 1934 1047 irri-

414 1081 558 1118 sionem
594 1076 913 1114 accommodatum
951 1076 1082 1113 esse.“
1139 1077 1284 1120 Quodsi
1313 1078 1385 1115 duo
1425 1078 1476 1115 illi
1508 1078 1577 1115 viri
1604 1089 1683 1114 rem
1715 1090 1737 1115 a
1769 1089 1934 1128 persona

414 1145 578 1185 Numicii
610 1143 730 1194 probe
758 1143 1036 1192 disjunxerunt,
1076 1143 1334 1180 Welandius
1361 1144 1473 1194 longe
1500 1144 1608 1182 aliam
1639 1147 1726 1182 ante
1758 1156 1823 1182 eos
1852 1155 1933 1180 mu-

414 1214 506 1250 nivit
531 1211 801 1260 interpretandi
826 1209 943 1258 viam,
981 1209 1034 1245 ita
1065 1213 1106 1246 ut
1125 1209 1338 1247 Numicium
1366 1212 1582 1261 opinaretur
1609 1212 1728 1249 fuisse
1751 1210 1934 1248 hominem

412 1280 710 1325 inconstantem,
746 1276 824 1324 cui,
864 1287 975 1325 quum
1006 1276 1118 1312 modo
1155 1275 1250 1324 hoc,
1279 1278 1390 1314 modo
1424 1277 1514 1316 illud
1533 1278 1733 1328 probasset
1766 1280 1936 1316 secutus-

415 1361 488 1399 que
524 1349 648 1394 esset,
682 1343 858 1382 Horatius
893 1345 1022 1379 auctor
1055 1342 1210 1392 fuisset,
1243 1347 1283 1380 ut
1308 1347 1447 1382 certam
1476 1344 1622 1383 vivendi
1651 1345 1835 1382 rationem
1867 1343 1935 1382 eli-

414 1416 523 1466 geret
555 1413 662 1460 eique
692 1410 873 1448 tenaciter
903 1408 1133 1448 adhaereret.
1195 1410 1421 1448 IsVielandn·
1447 1412 1617 1461 vestigiis
1651 1411 1816 1462 ingressi
1850 1413 1938 1448 sunt

420 1480 664 1523 Wetzelius,
695 1477 897 1520 Zeunius,
936 1475 1011 1512 alii.
1069 1476 1168 1525 Sed,
1208 1481 1249 1514 ut
1282 1478 1352 1515 alia
1387 1478 1576 1527 omittam,
1615 1478 1686 1516 hoc
1722 1491 1796 1515 uno
1821 1476 1936 1526 refelss

415 1551 500 1587 litur
538 1546 739 1585 eorundem
771 1543 1041 1592 interpretandi
1074 1544 1190 1591 ratio,
1232 1545 1332 1593 quod
1368 1545 1407 1582 in
1443 1545 1568 1596 priore
1603 1544 1796 1595 Epistolae
1829 1546 1936 1595 parte

415 1617 533 1654 Poeta
553 1613 645 1664 ipsis
666 1611 789 1648 verbis
810 1610 919 1657 dicit,
940 1609 1030 1646 nihil
1046 1610 1299 1647 admirandum
1320 1623 1427 1660 esse,
1457 1624 1578 1661 neque
1599 1611 1786 1660 honores,
1813 1622 1935 1660 neque

415 1682 586 1728 divitias,
618 1690 739 1726 neque
773 1676 845 1713 alia
882 1676 983 1713 talia.
1042 1675 1102 1713 An
1135 1678 1261 1725 dices,
1301 1678 1389 1714 nihil
1425 1677 1599 1716 admirari
1638 1690 1744 1726 eum,
1776 1677 1838 1727 qui
1873 1680 1936 1714 aut

415 1748 616 1794 avaritiae,
651 1747 714 1781 aut
741 1742 874 1792 gulae,
913 1746 977 1779 aut
1005 1743 1190 1780 amoribus
1223 1744 1408 1782 inservit?
1467 1745 1705 1794 Quapropter
1738 1743 1935 1794 ingeniose

416 1816 506 1853 dicit
540 1813 608 1848 [4.
644 1808 851 1847 Jacobsius
862 1835 878 1853 ,
910 1809 1074 1846 Numicii
1109 1810 1271 1859 effigiem
1300 1824 1323 1848 a
1353 1810 1560 1848 Wielandio
1586 1811 1711 1849 fictam
1736 1811 1854 1848 videri
1882 1810 1935 1847 si-

416 1883 602 1922 millimam
630 1876 741 1915 Demi
767 1874 1049 1912 Atheniensium
1076 1888 1098 1913 a
1125 1875 1322 1914 Parrhasio
1357 1878 1471 1928 picti,
1508 1878 1547 1915 in
1583 1891 1656 1928 quo
1689 1880 1840 1915 auctore
1858 1876 1935 1915 Pli-

415 1951 478 1988 nio
511 1947 646 1985 artifex
671 1942 830 1979 voluerit
849 1942 983 1977 omnia
1000 1943 1156 1991 pariter
1177 1944 1387 1981 ostendere.
1455 1944 1627 1982 Orellius
1655 1947 1801 1993 autem,
1835 1943 1936 1994 quod

416 2015 575 2062 mireris,
597 2021 806 2061 quanquam
821 2006 1045 2045 Welanclii
1061 2010 1191 2046 mirum
1212 2011 1259 2048 de
1271 2011 1311 2048 N
1314 2012 1446 2048 umicio
1467 2014 1711 2050 commentum
1729 2011 1936 2061 impugnat,

417 2085 490 2122 alia
516 2083 577 2119 via
610 2079 687 2117 sive
719 2076 854 2113 invitus
883 2075 961 2112 sive
991 2075 1128 2114 inscius
1161 2078 1200 2114 in
1236 2078 1405 2128 ejusdem
1433 2082 1556 2116 castra
1587 2078 1747 2116 transiit.
1798 2077 1936 2115 Exem-

417 2151 480 2202 plo
514 2151 636 2186 autem
673 2143 912 2194 praeiverunt
950 2142 1100 2178 Zellius
1129 2147 1167 2180 et
1197 2145 1478 2192 Hoc-hederas,
1515 2157 1626 2195 quum
1641 2145 1835 2183 Horatium
1853 2157 1936 2182 cre-

418 2218 553 2254 derent
585 2212 801 2249 alterutram
831 2207 1086 2246 conditionem
1111 2212 1370 2251 commendare
1400 2212 1563 2250 voluisse
1590 2212 1662 2249 hoc
1694 2213 1775 2250 fere
1804 2212 1935 2249 modo:

418 2285 509 2335 „ubi
546 2279 684 2318 videris
701 2304 712 2326 ,
752 2277 925 2313 virtutem
959 2275 1075 2313 solam
1112 2291 1228 2327 posse
1265 2279 1374 2316 nobis
1412 2279 1523 2316 animi
1563 2279 1864 2328 tranquillitatem
1898 2281 1937 2316 ct

417 2354 531 2389 vitam
566 2359 654 2385 vere
691 2345 838 2381 beatam
874 2342 1080 2391 praebere,
1119 2344 1213 2382 hanc
1242 2346 1361 2396 ipsam
1393 2347 1498 2382 unice
1523 2358 1701 2396 sequere3
1740 2345 1798 2383 sin
1826 2358 1934 2382 secus

419 2417 608 2463 senseris,
643 2413 814 2463 praestat
842 2408 902 2446 vel
936 2409 1109 2458 divitias,
1148 2411 1207 2448 vel
1234 2412 1362 2462 populi
1387 2413 1551 2450 savorem
1575 2415 1612 2449 et
1634 2412 1794 2449 honores
1820 2413 1935 2450 adeo-

419 2499 490 2536 que
526 2482 704 2520 luxuriam
739 2482 778 2515 et
804 2475 1017 2525 voluptates
1052 2480 1203 2514 strenue
1235 2479 1394 2527 sectari,
1426 2491 1535 2528 quam
1558 2479 1746 2528 trepidare
1773 2479 1813 2516 in
1838 2480 1936 2517 vitae

417 2551 644 2596 rationibus,
678 2546 861 2592 titubare,
900 2543 972 2580 alia
1004 2544 1142 2581 sentire
1173 2548 1211 2582 et
1231 2544 1357 2594 loqui,
1393 2545 1464 2583 alia
1494 2545 1712 2583 factitare.“
1768 2544 1821 2583 At
1851 2547 1936 2583 huic

419 2621 451 2657 si
490 2628 669 2655 assensus
708 2611 820 2649 fueris
857 2610 1179 2660 interpretationi,
1224 2624 1313 2648 sane
1354 2612 1557 2650 verendum
1594 2613 1688 2660 erit,
1723 2625 1770 2650 ne
1811 2612 1934 2651 Hora-

417 2687 490 2722 tius
525 2697 590 2721 suo
623 2682 741 2732 ipsius
780 2690 822 2715 se
854 2678 1079 2727 jugulaverit
1111 2677 1247 2727 gladio.
1307 2677 1401 2721 Quis
1433 2683 1515 2727 est,
1557 2679 1618 2730 qui
1653 2679 1802 2728 credat,
1835 2678 1933 2717 Poe-

418 2757 516 2799 tam,
558 2751 620 2799 qui
646 2759 793 2785 omnem
819 2745 928 2782 animi
955 2745 1169 2794 aeruginem
1197 2757 1400 2795 omnesque
1427 2746 1551 2796 pusilli
1578 2747 1688 2783 animi
1708 2758 1814 2783 curas
1833 2746 1934 2783 nihili

418 2817 599 2866 floccique
634 2814 798 2860 duxerit,
831 2824 853 2849 a
888 2812 1075 2849 sententia
1111 2812 1329 2862 gravissima
1359 2812 1395 2849 in
1430 2813 1534 2850 initio
1567 2812 1760 2864 Epistolae
1791 2825 1934 2863 propo-

420 2885 491 2922 sita
511 2884 559 2920 ad
590 2879 899 2918 commendandas
928 2891 988 2915 res
1009 2881 1084 2916 tam
1105 2879 1236 2915 inanes
1267 2882 1306 2916 et
1334 2878 1452 2916 libero
1482 2879 1628 2918 homine
1655 2879 1825 2930 indignas
1857 2892 1933 2916 non

421 2950 588 2989 simulate
609 2948 839 2986 descendere
879 2943 1078 2997 potuisse?
1117 2945 1211 2990 Quis
1246 2948 1326 2995 est,
1364 2947 1426 2996 qui
1461 2947 1531 2984 sibi
1570 2947 1816 2996 persuadeat,
1851 2947 1932 2984 Ho-
