2028 3268
160 255 217 297 ’81
270 253 652 294 ,ΟΟΜΜΕΝΤΑΒΠ
679 255 734 292 ΙΝ
762 253 987 293 HORATII
1004 252 1178 292 EPIST.
1197 253 1418 293 SECUND.
1447 254 1548 292 LIB.
1570 255 1603 295 I.
1635 251 1717 295 187

162 369 232 408 IV.
260 381 302 421 p.
319 364 417 408 346.
444 367 536 419 Rip.
567 365 621 420 (c.
639 368 679 408 7.
709 381 751 419 p.
772 367 870 408 287.
900 364 1070 421 Stallb.)
1102 368 1246 407 collato
1274 367 1399 406 simili
1423 367 1514 405 loco
1536 379 1590 404 ex
1611 367 1718 405 Hor-

163 439 292 476 tensio
317 449 382 489 ap-
407 436 584 474 Nonium
613 450 655 489 p-
682 437 781 477 386.
809 435 905 477 521⁵
938 436 1022 488 (Ut
1052 437 1084 473 ii
1111 437 1184 488 qui
1206 435 1378 474 combibi
1396 448 1629 487 purpuram
1647 448 1720 472 νο-

163 505 272 552 lant,
307 505 517 557 sufficiunt
541 506 662 557 prius
700 504 844 543 lanam
874 504 1175 542 medicamentis
1209 503 1451 557 quibusdam
1461 518 1479 552 ;
1508 505 1568 541 sic
1595 503 1720 540 literis

163 573 392 626 talibusque
413 573 604 612 doctrinis
629 579 724 611 ante
755 571 882 610 excoli
909 574 1066 611 animos
1094 579 1132 609 et
1156 572 1216 610 ad
1235 574 1476 625 sapientiam
1493 573 1720 625 concipien—

165 644 263 682 dam
287 641 419 680 imbui
445 649 483 679 et
502 643 750 694 praeparari
777 640 902 694 decet)
930 640 1067 680 docuit
1091 639 1254 682 Ruhnk.
1279 641 1332 680 ad
1354 643 1571 680 Timaeum
1590 654 1630 693 p.
1650 641 1717 682 76.

161 713 305 752 Senec.
319 712 450 764 Epist.
470 711 540 752 36.
565 712 794 749 Perseveret
813 709 928 747 modo
943 711 1068 748 colere
1088 711 1292 757 virtutem,
1306 709 1513 762 perbibere
1533 709 1721 747 liberalia

161 781 315 827 studia,
343 793 426 818 non
441 779 517 817 illa
536 779 683 832 quibus
693 778 891 830 perflandi
906 779 1005 815 satis
1026 785 1100 825 est,
1129 779 1202 816 sed
1215 779 1317 817 haec
1334 778 1480 832 quibus
1505 778 1721 830 tingendus

162 857 220 888 est
238 850 413 888 animus.
445 847 506 887 Id.
528 850 599 890 71.
635 845 980 899 Quemadmodum
998 845 1098 884 lana
1121 848 1317 899 quosdam
1337 848 1484 887 colores
1504 848 1626 886 semel
1644 847 1722 886 du-

163 919 238 968 cit,
275 918 470 970 quosdam
498 918 580 955 nisi
607 916 766 968 saepius
804 921 1010 952 macerata
1037 921 1076 951 et
1098 924 1288 966 percocta
1321 931 1400 955 non
1425 916 1628 968 perbibit.-
1664 918 1722 955 sic

161 986 269 1025 alias
302 986 537 1038 disciplinas
571 985 735 1037 ingenia
776 998 902 1036 quum
940 997 1154 1034 accepere,
1183 987 1373 1036 protinus
1399 993 1615 1036 praestant
1646 992 1722 1024 etc.

161 1055 345 1092 Lactant.
369 1056 468 1093 Inst.
486 1056 527 1104 2,
548 1056 589 1103 2,
617 1055 683 1095 16.
708 1053 807 1106 ibiq.
826 1054 929 1092 Biin.
960 1053 1103 1104 insecti
1130 1054 1235 1090 enim
1257 1060 1352 1090 sunt
1365 1055 1645 1105 persuasione,
1672 1068 1722 1092 ac

162 1129 310 1161 mentes
327 1135 462 1161 eorum
474 1124 636 1174 penitus
655 1136 820 1160 succum
845 1121 1038 1159 stultitiae
1049 1120 1324 1172 perbiberunt.
1386 1124 1445 1160 Ita
1465 1122 1596 1160 imbui
1614 1136 1722 1160 erro-

162 1191 274 1230 ribus
301 1198 340 1231 et
364 1192 480 1241 infici
506 1192 739 1243 opinionum
759 1191 967 1241 pravitate
997 1204 1062 1243 ap.
1090 1191 1172 1228 Cic.
1205 1192 1330 1229 Tusc.
1357 1192 1398 1240 3,
1427 1192 1464 1231 1.
1484 1193 1525 1232 2.
1556 1192 1719 1229 Aristot.

161 1259 294 1299 Ethic.
314 1262 355 1310 2,
383 1260 424 1301 3.
455 1256 520 1301 διδ
543 1258 613 1300 καὶ
640 1256 814 1312 χαλεπὸν
836 1257 1108 1311 ἕκτρίψασθαι
1130 1261 1248 1300 τοῦτο
1273 1256 1317 1300 τὰ
1342 1255 1483 1308 πάθος
1506 1260 1723 1315 ἐγκεχρωσ-

162 1327 286 1382 μένον
319 1331 377 1384 τῷ
410 1329 502 1384 βίῳ.
538 1330 662 1365 Marc.
699 1328 890 1365 Antonin.
925 1327 965 1376 3,
1005 1325 1045 1367 4.
1087 1323 1325 1383 δικαιοσύνῃ
1363 1327 1622 1382 βεβαμμένον
1666 1329 1723 1377 εἷς

161 1393 311 1450 βάθος,
340 1395 393 1434 ad
427 1409 549 1450 quem
575 1397 712 1434 locum
744 1397 892 1434 similia
921 1393 1042 1446 hujus
1069 1395 1347 1434 similitudinis
1377 1398 1567 1449 exempla
1592 1412 1632 1450 p.
1651 1399 1722 1439 71.

161 1465 328 1516 collegit
356 1464 545 1504 Gataker.
604 1465 665 1502 cf.
701 1465 824 1502 Orell.
855 1463 907 1502 ad
940 1465 1085 1517 Opusc.
1115 1466 1253 1503 Graec.
1282 1471 1379 1502 vett.
1407 1472 1579 1503 sentent.
1609 1467 1660 1503 Π.
1680 1480 1721 1518 p.

162 1532 276 1581 668„
310 1533 460 1585 Bo‘ttig.
494 1533 548 1571 ad
579 1532 651 1572 Od.
681 1534 721 1582 3,
754 1533 793 1583 5,
829 1535 899 1575 27.
933 1540 972 1571 et
1000 1534 1171 1572 Casaub.
1202 1531 1253 1570 ad
1273 1534 1384 1574 Pers.
1408 1534 1448 1583 2,
1471 1533 1540 1575 74.
1601 1535 1722 1574 Verbi

160 1601 287 1652 ipsius
303 1601 564 1654 italusurpati
587 1602 839 1654 aliorumque
861 1603 1052 1654 exempla
1081 1601 1164 1642 vid.
1191 1615 1253 1653 ap.
1273 1599 1455 1640 Schmid.
1482 1610 1522 1640 et
1552 1603 1604 1640 cf.
1625 1604 1720 1641 Fea.

159 1691 218 1698 -·
227 1684 335 1721 puro
364 1671 546 1716 Pectore,
584 1676 630 1707 ut
663 1670 749 1708 Sat.
774 1672 815 1719 2,
850 1671 890 1720 3,
923 1671 1022 1712 213.
1056 1684 1212 1722 purum
1241 1674 1298 1706 est
1322 1671 1419 1707 vitio
1455 1670 1529 1708 tibi
1547 1694 1606 1709 -.
1624 1671 1722 1709 cor?

158 1739 314 1777 Lucret.
346 1739 387 1788 5,
424 1738 492 1782 18.
563 1738 627 1775 At
655 1737 751 1775 bene
784 1751 866 1775 non
893 1746 1052 1790 poterat
1085 1739 1171 1776 sine
1196 1751 1303 1788 puro
1329 1746 1490 1789 pectore
1516 1741 1613 1778 vivi.
1658 1741 1720 1778 Cf.

158 1805 304 1846 Heind.
330 1805 383 1844 ad
410 1807 495 1845 Sat.
521 1808 559 1856 1,
589 1809 629 1857 6,
659 1805 728 1848 64.
759 1808 826 1848 69.
849 1814 888 1845 et
909 1805 1062 1844 Hauth.
1081 1805 1133 1843 ad
1158 1808 1271 1844 Pers.
1284 1820 1326 1859 p.
1354 1808 1449 1848 153.
1508 1810 1721 1847 Male-Da-

159 1876 288 1914 cerins
313 1875 493 1926 conjicit:
523 1878 636 1928 apres
669 1877 781 1915 avoir
811 1876 957 1928 purifie
987 1882 1098 1913 votre
1133 1875 1257 1927 esprit
1279 1889 1354 1928 par
1378 1877 1437 1915 les
1468 1879 1555 1916 avis
1577 1890 1656 1931 que
1679 1879 1720 1929 je

158 1956 258 1982 vous
286 1942 433 1993 donne,
464 1951 504 1982 et
533 1958 618 1997 par.
636 1946 696 1983 les
723 1946 873 1982 veritez
897 1958 975 1997 que
991 1945 1032 1995 je
1054 1957 1154 1982 vous
1179 1946 1412 1996 enseigne.“
1442 1968 1499 1975 —
1527 1946 1655 1984 Mino
1667 1969 1717 1974 —-

153 2025 259 2063 puer
286 2011 314 2048 i.
335 2025 371 2049 e.
395 2010 493 2050 dum
522 2027 623 2064 puer
644 2027 686 2051 es
707 2015 774 2051 vel
799 2012 1048 2051 adolescens.
1107 2012 1217 2048 Haec
1244 2013 1522 2065 interpretatio
1542 2014 1720 2065 vulgaris

159 2081 256 2119 satis
278 2079 507 2118 defenditur
530 2089 569 2117 et
589 2081 787 2134 exemplis
806 2095 844 2120 v.
866 2080 1066 2122 64-67,
1086 2081 1218 2118 allatis
1235 2088 1273 2119 et
1295 2080 1368 2119 Od.
1395 2082 1430 2130 1,
1453 2083 1493 2130 9,
1516 2082 1569 2121 16
1584 2104 1634 2109 --
1651 2082 1719 2122 18.

159 2149 256 2202 ibiq.
277 2146 454 2197 Mitsch„
482 2149 535 2186 A.
557 2150 603 2186 P.
635 2146 732 2189 413.
762 2149 823 2187 ef.
855 2150 977 2187 Orell.
1005 2147 1056 2185 ad
1077 2147 1154 2187 Od.
1174 2149 1214 2198 3,
1243 2149 1283 2197 6,
1308 2149 1362 2190 23
1380 2162 1440 2200 sq.
1471 2155 1512 2186 et
1530 2147 1719 2187 Doederl.

160 2218 260 2270 Syn.
286 2217 333 2256 V.
360 2230 404 2268 p.
429 2214 498 2257 45.
555 2217 609 2253 At
638 2229 801 2254 omnem
824 2229 988 2268 prorsus
1015 2218 1227 2267 negligunt
1254 2223 1486 2268 temporum
1509 2218 1719 2267 rationem,

159 2286 230 2339 qui
246 2285 424 2324 Lollium
443 2291 600 2337 patrem
616 2285 863 2336 intelligunt,
902 2285 1130 2322 Torrentius
1148 2291 1187 2321 et
1207 2285 1422 2322 Dacerius.
1466 2286 1559 2323 Alia
1585 2293 1721 2324 autem

159 2355 312 2393 ratione
332 2360 436 2391 errat
465 2353 680 2404 Stangius‚
711 2352 823 2406 quod
844 2356 903 2405 (p.
926 2353 1012 2406 11.)
1036 2366 1103 2391 eos
1135 2351 1232 2390 dicit
1257 2366 1340 2391 non
1367 2360 1472 2391 recte
1498 2367 1586 2394 voc.
1611 2368 1720 2392 nunc

159 2423 409 2460 intellexisse
430 2421 571 2470 videri,
607 2422 678 2474 qui
703 2421 747 2459 id
766 2435 859 2459 cum
872 2435 979 2473 puer
1006 2421 1275 2472 conjungant3
1306 2434 1402 2459 nam
1427 2436 1536 2460 nunc
1561 2436 1720 2476 semper

160 2490 382 2542 significare
411 2490 487 2528 hoc
519 2491 605 2541 ipso
646 2497 844 2541 tempore,
880 2490 1030 2527 statim.
1109 2488 1219 2527 Nihil
1248 2504 1356 2528 nunc
1398 2490 1529 2528 dicam
1562 2491 1612 2530 de
1655 2507 1716 2543 eo,

161 2556 272 2610 quod
294 2570 383 2596 voc.
404 2572 510 2610 puer
540 2572 614 2611 pro
639 2559 829 2596 familiari
848 2559 1065 2611 jocosaque
1100 2560 1343 2597 allocutione
1370 2558 1509 2598 haberi
1542 2561 1642 2611 vult,
1671 2569 1717 2600 ut

91 2614 95 2616 ’
161 2626 246 2665 Sat.
268 2627 308 2675 2,
347 2626 385 2675 1,
415 2627 483 2668 60.
512 2626 586 2665 od.
621 2627 659 2676 1,
689 2627 730 2675 9,
766 2627 835 2667 16.
862 2628 932 2676 27,
956 2627 1022 2667 19.
1052 2627 1119 2664 cll.
1146 2627 1293 2665 eatan.
1315 2628 1382 2676 12,
1406 2628 1447 2668 9.
1465 2628 1585 2682 (quos
1606 2630 1716 2669 1ocos

163 2695 205 2732 in
224 2706 315 2731 eam
332 2707 418 2730 rem
436 2693 595 2747 affer-03
620 2701 661 2732 at
678 2696 769 2747 quis
792 2701 865 2743 est,
897 2696 967 2747 qui
985 2696 1024 2732 ei
1044 2694 1251 2744 concedat,
1281 2695 1402 2733 verba
1427 2711 1535 2748 puro
1555 2706 1716 2749 pectore

162 2761 214 2800 ad
238 2762 453 2815 pueritiam
480 2763 562 2813 [vel
590 2762 916 2815 adolescentiam]
945 2776 1026 2801 uon
1062 2776 1149 2801 esse
1178 2763 1406 2814 referenda,
1437 2767 1585 2820 quippe
1611 2780 1714 2820 quae

162 2845 255 2869 cum
277 2831 463 2884 sequenti
492 2832 690 2883 imagine,
723 2846 826 2885 quae
855 2837 998 2884 poetae
1022 2833 1107 2883 jam
1130 2839 1223 2870 ante
1250 2834 1387 2872 oculos
1415 2843 1520 2874 esset
1543 2845 1713 2886 versata,

162 2900 346 2951 proxime
376 2899 585 2949 conjuncta
611 2901 691 2938 sint
721 2902 788 2938 cll.
816 2903 944 2954 Epist.
967 2901 1005 2949 1,
1032 2901 1068 2949 1,
1093 2899 1185 2942 37.!
1215 2924 1264 2929 —
1290 2916 1398 2940 nunc
1424 2910 1462 2941 te
1481 2904 1621 2942 melior
1638 2904 1708 2958 off'.

213 2975 365 3010 Hom'r.
397 2975 428 3010 1.
1278 2967 1333 3009 13
1369 2969 1434 3024 (6)
