2028 3268
383 250 466 291 214
511 252 884 292 COMMENTARII
910 253 968 293 IN
991 251 1216 292 HORATII
1233 252 1331 293 LIB.
1353 254 1384 295 Ι.
1418 254 1583 296 EPIST.
1606 256 1766 297 TERT.
1843 258 1896 301 24

386 373 443 411 usi
472 375 521 412 ad
550 374 791 412 imitationem
818 375 887 412 fori
917 375 1079 412 materiis
1101 375 1367 426 ¹praeluserunt
1397 378 1514 415 causis
1556 379 1671 427 veris3
1704 379 1805 430 quod
1829 379 1896 418 Ju-

386 441 507 478 venali
538 443 578 490 7,
610 441 702 479 173.
735 445 811 477 est:
849 439 926 476 Ad
944 454 1127 491 pugnam
1158 443 1228 493 qui
1254 442 1443 480 rhetorica
1461 444 1658 482 deseendit
1673 445 1724 482 ab
1744 445 1896 486 umbra.

388 507 474 548 Vid.
497 508 545 545 ad
566 506 686 556 Epist.
708 506 754 555 1,
774 507 820 555 2,
843 507 883 546 2.
926 506 999 543 Alii
1027 511 1172 558 autem,
1199 513 1243 546 ut
1263 508 1555 560 Haberfeldus‚
1587 511 1650 562 (cf.
1679 512 1892 549 Weielzert.

388 575 435 611 de
465 574 579 611 Cass.
603 572 723 609 Parm.
755 585 792 622 p.
813 571 914 624 312)
939 573 1040 624 ipsas
1065 586 1209 612 reorum
1244 588 1392 626 causas,
1424 587 1515 624 quas
1540 577 1672 614 Florus
1700 582 1742 614 ut
1768 585 1898 614 orator

388 651 675 688 causarumque
704 645 900 687 patronus
931 641 1069 690 egerit,
1103 641 1256 678 indicari
1287 641 1442 679 malunt.
1492 642 1578 680 Non
1615 642 1708 680 male
1736 644 1898 692 quidem,

387 705 580 755 quoniam,
620 704 721 753 quod
758 716 843 741 vere
879 706 1006 743 docuit
1036 706 1292 744 Eichstadins
1319 708 1362 749 ¹in
1396 709 1549 749 Paracl.
1575 708 1710 746 Horat.
1751 709 1795 750 P.
1832 709 1896 747 ΠΙ.

386 785 425 822 p.
460 772 485 809 9
523 783 622 820 sqq.,
675 770 738 818 qui
768 771 807 808 in
845 772 924 810 foro
969 773 1155 824 agebant,
1185 775 1321 824 iidem,
1354 774 1417 811 ubi
1447 775 1709 824 opportunitas
1734 777 1896 825 daretur,

386 839 495 875 etiam
530 839 577 874 de
606 838 688 886 jure
718 839 1005 888 respondebant.
1070 839 1193 877 Totus
1229 844 1352 878 tamen
1388 841 1654 879 sententiarum
1684 843 1799 892 ordo,
1832 842 1900 878 im-

387 904 513 954 primis
537 903 709 940 acuendi
735 903 907 955 verbum,
932 905 1047 955 illud,
1075 919 1151 943 non
1180 907 1251 944 hoc
1275 906 1377 944 iubet
1407 907 1573 957 intelligi.
1626 907 1777 944 Florum
1803 907 1900 944 enim

375 971 720 1022 jurisprudentiae
744 964 891 1020 quoque
918 972 1064 1010 dedisse
1094 986 1267 1024 operam,
1298 975 1486 1012 declarant
1513 973 1624 1010 verba
1652 974 1778 1009 civica
1796 976 1900 1020 jara

387 1037 585 1086 Respond.
611 1050 750 1086 paras:
808 1037 867 1075 De
893 1039 1047 1089 singulis
1076 1043 1117 1077 ut
1150 1042 1262 1079 οἱνίο.
1291 1042 1366 1080 ίαν.
1398 1042 1473 1078 vid.
1505 1040 1641 1077 Heind.
1675 1040 1724 1076 ad
1752 1040 1830 1076 Sat.
1860 1041 1900 1090 1,

387 1102 434 1151 9,
466 1102 532 1142 39.
541 1130 554 1153 ,
585 1104 632 1140 de
659 1104 771 1141 verbo
797 1105 976 1154 respond.
1030 1106 1195 1144 Schmid.
1230 1108 1279 1144 ad
1308 1107 1345 1147 h.
1365 1107 1417 1157 1.,
1445 1107 1583 1146 Heind.
1609 1109 1648 1143 et
1673 1105 1825 1142 Kirchn.
1851 1107 1900 1143 ad

387 1168 468 1206 Sat.
489 1170 536 1218 1,
568 1170 615 1218 1,
650 1170 687 1208 9.
734 1171 798 1210 10.
843 1171 1047 1211 Eielzstacl.
1075 1173 1101 1210 l.
1122 1172 1144 1210 l.
1175 1186 1213 1223 p.
1234 1174 1284 1212 11
1303 1186 1360 1222 sq.
1390 1195 1446 1201 ——-
1473 1172 1646 1209 amabile
1664 1186 1821 1209 carmen
1843 1173 1900 1209 in-

387 1239 639 1285 terpretantur
668 1236 801 1273 Schol.
837 1238 975 1288 Cruq„
1010 1239 1252 1284 Ascensias,
1291 1239 1545 1277 Casaubonas
1578 1238 1644 1290 (de
1675 1239 1754 1276 Sat.
1783 1238 1896 1276 Rom·

386 1301 495 1340 Poes.
519 1316 557 1354 p.
577 1303 659 1343 230
678 1305 736 1341 ed.
759 1303 935 1355 Ramb.),
968 1305 1223 1343 Welandias
1243 1306 1494 1356 „amatorium
1507 1306 1554 1356 “,
1580 1318 1602 1342 a
1621 1317 1695 1354 quo
1718 1317 1792 1343 non
1807 1304 1902 1342 mul-

386 1373 466 1407 tum
494 1369 694 1407 abhorrent
727 1370 953 1408 Schmidias
989 1371 1262 1424 Galliasque,
1288 1373 1366 1412 hie:
1408 1369 1575 1425 ἔρωτικοὶ
1606 1375 1699 1422 puto
1737 1375 1776 1409 et
1807 1384 1901 1422 συμ-

386 1432 550 1484 ποτικά5
588 1436 824 1474 Hoc-bederz.
858 1438 996 1488 „naiv,
1025 1439 1113 1488 das,
1146 1453 1220 1477 was
1258 1440 1342 1477 dem
1380 1439 1605 1476 natiirlichen
1639 1437 1795 1475 Gesiihle
1836 1450 1902 1475 zu-

386 1502 523 1551 sagt“,
552 1501 707 1540 laudans
738 1504 814 1544 Od.
836 1504 883 1552 3,
909 1501 957 1553 4,
987 1503 1049 1554 5.,
1080 1506 1178 1542 idem
1207 1507 1283 1543 fere
1309 1506 1424 1544 Voss:
1460 1506 1556 1556 „ein
1577 1504 1767 1555 gefalliges
1787 1503 1901 1541 Lied·-

387 1568 458 1605 lein
470 1569 517 1618 ⁶⁶,
553 1571 653 1617 quod
695 1570 874 1621 approbo.
933 1571 976 1607 In
1014 1571 1084 1609 hoc
1112 1572 1195 1622 ipso
1234 1572 1412 1622 Epitheto
1448 1570 1718 1621 Haberfelclzas
1752 1574 1902 1620 poetam

387 1635 490 1672 videt
525 1636 769 1686 descriptum,
813 1637 876 1686 qui
910 1638 1020 1675 animi
1058 1650 1169 1674 causa
1201 1639 1240 1674 in
1274 1639 1491 1687 amicorum,
1530 1649 1606 1674 non
1642 1636 1680 1672 in
1716 1636 1902 1686 publicum

388 1713 496 1738 usum
531 1702 664 1740 festiva
689 1704 894 1741 condiderit
930 1704 1101 1742 carmina.
1157 1704 1262 1742 Idem
1284 1705 1360 1741 fere
1391 1703 1637 1740 lVeicloertas
1668 1701 1792 1750 (Poet.
1811 1701 1900 1740 Lat.

388 1766 510 1815 Reliq.
531 1781 569 1818 p.
593 1769 717 1822 367),
746 1771 835 1820 „ita
865 1774 907 1807 ut
931 1771 1093 1820 nesciat,
1124 1784 1172 1808 an
1198 1784 1272 1809 non
1299 1774 1491 1822 poetarum
1509 1781 1659 1806 numero
1682 1781 1833 1818 prorsus
1852 1769 1902 1806 sit

388 1835 641 1874 eximendus“
661 1857 714 1864 ——
744 1836 788 1874 V.
813 1837 877 1877 25.
908 1838 1048 1873 Prima
1067 1859 1124 1865 —-
1135 1838 1331 1887 praemia.
1372 1837 1583 1874 Sententia:
1612 1862 1637 1884 „
1651 1835 1694 1871 In
1712 1835 1770 1871 his
1786 1835 1902 1871 omni-

389 1901 458 1937 bus
497 1913 591 1950 quas
627 1903 700 1940 dixi
748 1903 857 1940 rebus
895 1907 938 1940 tu
970 1904 1074 1941 facile
1098 1904 1168 1940 eris
1195 1903 1403 1954 princeps.“
1457 1903 1590 1952 Neque
1621 1902 1734 1951 igitur
1764 1901 1903 1937 incom-

388 1968 498 2004 mode
526 1969 746 2005 Torrentius
770 1969 889 2006 locum
915 1970 1012 2007 hunc
1037 1971 1086 2007 ad
1113 1971 1384 2007 commissiones
1409 1969 1615 2007 Rhetorum
1643 1973 1682 2006 et
1706 1967 1902 2005 Poetarum

389 2034 527 2072 retulit.
585 2035 650 2072 Cf.
679 2035 796 2073 Orell.
819 2035 933 2077 Inscr.
962 2037 1010 2077 N.
1042 2037 1161 2076 1183.
1217 2036 1288 2074 Per
1315 2048 1472 2085 zeugma
1493 2039 1616 2072 autem
1644 2035 1709 2084 (de
1733 2046 1806 2082 quo
1827 2034 1903 2074 vid,

390 2102 511 2139 Schm.
539 2103 588 2139 ad
615 2101 734 2151 Epist.
766 2103 814 2152 2,
841 2103 885 2152 1,
915 2103 1011 2154 152)
1036 2106 1075 2140 et
1101 2103 1332 2152 eloquentiae
1359 2103 1527 2140 studioso
1549 2105 1587 2139 et
1608 2101 1816 2151 jurisperito
1839 2100 1904 2137 tri-

388 2169 554 2206 buuntur
570 2170 755 2219 praemia
778 2169 953 2208 hederae.
1013 2170 1097 2209 Hoc
1118 2170 1151 2206 si
1177 2170 1357 2207 vidissent
1372 2170 1569 2206 Dae-erius
1591 2173 1629 2206 et
1655 2167 1904 2215 Sanadonus,

391 2248 467 2273 non
498 2240 636 2273 temere
663 2237 929 2273 sententiarum
966 2237 1132 2274 ordinem
1158 2237 1415 2274 distraxissent
1440 2238 1576 2287 majore
1609 2238 1697 2286 post
1721 2246 1754 2271 v.
1777 2246 1904 2282 paras

390 2303 514 2352 posita
535 2302 781 2341 distinctione.
828 2302 887 2340 De
909 2315 1046 2340 corona
1061 2303 1263 2341 hederacea
1282 2307 1473 2354 poetarum
1487 2302 1637 2354 propria
1656 2301 1730 2338 vid.
1756 2298 1904 2345 Mitsch‚

391 2369 440 2405 ad
472 2369 547 2406 Od.
580 2370 624 2418 1,
654 2369 700 2419 1,
735 2369 802 2409 29.
831 2370 992 2420 interpp.
1027 2370 1076 2406 ad
1110 2370 1213 2419 Virg.
1247 2369 1322 2406 Ecl.
1351 2371 1392 2418 7,
1418 2370 1483 2408 25.
1514 2373 1552 2405 et
1578 2369 1641 2405 Fr.
1675 2365 1824 2404 Jacobs,
1857 2367 1906 2402 ad

391 2434 536 2472 Delect.
556 2434 685 2487 Epigr.
706 2435 728 2474 1
741 2463 753 2484 ,
778 2435 878 2485 101,
896 2434 935 2475 4.
957 2458 1014 2464 —-
1033 2436 1162 2473 lcerler.
1183 2436 1294 2477 victr.
1315 2440 1358 2472 ut
1375 2435 1479 2484 Virg.
1510 2434 1586 2473 Eel.
1614 2435 1663 2480 8,
1685 2432 1750 2472 13.
1771 2433 1905 2468 victri-

394 2515 454 2538 ces
472 2502 622 2541 laurus.
670 2501 845 2538 Ceterum
861 2501 1056 2539 Genitivus
1079 2502 1323 2553 appositionis
1349 2505 1407 2539 est
1436 2505 1477 2538 ut
1507 2513 1541 2536 v.
1560 2501 1646 2548 27,
1676 2500 1701 2539 i.
1728 2511 1762 2539 e.
1783 2512 1907 2549 prae-

396 2570 496 2616 mia,
536 2581 630 2617 quae
655 2572 743 2605 sunt
769 2568 857 2607 lzed.
895 2570 1031 2612 vieta,
1079 2570 1181 2617 quod
1207 2567 1391 2605 verissime
1417 2567 1626 2604 observavit
1651 2566 1831 2603 Baebius
1858 2566 1907 2603 ad

395 2635 506 2675 Ovid.
523 2635 614 2672 Met.
641 2636 688 2684 8,
716 2635 812 2675 327.
845 2637 976 2683 majas
1001 2648 1099 2684 opu-5·
1122 2636 1262 2685 magni
1290 2635 1524 2671 certaminis.
1566 2634 1628 2670 Sic
1645 2633 1753 2670 Caes.
1775 2632 1808 2669 b.
1833 2632 1902 2669 civ.

396 2701 445 2749 3,
473 2701 540 2740 83.
569 2702 755 2750 praemia
771 2704 978 2751 pecuniae.
1025 2702 1136 2740 Ovid.
1162 2701 1253 2740 Met.
1280 2702 1325 2744 2,
1360 2701 1454 2740 836.
1477 2700 1587 2750 (ibiq.
1609 2699 1720 2738 Bach.
1749 2712 1788 2748 p.
1810 2698 1908 2748 112)

397 2780 465 2803 nec
493 2780 655 2803 causam
681 2768 821 2818 fassus
847 2771 1004 2808 amoris.
1048 2767 1101 2805 Id.
1128 2768 1174 2817 6,
1201 2768 1264 2807 81.
1303 2767 1471 2803 Prodere
1497 2787 1553 2796 —-
1574 2767 1704 2817 fetum
1732 2765 1908 2800 canentis

395 2833 533 2870 oliuae.
582 2834 685 2884 Virg.
716 2835 785 2876 Ge,
821 2837 871 2886 3,
899 2834 992 2876 423.
1028 2841 1291 2884 extremaeque
1316 2834 1481 2884 agmina
1513 2832 1674 2872 candae.
1726 2829 1785 2867 Id.
1815 2827 1908 2867 Aen.

400 2901 472 2947 12,
503 2898 597 2938 546.
649 2903 730 2937 His>
760 2902 832 2939 tibi
871 2903 1006 2938 mortis
1037 2908 1150 2937 erant
1177 2907 1322 2949 mesae,
1367 2899 1417 2936 ibi
1443 2900 1548 2938 SerV.
1581 2901 1620 2936 et
1646 2897 1770 2946 Heyn.
1826 2895 1908 2935 Cic.
