2054 3268
641 297 783 336 LIBRI
812 297 842 334 I.
901 294 1170 334 EPISTOLA
1200 296 1229 331 Ι.
1690 290 1715 329 5

228 412 305 461 Sic
333 414 435 458 mihi
464 414 588 459 tarda
619 414 753 459 fluunt
779 413 1039 471 ingrataque
1063 414 1286 469 tempora,
1325 421 1433 467 quae
1461 421 1583 467 spem

229 493 554 553 Consiliumque
580 498 802 540 morantur
830 490 991 551 agendi
1020 492 1222 550 gnavIter
1249 489 1316 550 id,
1350 488 1461 548 quod

227 575 378 633 Aeque
408 575 666 635 pauperibus
697 572 899 634 prodest,
938 570 1221 630 locupletibus
1253 583 1405 631 aeque,

1662 568 1714 610 25

227 655 379 714 Aeque
406 657 651 716 neglectum
677 654 822 714 pueris
851 652 1106 710 senibusque
1131 651 1314 696 nocebit.

226 735 402 796 Restat,
437 735 568 780 uthis
589 748 675 795 ego
695 747 763 778 me
781 734 875 793 ipse
894 745 1047 791 regam
1066 730 1266 790 solerque
1288 730 1531 774 elementis.

229 816 327 862 Non
352 817 494 876 possis
526 815 673 861 oculos
700 816 902 874 quantum
930 810 1192 856 contendere
1212 811 1436 871 LymceuS,

162 1004 334 1039 fusionem
357 1017 418 1039 vv.
442 1003 512 1037 dir.
538 1006 575 1037 et
596 1002 675 1037 dur.
701 1000 809 1035 habes
834 999 905 1034 Od.

159 1064 195 1106 2,
222 1062 277 1106 12,
302 1063 335 1097 1.
370 1062 405 1105 3,
429 1061 463 1105 6,
490 1061 549 1096 36.
585 1052 665 1094 Sat.
691 1061 723 1103 1,
748 1060 783 1102 2,
808 1059 843 1093 6.
861 1077 908 1082 —

156 1125 298 1166 premet.
330 1119 401 1153 ΜΒ.
424 1118 526 1164 Lips.
552 1119 585 1152 1.
611 1129 631 1151 a
657 1119 690 1153 1.
717 1127 833 1150 manu.

206 1178 252 1211 V.
275 1176 334 1213 24.
376 1180 563 1211 morentur.
613 1175 684 1210 Ms.
709 1186 769 1209 un.
795 1174 905 1208 Feae.

160 1235 311 1271 naviter.
356 1234 445 1269 Mss.
484 1233 573 1268 Bad.
616 1233 650 1266 1.
701 1231 823 1266 Guelf.
869 1231 905 1266 3.

159 1293 282 1328 Jaeck.
309 1295 342 1328 1.
373 1292 478 1326 Dess.
504 1293 537 1325 1.
562 1292 598 1326 2.
632 1290 744 1325 Goth.
770 1290 904 1324 Graev.

161 1351 263 1397 Lips.
291 1353 323 1386 1.
348 1351 384 1384 2.
408 1351 445 1385 3.
469 1350 581 1384 Dorv.
610 1351 642 1383 1.
659 1350 694 1383 2.
721 1348 907 1394 Scriptura

161 1421 232 1444 non
251 1407 521 1450 contemnenda3
546 1406 619 1441 vid.
635 1406 746 1440 Drak.
765 1407 809 1440 ad
824 1405 906 1440 Liv.

161 1469 204 1512 3,
228 1465 291 1510 41,
317 1467 351 1501 8.
400 1465 517 1500 Kritz.
546 1464 590 1499 ad
614 1464 702 1499 Sall.
725 1465 760 1499 J.
788 1464 845 1508 77,
870 1465 906 1499 3.

161 1523 329 1559 Schneid.
353 1522 494 1557 Elmtrl.
520 1535 557 1568 p.
580 1520 663 1556 486.
722 1520 909 1556 Assentior

159 1581 387 1619 Doederlinio
425 1581 463 1615 in
501 1580 639 1624 Synon.
680 1580 712 1614 1.
750 1593 787 1626 p.
829 1580 908 1623 123,

160 1651 356 1688 quanquam
388 1637 646 1672 concedendum
678 1642 752 1681 est,
787 1636 820 1670 si
844 1648 909 1682 par

160 1699 251 1734 ratio
273 1697 390 1733 valeat
412 1695 450 1730 in
474 1694 540 1730 hac
555 1694 718 1730 variante
731 1695 909 1741 scriptura

160 1762 266 1802 atque
296 1754 333 1789 in
364 1765 445 1789 voc.
476 1757 580 1787 natus
614 1756 650 1787 et
671 1757 829 1798 gnatus,
865 1752 910 1786 de

160 1825 230 1859 quo
253 1824 319 1848 usu
342 1811 479 1847 erudite
501 1810 660 1856 disputat
675 1810 846 1855 Wagner.
866 1809 910 1843 ad

161 1872 263 1917 Virg.
285 1871 350 1906 IV.
376 1883 412 1916 p.
430 1868 512 1913 586,
536 1868 682 1902 formam
697 1870 837 1903 naviter
854 1868 910 1901 hic

160 1928 424 1976 praeferendam
448 1938 540 1962 esse.
591 1929 766 1972 graviter.
813 1926 908 1960 Edd.

161 1987 252 2021 Ven.
274 1987 357 2021 498.
381 1986 508 2029 chub„
532 1985 711 2018 mendose.

206 2044 255 2078 V.
278 2042 336 2078 25.
364 2042 622 2088 locuplectibus.
649 2042 718 2076 Ms.
744 2041 845 2087 Lips.
876 2041 908 2075 1.

166 2101 238 2136 vid.
253 2113 290 2135 v.
307 2101 366 2136 93.
382 2119 430 2126 —
453 2104 569 2145 atquc.
605 2099 674 2133 Ms.
696 2111 755 2133 un.
772 2099 909 2133 Bersm.

163 2158 259 2192 Altd.
298 2169 358 2203 ap.
394 2157 546 2192 Haberf.
584 2157 690 2191 Dess.
730 2159 766 2193 3.
814 2157 910 2190 Edd.

164 2216 256 2249 Ven.
280 2214 362 2249 479.
387 2215 446 2249 81.
471 2215 529 2250 83.
565 2215 667 2249 Flor.
691 2215 772 2249 482.
797 2213 910 2248 Loch.

163 2278 200 2307 et
222 2273 311 2306 duae
336 2271 417 2305 edd.
441 2277 530 2306 vett.
547 2271 628 2307 474.
647 2273 706 2308 76.
727 2283 786 2317 ap.
803 2270 912 2305 Mait-

161 2331 244 2366 tair.
292 2329 405 2364 Deest
435 2330 494 2363 hic
526 2341 651 2364 versus
691 2329 729 2363 in
766 2340 831 2363 ms.
867 2328 911 2363 A.

163 2399 221 2434 ap.
248 2387 395 2428 Comb.;
428 2388 528 2422 cuius
552 2388 606 2422 rei
628 2398 733 2422 causa
758 2388 801 2422 ab
826 2398 912 2421 ocu-

163 2446 207 2480 lis
226 2444 365 2479 librarii
385 2444 430 2479 ad
453 2446 600 2481 alterum
623 2456 764 2481 versum
787 2444 911 2478 simili-

162 2509 217 2538 ter
237 2502 464 2549 incipientem
491 2504 735 2539 aberrantibus
760 2502 913 2549 petenda

162 2561 317 2596 videtur.
375 2561 437 2595 Sic
460 2567 636 2608 permutat
659 2573 723 2596 ms.
747 2559 849 2606 Lips.
873 2561 909 2595 2.

162 2619 319 2654 ordinem
350 2632 388 2654 v.
417 2620 463 2656 25
497 2625 533 2655 et
562 2621 608 2656 26
643 2619 762 2654 addita
795 2624 911 2653 tamen

163 2677 298 2712 ordinis
327 2677 406 2712 veri
435 2682 531 2712 nota.
589 2677 721 2712 Versui
752 2676 835 2711 huic
866 2678 909 2711 ab

163 2735 316 2779 Handio,
338 2735 385 2769 V.
401 2735 461 2780 D„
485 2735 566 2770 olim
589 2748 654 2782 pro
670 2748 741 2770 non
756 2735 910 2782 genuino

164 2793 282 2828 habito
319 2792 389 2838 (ad
421 2794 581 2828 Gronov.
604 2794 722 2829 Diatr.
755 2794 793 2828 in
816 2794 910 2828 Stat.

163 2851 254 2885 Silv.
279 2851 311 2886 I.
337 2864 373 2897 p.
397 2850 497 2896 411.)
515 2857 620 2897 atque
637 2864 658 2886 a
673 2863 727 2886 me
743 2851 782 2886 in
798 2851 854 2886 ed.
873 2853 908 2886 1.

164 2921 200 2954 p.
217 2909 263 2944 27
286 2908 433 2942 defenso
455 2907 489 2943 is
511 2921 603 2944 nunc
626 2922 696 2944 non
720 2921 853 2944 omnem
872 2910 910 2944 in

164 2966 321 3001 Tursell.
345 2967 376 3000 I.
400 2979 436 3012 p.
458 2966 524 3001 194
546 2967 701 3002 detrahit
722 2968 838 3002 fidem.
864 2967 912 3002 At

164 3034 210 3057 ne
241 3022 320 3069 quis
352 3022 533 3060 inhaereat
566 3025 762 3072 scripturae
795 3030 912 3071 atque,

964 998 1220 1034 observandum
1245 1002 1317 1043 est,
1348 1009 1516 1043 nusquam
1541 1009 1599 1043 ap.
1626 997 1715 1031 Hor.

964 1057 1054 1091 hanc
1067 1057 1272 1102 particulam
1284 1062 1365 1103 post
1376 1055 1603 1099 vocabulum,
1622 1055 1717 1100 quod

965 1127 1008 1149 ea
1025 1116 1226 1160 conjungat,
1252 1115 1357 1161 poni3
1380 1114 1451 1148 loci
1467 1113 1569 1157 enim,
1595 1114 1657 1159 qui
1681 1114 1717 1146 in

964 1172 1055 1206 hanc
1080 1185 1153 1207 rem
1180 1173 1394 1207 afferuntur:
1436 1172 1514 1206 Sat.
1535 1173 1566 1215 1,
1583 1171 1616 1214 4,
1637 1171 1716 1204 107.

963 1230 1084 1276 Epist.
1112 1231 1174 1275 16,
1207 1230 1253 1265 49
1286 1243 1308 1265 a
1332 1230 1493 1274 Bentlejo
1525 1235 1623 1262 recte
1658 1235 1718 1261 aut

965 1291 1142 1337 explicata
1181 1295 1241 1325 aut
1278 1289 1442 1323 restituta
1481 1292 1575 1321 sunt.
1639 1286 1718 1319 Alia

964 1349 1135 1383 eiusmodi
1170 1348 1330 1393 exempla
1361 1346 1542 1392 pertinent
1574 1343 1617 1377 ad
1648 1344 1716 1388 hy-

964 1409 1151 1453 perbaton,
1176 1407 1221 1441 de
1243 1418 1313 1451 quo
1330 1405 1412 1438 vide
1428 1403 1559 1437 Heind.
1579 1403 1622 1436 ad
1638 1400 1716 1435 Sat.

967 1467 999 1508 1,
1023 1464 1057 1507 6,
1084 1463 1141 1499 65.
1190 1464 1250 1498 Cf.
1278 1463 1395 1497 Hand.
1421 1462 1445 1495 l.
1470 1461 1495 1495 l.
1527 1471 1564 1505 p.
1590 1459 1658 1494 512
1684 1464 1719 1491 ct

965 1522 1083 1556 Rudd.
1109 1522 1138 1555 Ι.
1163 1535 1199 1567 p.
1229 1522 1300 1556 324
1322 1520 1378 1555 ed.
1405 1519 1532 1554 Stallb.

1012 1580 1058 1614 V.
1091 1581 1150 1614 26.
1199 1579 1247 1613 Et
1281 1579 1371 1624 quod
1405 1578 1503 1623 ncgl.
1552 1574 1621 1608 ΜΒ.
1657 1585 1716 1607 un.

965 1638 1100 1672 Bersm.
1126 1643 1163 1671 et
1186 1637 1282 1671 Altd.
1316 1638 1366 1670 Et
1390 1647 1466 1681 que.
1500 1634 1571 1668 Ms.
1594 1631 1716 1666 Jaeck.

966 1695 1001 1730 5.
1034 1715 1082 1720 —
1120 1696 1167 1729 V.
1188 1696 1245 1730 27.
1271 1694 1466 1729 elementis.-
1503 1692 1566 1725 Sic
1589 1689 1715 1724 distin-

963 1759 1077 1798 guunt
1107 1753 1197 1787 Dae.
1232 1752 1374 1788 Wakef.
1408 1750 1558 1785 Haberf.
1596 1749 1717 1781 Wetz.

964 1811 1078 1845 Hunt.
1123 1810 1303 1845 Wieland.
1348 1811 1436 1844 Fea.
1476 1809 1585 1843 Doer.
1628 1805 1717 1839 Zell.

965 1869 1127 1903 Hoched.
1145 1869 1314 1913 (Vossius
1328 1873 1364 1902 et
1374 1868 1512 1902 Giiller.
1524 1866 1560 1899 in
1572 1866 1717 1906 verss.),

966 1932 1006 1961 ut
1029 1939 1081 1971 ea,
1107 1938 1198 1972 quae
1220 1932 1429 1972 sequuntur,
1451 1937 1515 1971 pro
1539 1923 1628 1968 ipsis
1646 1922 1717 1955 ele—

966 1985 1092 2019 mentis
1108 1985 1316 2019 habeantur.
1339 1984 1424 2017 Vid.
1440 1983 1505 2016 inf.
1523 1982 1717 2015 Comment-

965 2043 1071 2077 Delet
1099 2043 1192 2077 hunc
1220 2053 1359 2078 versum
1385 2042 1569 2085 Guyetus‚
1603 2039 1716 2083 „deli-

967 2101 1038 2135 cati
1060 2100 1195 2135 fastidii
1218 2100 1484 2135 Aristarchus.“

1013 2158 1061 2192 V.
1085 2159 1142 2193 28.
1175 2159 1297 2192 oculos.
1331 2158 1403 2192 Ms.
1427 2168 1486 2191 un.
1512 2168 1569 2201 ap.
1594 2154 1717 2187 Lamb.

969 2227 990 2249 a
1015 2217 1049 2250 1.
1073 2229 1132 2260 m.‚
1157 2227 1239 2250 mss.
1265 2216 1334 2249 duo
1352 2227 1410 2261 ap.
1428 2215 1563 2248 Valart.
1589 2214 1642 2256 (3.
1664 2212 1718 2246 13.

968 2286 1026 2320 ap.
1043 2274 1162 2319 Pott.)
1212 2275 1274 2308 Sic
1293 2275 1365 2319 jam
1389 2271 1540 2317 conjecit
1552 2272 1610 2304 Jo.
1631 2270 1718 2303 Pas-

968 2332 1133 2366 seratius.
1154 2331 1250 2366 Edd.
1267 2331 1389 2365 Lamb.
1408 2330 1489 2375 (qui
1505 2329 1596 2373 def.)
1612 2329 1718 2362 Dion.

970 2401 990 2423 a
1003 2389 1112 2424 Prato
1131 2395 1166 2424 et
1182 2389 1335 2430 Minois;
1362 2388 1479 2422 Bentl.
1505 2387 1586 2432 (qui
1602 2398 1717 2420 exem-

968 2448 1037 2494 plis
1059 2447 1230 2492 illustrat)
1258 2447 1402 2480 Wakef.
1427 2447 1545 2480 Wetz.
1570 2443 1717 2478 Habers.

966 2507 1087 2540 Jaeck.
1113 2505 1203 2539 Zell.
1226 2505 1383 2539 Braunh.
1407 2503 1563 2548 (Goller.
1587 2502 1623 2536 in
1639 2502 1717 2536 Me-

966 2563 1117 2609 taphr.)‚
1142 2565 1243 2608 prob.
1269 2561 1453 2595 Eichstad.
1478 2560 1522 2594 ad
1547 2571 1615 2594 van
1631 2559 1716 2593 Om—

967 2633 1051 2655 mer.
1078 2634 1115 2667 p.
1140 2623 1224 2656 211.
1247 2620 1324 2653 Fea
1345 2618 1465 2652 laudat
1480 2618 1583 2653 etiam
1600 2618 1717 2652 nescio

966 2691 1069 2724 quem
1094 2678 1343 2712 Treutzerum.
1368 2676 1476 2711 oculo.
1500 2677 1588 2710 Mss.
1606 2675 1717 2710 nostri

967 2742 1004 2771 et
1041 2737 1186 2771 aliorum
1226 2736 1302 2769 sere
1341 2746 1433 2768 omn.
1496 2734 1591 2768 Edd.
1621 2734 1716 2778 vulg.

967 2795 1081 2836 Quam
1116 2794 1325 2839 scripturam
1357 2793 1426 2826 etsi
1449 2792 1552 2827 docte
1574 2798 1718 2826 tuentur

966 2854 1078 2898 Cruq.
1117 2852 1226 2886 Τοιτ.
1265 2851 1374 2885 Doer.
1399 2851 1511 2896 vFea,
1560 2849 1717 2884 Schmid.

966 2911 1143 2955 Hoched„
1167 2915 1281 2944 tamen
1304 2921 1374 2943 non
1390 2914 1654 2956 persuaserunt,
1680 2913 1718 2941 ut

967 2970 1011 3004 ab
1038 2969 1118 3003 olim
1142 2973 1285 3014 recepta
1307 2968 1519 3002 recederem.
1566 2967 1715 3001 oculum.

968 3026 1056 3062 Mss.
1082 3027 1167 3072 alqt.
1190 3025 1287 3065 Pott.
1313 3025 1484 3060 Similiter
1508 3025 1664 3059 variatur
1682 3025 1716 3066 2,
