2054 3268
655 258 797 296 LIBRI
823 260 854 296 Ι.
912 257 1178 296 EPISTOLA
1211 261 1242 297 1.
1704 260 1729 302 7

242 371 404 416 Fervet
432 373 614 417 avaritia
642 373 882 431 miseroque
907 372 1103 431 eupIdine
1133 378 1310 432 peetus:

163 498 169 503 ,
242 450 358 497 Sunt
383 453 515 496 verba
544 457 589 497 et
612 466 769 512 voeeS,
799 451 950 510 ⁴quibus
977 451 1089 496 hune
1114 452 1253 497 lenire
1281 452 1475 499 dolorem

242 531 390 577 Possis
422 538 466 578 et
493 547 695 594 magnam
725 531 861 577 morbi
889 530 1109 590 deponere
1141 538 1323 591 partem.

242 613 404 658 Laudis
436 627 584 659 amore
611 619 772 660 tumes:
816 616 916 655 sunt
946 617 1064 656 certa
1090 604 1286 675 piabula7
1325 628 1432 673 quae
1461 617 1504 658 te

174 847 300 879 graeco
323 836 516 881 genitivum
540 837 710 872 vocabulo
734 841 832 872 tenus
856 835 918 870 ad-

170 894 350 937 jungentis
386 907 456 928 non
495 895 634 929 nescius
672 894 761 940 ipsis
800 894 918 929 verbis

174 950 343 985 declarat:
367 953 468 995 „sine
491 958 528 988 et
543 952 670 997 absque
685 957 721 986 et
736 956 834 986 tenus
850 964 918 985 non

175 1008 293 1043 inveni
323 1010 392 1043 nisi
423 1022 500 1044 cum
533 1010 687 1044 ablativo
723 1015 759 1044 et
781 1021 918 1055 semper

172 1065 399 1101 transitive.“
461 1067 543 1101 Vid.
576 1068 638 1102 lib.
675 1067 730 1102 14.
765 1081 800 1113 p.
835 1067 914 1101 508.

170 1122 253 1158 515.
278 1129 315 1157 et
337 1124 398 1158 lib.
417 1126 472 1160 18.
500 1137 537 1170 p.
555 1125 634 1160 709.
651 1126 733 1160 742.
760 1126 816 1158 ed.
832 1125 915 1158 Bas.

171 1179 250 1215 554.
299 1182 459 1224 Quodam
482 1182 542 1216 vix
566 1193 607 1215 ac
630 1195 674 1216 ne
698 1182 758 1216 vix
778 1182 917 1228 quidem

171 1238 242 1272 fert
263 1239 437 1283 latinitas,
473 1239 567 1284 quod
590 1240 750 1285 pluribus
773 1241 915 1275 demon-

170 1301 315 1330 stratum
330 1297 381 1331 ivi
396 1297 434 1331 in
449 1297 643 1331 Zimmerm.
658 1298 800 1332 Schulz.
814 1298 916 1332 1832.

170 1353 220 1386 Π.
253 1366 290 1398 p.
321 1355 403 1390 501.
451 1354 524 1389 Sed
554 1367 612 1389 res
645 1356 801 1390 breviter
832 1368 914 1401 per-

170 1410 374 1456 stringenda
408 1417 475 1446 est.
526 1412 663 1452 Quodsi
698 1413 773 1447 Fea
804 1414 916 1458 quod-

168 1468 252 1502 dam
274 1480 328 1513 pr.
354 1474 453 1504 tenus
481 1475 606 1504 motum
630 1471 674 1504 ad
696 1471 821 1515 locum,
847 1483 917 1504 non

168 1537 212 1558 ex
241 1525 320 1559 loco
351 1527 528 1571 quadam,
562 1528 588 1562 i.
623 1540 657 1562 e.
691 1541 734 1562 ex
769 1529 916 1574 quadam

166 1588 286 1628 parte,
320 1589 442 1618 contra
471 1586 666 1630 quoddam,
706 1592 828 1620 neutro
852 1599 914 1631 ge—

166 1652 264 1684 nere,
286 1641 331 1675 ad
355 1641 526 1686 quendam
550 1644 755 1688 terminum,
780 1645 824 1678 ad
849 1644 914 1678 ali-

165 1697 269 1742 quid,
294 1698 327 1732 si
351 1711 419 1734 non
442 1700 642 1746 plurimum,
667 1707 704 1736 et
726 1702 913 1736 Hochede-

164 1766 225 1790 rus
249 1757 512 1801 quadamtenus
534 1773 593 1790 =
617 1771 728 1805 usque
741 1760 785 1794 ad
800 1760 913 1793 locum

163 1814 347 1858 quendam,
371 1821 408 1849 et
428 1818 583 1861 quadam
602 1823 701 1852 tenus
719 1831 779 1848 =
803 1829 914 1862 usque

163 1871 210 1906 ad
231 1873 402 1908 rationem
425 1877 596 1919 quandam
613 1875 816 1921 significare
832 1875 910 1921 opi-

164 1936 302 1974 nantur,
327 1937 475 1977 uterque
500 1934 544 1968 V.
565 1935 600 1967 d.
623 1934 791 1968 formulae
809 1939 910 1967 natu-

163 1999 236 2022 ram
259 2000 300 2021 ac
315 1989 384 2023 vim
401 2002 521 2036 parum
537 1992 730 2036 perspexit.
755 1991 806 2025 Ut
821 1991 912 2026 en'un

163 2057 247 2089 αμα,
261 2057 315 2089 ea,
331 2047 399 2082 hac
413 2052 450 2082 et
465 2049 680 2083 Graecorum
694 2043 731 2094 ᾖ,
747 2049 806 2094 τῇ,
821 2043 912 2092 ἄλλῃ

165 2101 211 2134 al.
235 2102 395 2146 primitus
429 2105 605 2139 notionem
627 2105 699 2139 loci
722 2106 910 2148 habebant,

164 2158 222 2192 cui
245 2159 393 2194 rationis
425 2166 462 2195 et
490 2162 584 2196 modi
614 2163 825 2207 significatio
851 2174 910 2196 ac-

163 2217 330 2261 cedebat,
354 2218 404 2252 ita
429 2219 548 2254 eadem
571 2220 686 2254 valuit
707 2221 743 2253 in
768 2232 910 2265 compo-

161 2275 241 2310 sitis
261 2276 449 2320 hactenus,
473 2278 746 2322 quadamtenus,
771 2278 912 2321 aliqua-

161 2338 260 2368 tenus
269 2346 285 2374 ‚·
317 2335 401 2368 vide
432 2335 535 2380 hujus
567 2336 707 2380 quidem
741 2335 912 2369 formulae

159 2392 318 2438 exempla
341 2395 385 2427 ab
400 2393 540 2427 Haudio
564 2394 600 2428 in
618 2394 726 2428 Turs.
742 2394 772 2426 Ι.
788 2405 824 2438 p.
842 2393 911 2428 257

160 2450 218 2484 cll.
244 2462 281 2496 p.
305 2450 375 2486 242
399 2457 435 2485 et
457 2451 525 2485 ΙΙΙ.
562 2464 598 2497 p.
623 2451 644 2486 5
671 2451 796 2495 allata,
830 2451 910 2494 lege

159 2508 263 2542 etiam
282 2507 354 2543 Th.
371 2509 543 2543 Schmidii
565 2514 601 2542 et
624 2509 668 2542 ad
692 2509 728 2542 h.
746 2509 771 2542 l.
796 2520 906 2542 anno—

158 2570 234 2600 tata
257 2570 294 2600 et
315 2566 587 2613 disputationem
601 2593 611 2610 ,
636 2578 707 2611 qua
729 2566 766 2600 in
789 2566 908 2600 Jahnii

158 2623 208 2657 N.
233 2623 380 2658 Jahrbb.
414 2625 442 2658 f.
466 2624 559 2659 Phil.
598 2636 634 2658 u.
660 2624 813 2668 Paedag.
841 2625 907 2668 111,

160 2683 194 2716 1.
220 2693 257 2726 p.
282 2683 325 2717 18
346 2681 547 2717 Hochederi
571 2683 682 2717 levem
708 2682 906 2727 opinionem

156 2739 262 2774 docte
286 2740 495 2774 confutavit.
519 2739 620 2774 Adde
634 2740 787 2785 denique
799 2739 905 2773 Hoff-

158 2809 274 2832 mann.
297 2797 385 2832 ibid.
411 2799 514 2834 1828.
538 2799 596 2841 11,
622 2800 656 2832 1.
681 2811 718 2843 p.
742 2798 801 2833 30.
849 2797 907 2831 Ex

156 2867 227 2902 qua
252 2855 350 2890 sacili
381 2856 501 2890 talium
530 2867 647 2890 rerum
673 2854 908 2901 explicatione

156 2914 235 2948 luce
258 2914 388 2948 clarius
413 2914 611 2960 apparebit,
631 2914 736 2959 prod.
754 2914 908 2958 quadam

157 2976 256 3007 tenus
279 2971 369 3007 idem
394 2971 439 3015 (i.
462 2983 495 3006 e.
520 2972 565 3006 ad
585 2973 700 3007 locum
722 2972 906 3018 quendam,

965 682 1210 728 W·

976 847 1045 880 quo
1063 847 1119 870 res
1137 835 1286 870 desiisse
1303 836 1496 880 cogitatur)
1513 834 1726 879 significare,

975 893 1069 937 quod
1093 893 1163 928 sibi
1196 894 1327 927 erroris
1358 893 1525 939 opinione
1552 892 1611 926 isti
1635 892 1725 925 Edi-

974 956 1070 984 tores
1104 951 1264 986 formulis
1300 951 1474 996 quoddam
1510 954 1547 984 et
1577 951 1727 995 quodam

974 1007 1154 1042 finxerint.
1216 1008 1275 1042 Cf.
1301 1009 1454 1053 Cuning.
1480 1007 1665 1042 Animadv.
1691 1009 1726 1041 in

973 1065 1063 1098 Hor.
1096 1065 1213 1100 Bentl.
1247 1078 1284 1111 p.
1310 1067 1379 1101 340
1413 1071 1448 1099 et
1472 1066 1588 1099 Rudd.
1613 1066 1662 1099 Il.
1688 1078 1725 1111 p.

973 1123 1055 1157 323.
1089 1123 1136 1157 At
1161 1135 1203 1157 ne
1227 1135 1328 1168 quem
1354 1124 1511 1157 offendat
1532 1123 1614 1157 talis
1636 1130 1724 1158 tme—

973 1180 1035 1223 sis,
1061 1181 1202 1215 cavebit
1226 1181 1427 1215 observatio
1452 1181 1570 1215 Jahnii
1594 1188 1630 1216 et
1653 1182 1723 1216 Ba-

973 1237 1045 1271 chii
1069 1238 1112 1272 ad
1134 1237 1243 1272 Ovid.
1268 1238 1356 1273 Met.
1382 1237 1416 1282 5,
1442 1238 1523 1273 642.
1547 1258 1595 1264 -—
1618 1240 1724 1274 ultro.

973 1295 1096 1328 Guelf.
1124 1297 1156 1330 1.

1019 1353 1065 1386 V.
1098 1353 1157 1388 33.
1204 1353 1340 1387 Fervit.
1389 1353 1459 1387 Ed.
1494 1354 1645 1399 Cnning.
1678 1375 1725 1381 —

973 1410 1118 1455 misero,
1152 1411 1293 1445 misera.
1350 1411 1511 1456 Utraque
1546 1413 1657 1447 forma
1688 1413 1723 1447 in

974 1480 1070 1502 mss..
1117 1468 1202 1511 Illa,
1239 1481 1342 1514 quam
1375 1481 1417 1503 ex
1443 1470 1572 1504 nostris
1597 1470 1726 1505 habent

973 1526 1077 1561 Dess.
1108 1528 1139 1561 1.
1165 1528 1200 1561 2.
1242 1527 1352 1561 Goth.
1378 1528 1480 1561 Gott.
1507 1530 1540 1562 1.
1565 1528 1600 1562 2.
1631 1539 1722 1562 omn.

972 1585 1072 1630 Lips.
1098 1585 1210 1619 Dorv.
1232 1587 1265 1620 1.
1290 1591 1326 1619 et
1348 1585 1426 1619 sine
1448 1585 1555 1619 dubio
1575 1585 1723 1619 Mentel.

973 1647 1009 1676 et
1033 1643 1188 1685 Graev.,
1223 1647 1277 1676 est
1301 1655 1344 1677 ex
1368 1643 1622 1677 consuetudine
1644 1643 1722 1677 Ho-

971 1700 1072 1743 ratii,
1108 1700 1202 1745 quod
1227 1701 1299 1745 jam
1335 1700 1539 1735 observavit
1563 1701 1723 1734 Muretus

972 1759 1058 1792 Var.
1092 1758 1208 1792 Lectt.
1245 1759 1283 1801 1,
1318 1758 1354 1792 4.
1403 1758 1462 1792 Cf.
1497 1758 1645 1792 Kirchn.
1679 1759 1723 1793 ad

970 1817 1047 1851 Sat.
1075 1817 1116 1859 1,
1148 1818 1180 1859 1,
1207 1816 1265 1850 61.
1299 1815 1420 1850 Klotz.
1444 1816 1560 1851 Lectt.
1586 1817 1720 1850 Venus.

968 1887 1004 1920 p.
1030 1876 1099 1909 270
1125 1880 1182 1918 et,
1215 1885 1319 1918 quem
1342 1874 1479 1919 laudat,
1519 1874 1568 1908 N.
1594 1874 1720 1908 Heius.

969 1932 1013 1966 ad
1046 1932 1156 1966 Ovid.
1189 1932 1277 1965 Met.
1309 1933 1351 1975 8,
1385 1931 1443 1967 74.
1492 1932 1586 1966 Edd.
1619 1932 1720 1966 Glar.

968 1990 1038 2026 543
1061 1991 1242 2034 (auctore,
1270 1996 1310 2024 ut
1333 1989 1401 2032 ait,
1426 1989 1588 2033 Erasmo,
1615 2001 1719 2035 prae-

968 2049 1130 2094 ceptore)
1149 2047 1272 2082 Lamb.
1298 2048 1410 2092 Cruq.
1434 2047 1566 2081 Piscat.
1584 2048 1719 2081 Bersm.

966 2106 1052 2139 Bas.
1077 2106 1159 2141 580.
1209 2106 1318 2139 Torr.
1352 2105 1398 2138 al.
1434 2105 1574 2138 misera.
1624 2104 1720 2138 Edd.

966 2169 1056 2197 vett.
1080 2169 1117 2197 et
1132 2163 1254 2209 Camp.
1277 2182 1325 2187 —
1353 2162 1535 2206 Cupidine.
1561 2162 1623 2195 Sic
1639 2162 1719 2195 edd.

969 2220 1072 2253 Glar.
1101 2220 1223 2255 Lamb.
1257 2220 1369 2263 Cruq.
1405 2218 1513 2252 Torr.
1539 2219 1618 2252 Val.
1645 2218 1719 2252 Do-

967 2276 1060 2321 righ.
1098 2295 1147 2302 —
1181 2277 1331 2322 pectus?
1378 2276 1440 2309 Sic
1481 2276 1560 2310 edd.
1597 2276 1718 2319 vulgo.

966 2334 1075 2368 Posui
1107 2335 1210 2368 colon
1241 2346 1317 2368 cum
1339 2333 1491 2376 Jahni0,
1527 2333 1718 2376 Schmidio,

966 2392 1045 2426 aliis
1070 2392 1127 2425 hic
1151 2397 1188 2426 et
1210 2405 1246 2427 v.
1271 2393 1336 2434 36;
1369 2392 1496 2426 omissa
1529 2391 1620 2425 enim
1651 2396 1718 2434 est,

966 2455 1006 2483 ut
1028 2450 1134 2494 vulgo
1159 2451 1269 2494 ajunt,
1295 2450 1422 2495 partic.
1439 2450 1483 2483 si.
1513 2448 1592 2482 Vid.
1611 2448 1714 2482 Com·

964 2513 1107 2542 mentat.
1132 2508 1175 2541 ad
1199 2519 1234 2540 v.
1258 2509 1316 2542 87.

1011 2566 1057 2598 V.
1074 2564 1133 2599 34.
1152 2565 1259 2599 verba
1276 2565 1542 2599 ac—-laborem-
1561 2563 1712 2608 Cuning.

964 2635 1009 2656 ex
1026 2623 1181 2667 ingenio,
1203 2634 1280 2667 seq.
1299 2623 1431 2656 Sanad.
1449 2622 1603 2656 Mervill.
1623 2626 1714 2656 et—

963 2681 1129 2715 laborem.
1176 2681 1248 2714 Ed.
1271 2681 1420 2725 Dorigh.
1469 2681 1527 2714 Cf.
1562 2680 1638 2713 Fea
1671 2681 1715 2713 ad

962 2739 1082 2785 Epod.
1108 2739 1162 2781 17,
1192 2738 1250 2773 64.
1274 2758 1322 2764 --
1351 2738 1394 2772 V.
1419 2737 1477 2772 35.
1504 2737 1614 2772 morbi
1636 2748 1713 2770 ma-

963 2808 1088 2842 gnam.
1115 2796 1185 2830 Ed.
1210 2796 1364 2841 Cuning.
1389 2808 1432 2829 ex
1455 2807 1542 2830 aure
1565 2806 1641 2828 sua.
1667 2814 1714 2819 --

963 2855 1146 2900 depellere.
1171 2853 1242 2888 Ms.
1257 2854 1302 2888 F.
1321 2865 1378 2900 ap.
1393 2855 1515 2887 Comb.
1533 2872 1580 2877 —
1603 2851 1712 2886 V.36.

965 2911 1104 2947 tumes?
1150 2912 1211 2945 Sic
1237 2911 1321 2946 dist.
1348 2911 1428 2946 edd.
1454 2911 1551 2955 vulg.
1581 2915 1713 2944 tumes:

962 2970 1075 3004 Pulm.
1098 2970 1200 3004 Jahn.
1224 2969 1380 3004 Schmid.
1397 2969 1543 3003 Passov.
1559 2966 1711 3001 Meinek.
