2028 3268
137 296 217 341 115
275 293 654 337 COMMENTARII
686 295 745 336 IN
774 294 998 337 HORATII
1025 293 1125 335 LIB.
1149 294 1177 334 1.
1199 292 1364 335 EPIST.
1384 293 1530 335 SEPT.
1589 291 1674 337 387

134 423 288 463 venales
314 421 561 474 praedicans3
591 421 642 460 cf.
672 419 718 459 A.
751 420 796 460 P.
826 418 940 462 419.*
984 420 1070 459 JuV.
1101 420 1143 470 7,
1172 419 1269 460 5-—
1287 420 1353 462 10.
1413 420 1493 460 Cic.
1522 421 1572 460 de
1599 421 1674 460 Of-

136 493 198 531 fic.
229 491 282 541 3,
323 490 400 540 13,
439 489 507 530 55.
566 489 682 529 Mart.
716 492 763 539 1,
802 490 882 539 86,
923 490 961 530 1.
1021 488 1196 527 Brisson.
1227 489 1274 526 de
1303 488 1472 527 Formul.
1505 489 1558 540 6,
1604 490 1672 530 56.

134 561 383 611 Quapropter
412 558 543 597 dubito
571 559 621 596 de
648 558 858 604 scrutario,
886 570 998 608 quem
1025 557 1084 595 hic
1113 557 1152 594 in
1163 555 1278 594 Mena
1304 557 1473 597 invenire
1500 557 1573 596 sibi
1604 558 1676 596 visi

135 631 225 667 sunt
254 628 473 673 Dae-erius,
504 625 762 678 Doriglzello,
793 626 1041 677 Doeringius
1050 655 1066 672 ,
1097 624 1180 675 alii,
1207 626 1322 663 immo
1352 625 1473 664 Poeta
1502 625 1674 664 consulto

135 697 208 734 vile
250 696 441 747 quoddam
481 696 675 746 praeconii
716 709 850 733 munus
897 695 1156 746 descripturus
1196 695 1390 746 putandus
1434 697 1504 732 est.
1576 694 1677 734 Hinc

134 772 290 810 scruta,
318 777 412 815 quas
443 767 545 802 teste
573 763 702 802 Schol.
735 763 851 814 Cruq.
882 763 1018 814 vulgus
1042 769 1188 815 gratas
1214 766 1326 799 vocat
1355 762 1551 813 [Doederl.
1582 764 1676 814 Syn.

134 832 166 871 I.
193 846 233 884 p.
262 831 388 883 158.]‚
413 828 551 886 γρύτη,
579 827 784 885 γρυτοῖρια,
814 833 859 870 C.
878 831 1043 870 Passov:
1074 830 1358 882 „Geriimpel‚“
1387 830 1504 870 Voss:
1535 831 1679 882 „aller-

135 899 185 939 lei
212 901 388 939 Kram.“
445 901 530 940 Vid.
563 900 678 938 Torr.
708 901 758 939 ad
786 901 824 938 h.
855 900 881 938 l.
914 905 953 938 et
982 901 1032 938 cf.
1063 898 1110 936 A.
1143 898 1243 936 Gell.
1275 898 1328 948 3,
1373 897 1464 946 14.;
1507 899 1678 938 similiter

128 969 287 1019 frivola
313 982 375 1020 ap.
406 968 490 1008 Juv.
521 969 571 1019 3,
607 969 702 1010 197.
732 968 823 1020 ibiq.
854 969 987 1008 Heinr.
1045 967 1145 1006 Hinc
1176 968 1290 1006 etiam
1318 967 1494 1004 tunicato
1517 968 1680 1018 popello

136 1038 162 1075 i.
189 1051 225 1076 e.
267 1037 432 1088 pullatae
469 1036 604 1076 turbae
643 1051 711 1076 seu
738 1037 951 1076 hominibus
981 1038 1030 1075 de
1058 1035 1185 1073 infima
1214 1035 1340 1086 plebe.
1399 1034 1484 1074 Vid.
1514 1036 1678 1076 Salmas.

135 1107 186 1145 ad
223 1105 387 1145 Tertull.
417 1105 466 1144 de
500 1104 594 1144 Pall.
625 1119 664 1156 p.
700 1105 799 1146 473.
858 1105 1012 1144 Weber.
1042 1105 1093 1142 ad
1126 1105 1212 1142 Juv.
1242 1106 1294 1155 2,
1336 1107 1404 1146 71.
1442 1117 1481 1156 p.
1514 1104 1612 1146 148.
1642 1113 1683 1149 et

135 1188 234 1226 quos
270 1174 427 1212 laudant
454 1173 516 1211 hic
544 1173 774 1211 Schmidias
804 1178 843 1213 et
873 1174 1095 1224 Rupertius
1123 1173 1172 1211 ad
1203 1172 1329 1212 Tacit.
1360 1171 1461 1211 Dial.
1489 1174 1539 1210 de
1569 1174 1680 1214 Orat.

133 1245 186 1294 7,
215 1239 256 1283 4.
317 1243 363 1282 In
391 1243 621 1281 deminutivo
646 1242 810 1292 popello
836 1244 862 1282 i.
890 1256 926 1281 e.
954 1240 1176 1295 plebeculae
1201 1242 1336 1278 eadem
1366 1241 1582 1290 exiguitatis
1611 1256 1682 1282 110-

135 1312 190 1350 tio
221 1323 318 1363 quae
342 1324 378 1349 v.
392 1311 460 1352 10.
485 1312 523 1348 in
551 1310 702 1361 opella,
730 1313 803 1349 nisi
831 1312 870 1350 in
896 1310 967 1349 hac
996 1315 1057 1349 est
1085 1310 1213 1358 taedii,
1243 1322 1355 1360 quam
1383 1309 1526 1348 mavult
1556 1311 1682 1349 G-roe-

136 1378 212 1417 bel.
269 1379 450 1418 Similiter
481 1379 662 1417 servulus
692 1379 786 1418 vilis
816 1392 879 1432 ap.
908 1379 989 1418 Cic.
1014 1379 1062 1416 de
1087 1378 1201 1416 Offic.
1225 1378 1267 1426 3,
1299 1378 1367 1427 23,
1396 1381 1436 1421 2.
1497 1379 1558 1417 Cf.
1581 1379 1682 1419 Her-

138 1461 228 1499 zog.
259 1449 308 1486 ad
338 1449 450 1486 Caes.
479 1448 527 1487 B.
560 1449 644 1486 Civ.
676 1451 726 1499 2,
759 1447 857 1490 104.
888 1451 928 1485 et
953 1447 1083 1484 Kiihn.
1114 1447 1163 1483 ad
1192 1446 1272 1484 Cic.
1304 1445 1422 1484 Tusc.
1455 1447 1508 1497 3,
1551 1452 1601 1499 1,
1642 1452 1682 1494 2.

135 1537 191 1546 —-
226 1516 428 1567 Occupat,
456 1519 499 1554 ut
527 1517 568 1566 6,
598 1517 692 1567 32.,
722 1517 792 1555 sed
820 1514 880 1554 hic
909 1528 993 1554 cum
1021 1515 1175 1554 notione
1204 1516 1508 1567 supervenientis
1536 1517 1584 1556 de
1612 1519 1683 1556 im-

134 1586 314 1638 proviso,
344 1584 430 1622 hinc
452 1585 568 1634 prior
594 1583 748 1622 salvere
772 1583 900 1631 jabet.

249 1652 296 1691 V.
325 1654 451 1693 67—
468 1652 538 1692 69.
599 1653 678 1692 Ille
707 1653 902 1704 Philippo
936 1672 985 1681 --
1015 1650 1264 1689 Providisset
1291 1665 1394 1690 eum.
1459 1654 1567 1700 Quae
1605 1657 1683 1694 sint

137 1722 383 1760 mercenaria
424 1721 614 1772 νίηοιιῖα,
672 1722 902 1760 dissentiunt
941 1722 1186 1772 interpretes.
1253 1719 1515 1758 Hoc-hederas
1524 1750 1541 1769 ,
1597 1726 1685 1775 quia

135 1804 277 1844 praeco
305 1791 419 1829 fuerit
442 1791 721 1840 mercenarius,
750 1789 926 1840 intelligit
949 1789 1088 1827 Menae
1116 1789 1388 1840 occupationes
1419 1793 1557 1841 utpote
1582 1804 1684 1830 mer-

138 1860 232 1900 cede
255 1860 432 1898 conducti
461 1872 685 1911 comparans
709 1859 944 1896 Graecorum
969 1854 1201 1909 μισθωτοῦς
1222 1860 1262 1894 et
1286 1850 1479 1907 ἀτέχνους
1507 1858 1576 1899 καὶ
1606 1856 1685 1901 σώ-

137 1944 231 1981 ματι
261 1923 369 1982 μόνῳ
404 1925 638 1979 χρομὲνους.
696 1926 903 1965 Praeterea
935 1929 1046 1963 acute
1086 1932 1239 1975 monet,
1287 1925 1414 1963 officia
1451 1927 1501 1965 ad
1534 1940 1685 1968 merces

138 1996 352 2049 spectantia
376 1994 516 2047 (Vossz
545 1996 645 2046 „wie
675 1994 764 2034 sehr
791 1996 855 2034 ihn
883 1995 998 2033 binde
1027 1996 1096 2033 der
1119 1991 1320 2044 Handel“)
1348 2005 1429 2031 rem
1458 2008 1546 2035 esse
1572 1999 1685 2036 nimis

137 2066 346 2104 fortuitam.
406 2064 514 2109 Quae
542 2065 693 2115 quidem
721 2076 833 2102 causa
860 2062 954 2102 levis
982 2064 1146 2113 videtur,
1176 2074 1291 2114 quum
1321 2073 1357 2098 v.
1378 2061 1446 2102 65.
1478 2062 1592 2102 homo
1622 2065 1685 2103 ille

138 2133 312 2172 vendens
340 2130 514 2188 dicatur2
533 2134 576 2170 at
605 2132 757 2183 gravius
786 2130 860 2170 hoc
890 2137 964 2183 est,
994 2132 1098 2184 quod
1127 2143 1313 2181 nusquam
1343 2134 1588 2169 mercenaria
1617 2133 1684 2171 tali

139 2201 418 2254 significatione
443 2199 642 2252 (Juvenc.:
670 2202 988 2253 „occupationes‚
1017 2199 1151 2254 quibus
1179 2202 1413 2238 mercatores
1442 2199 1681 2251 distinemur,

140 2266 388 2319 molestae“)
426 2268 622 2318 quisquam
661 2267 792 2319 legere
827 2271 1007 2309 meminit.
1067 2269 1254 2309 Exsulent
1288 2269 1404 2318 igitur
1438 2280 1484 2306 ex
1520 2267 1682 2307 Horatio

139 2337 440 2390 „occupationes
468 2336 506 2373 in
534 2337 744 2376 vendendis
770 2338 1007 2390 mercibus‚“
1035 2351 1131 2390 quas
1161 2351 1244 2376 cum
1267 2335 1395 2374 Schol.
1423 2336 1538 2386 Cruq.
1570 2338 1682 2376 etiam

138 2405 356 2456 intelligunt
383 2404 631 2451 Ραδδονίῑισ,
659 2405 698 2446 J.
731 2407 903 2445 Merkel.
917 2436 935 2455 ,
973 2405 1207 2446 Groebelius
1218 2433 1236 2452 ,
1264 2406 1303 2442 in
1327 2416 1531 2453 eorumque
1559 2403 1683 2443 locum

141 2475 348 2514 succedant
375 2474 676 2524 „occupationes
698 2474 747 2512 ob
777 2489 933 2527 operam
952 2475 1130 2516 mercede
1151 2474 1375 2526 promissam
1397 2473 1685 2510 necessariae.“

141 2543 268 2594 Atque
296 2541 398 2581 haud
425 2541 504 2581 scio
533 2553 583 2579 an
611 2542 722 2580 nimio
750 2543 836 2595 plus
866 2544 958 2583 illud
993 2554 1166 2596 „parvas
1195 2541 1391 2580 mercedes
1422 2540 1530 2589 sequi
1543 2539 1571 2563 ‘⁶
1597 2539 1680 2578 Sat.

146 2613 196 2662 1,
227 2612 278 2661 6,
309 2611 377 2651 87.
406 2610 616 2648 intenderit
642 2610 857 2648 Rodellias
867 2639 886 2657 ,
915 2625 1030 2662 quum
1057 2623 1173 2648 merc.
1201 2607 1338 2646 vinela
1368 2609 1682 2658 interpretaretur

142 2678 413 2729 „necessarias
443 2678 712 2727 occupationes
741 2679 926 2729 hominis,
966 2680 1031 2729 qui
1060 2678 1230 2717 collectis
1262 2689 1306 2714 ex
1336 2676 1438 2714 omni
1465 2680 1575 2727 parte
1602 2679 1682 2716 for-

142 2746 247 2784 tuitis
275 2743 513 2783 mercedibus
542 2756 661 2794 seque
690 2759 736 2784 ac
764 2760 856 2786 suos
885 2746 1017 2784 aleret.
1029 2746 1058 2770 ‘⁶
1116 2745 1240 2782 Caute
1270 2743 1418 2780 Dara.-
1461 2744 1682 2795 „S'excuse

143 2825 208 2852 sur
246 2812 304 2852 les
343 2812 449 2850 soins
489 2810 664 2862 qu'exige
700 2827 772 2853 son
803 2814 991 2853 metier.“
1046 2812 1107 2851 De
1132 2812 1167 2849 vi
1197 2814 1236 2848 et
1263 2814 1452 2850 structura
1481 2826 1516 2851 v.
1547 2827 1679 2852 exous.

143 2879 220 2919 vid.
248 2879 411 2932 Rupert.
440 2879 491 2916 ad
522 2876 607 2916 Liv.
636 2880 685 2929 6,
725 2884 806 2932 22,
846 2883 886 2922 3.
944 2880 1083 2919 Walth.
1113 2885 1153 2919 et
1180 2878 1282 2930 Rup.
1309 2879 1360 2918 ad
1388 2879 1483 2919 Tac.
1512 2879 1612 2922 Ann.
1644 2885 1683 2931 1,

145 2945 223 2996 59,
253 2948 293 2989 2.
353 2945 482 2983 Schm-
509 2947 560 2984 ad
587 2946 626 2984 h.
654 2947 681 2985 1.
720 2971 778 2978 —-
813 2948 860 2987 V.
891 2949 960 2989 68.
990 2961 1107 2986 mane
1134 2947 1309 2985 domum.
1367 2947 1540 3000 Intellige
1570 2950 1685 2988 officii

84 3076 86 3079 .
145 3013 355 3053 antelucani
383 3013 649 3053 salutationem
675 3012 729 3066 (V.
760 3016 861 3068 75.)‚
894 3016 942 3055 de
975 3029 1049 3067 qua
1077 3015 1162 3055 vide
1188 3013 1506 3124 V02sg.(}‹)l*Virg.
1537 3016 1609 3056 Ge.
1643 3020 1683 3065 2,
