2028 3268
139 208 199 252 35
300 206 682 249 COMMENTARII
712 209 769 249 ΙΝ
787 207 1012 250 HORATII
1031 207 1131 250 LIB.
1147 209 1177 250 Ι.
1197 207 1368 249 EPIST.
1383 208 1533 251 SEPT.
1607 209 1691 252 357

36 335 70 392 s*
143 333 210 377 15.
242 333 308 376 16.
364 334 462 372 Hae
489 334 664 373 latebrae
688 335 849 386 dulces,
879 335 1020 385 etiam,
1048 336 1085 372 si
1112 334 1239 374 credis
1249 364 1267 384 ,
1289 348 1493 387 amoenae,
1523 335 1689 375 Incolu-

140 415 245 442 mem
272 401 347 440 tibi
373 417 436 440 me
454 411 669 454 praestant
701 402 999 456 Septembribus
1023 403 1144 444 horis,

251 470 297 510 V.
325 470 469 512 5——9-
496 472 594 509 dum
611 473 726 522 ficus
748 495 805 501 —-
826 474 1019 524 resignat.
1076 471 1255 523 „Romae
1279 473 1378 511 enim
1401 480 1560 526 propter
1585 474 1687 512 calo-

137 550 202 579 res
229 536 431 578 Austrinos
457 540 530 579 hoc
555 546 728 594 tempore
756 540 881 593 (Virg.
912 541 987 579 Ge.
1016 543 1065 590 2,
1100 540 1218 593 270.)
1245 545 1312 580 aer
1341 543 1583 593 gravissimus
1614 547 1687 592 est,

22 604 63 659 '⁷²5'
139 612 374 659 quapropter
396 608 502 648 multi
529 610 781 650 moriuntur.“
836 610 920 648 Vid.
943 609 1082 650 Heind.
1108 611 1156 648 ad
1183 610 1264 648 Sat.
1290 612 1330 660 2,
1357 612 1400 662 6,
1430 610 1497 651 19.
1521 612 1685 662 interpp.

18 1654 43 1706 14

14 1710 40 1778 ἐξ

13 1803 44 1943 {ss

7 1921 46 2066 ξ,

15 2215 46 2271 1

55 666 63 672 ”
137 677 189 715 ad
219 676 299 718 od.
328 678 378 726 2,
407 674 482 728 14,
517 679 584 719 16.
614 678 665 728 3,
699 679 776 728 23,
808 679 848 719 8.
876 677 1000 730 Epist.
1035 679 1084 726 1,
1110 678 1187 728 10,
1222 679 1274 719 15
1306 691 1366 730 sq.
1410 680 1487 729 16,
1526 680 1566 719 8.
1597 692 1684 729 sqq.

137 744 268 783 Schol.
297 745 346 782 ad
375 745 461 783 Juv.
491 742 542 795 4,
586 745 654 787 56.
685 746 752 787 57.
810 746 911 798 Rup.
937 747 987 783 ad
1018 747 1066 795 6,
1092 745 1189 786 517.
1249 744 1362 784 Voss.
1394 747 1443 786 ad
1473 747 1576 798 Virg.
1601 747 1684 785 Ecl.

58 799 59 802 ’
137 815 181 864 2,
211 812 279 853 58.
311 814 355 863 7,
385 812 454 854 57.
502 814 628 864 Heyn.
658 815 707 852 ad
737 814 809 852 Ge.
838 815 881 864 3,
914 811 1012 854 479.
1073 813 1212 852 Markl.
1242 815 1291 853 ad
1316 815 1414 853 Stat.
1445 816 1539 854 silv.
1572 818 1612 864 2,
1645 816 1685 864 1,

139 883 238 924 217.
297 881 389 932 Maj.
417 883 466 919 ad
493 882 574 920 Cic.
604 883 653 920 de
676 883 777 934 Rep.
808 885 859 932 2,
903 884 942 922 6.
974 887 1054 922 not.
1089 883 1155 923 10.
1213 881 1274 920 De
1300 884 1422 921 causis
1451 884 1558 935 hujus
1589 885 1686 923 aeris

137 951 364 1002 gravissimi,
394 951 458 1000 qui
485 950 680 998 molaria,
703 952 784 990 aliis
810 951 902 988 aria
925 952 1078 988 cattiva
1100 951 1213 988 hodie
1236 952 1385 1002 dicitur,
1414 956 1567 1003 praeter
1592 951 1686 989 alios

137 1019 284 1057 erudite
313 1018 508 1068 disputant
534 1017 719 1056 Bumen.
751 1019 790 1057 in
830 1046 860 1069 ,,
872 1019 1160 1071 Beschreibung
1186 1021 1254 1059 der
1283 1022 1394 1061 Stadt
1416 1021 1516 1060 Rom
1542 1034 1615 1058 von
1636 1019 1683 1058 E.

134 1082 306 1136 Phflmer,
331 1086 382 1124 K.
404 1086 573 1135 Bunsen‚
602 1086 676 1124 Ed.
700 1087 877 1126 Gerhard
904 1089 982 1126 und
1005 1089 1116 1127 Wilh.
1145 1089 1333 1128 RosseU‘
1392 1089 1535 1139 stuttg.
1561 1088 1683 1130 1829.

137 1155 168 1194 I.
201 1156 250 1206 1,
280 1155 346 1205 3.,
388 1153 630 1191 Baumann.
660 1155 699 1192 in
725 1155 1006 1207 „Morgenbl.“
1036 1158 1160 1198 1831.
1189 1159 1243 1197 N.
1273 1160 1339 1199 18.
1369 1171 1408 1209 p.
1437 1157 1506 1197 69.
1533 1162 1583 1195 et.
1617 1158 1684 1197 17.

135 1236 177 1275 p.
197 1223 290 1273 66,,
320 1221 391 1259 Fr.
416 1223 538 1259 Brun
547 1250 564 1268 ,
593 1221 684 1273 geb.
705 1214 878 1262 Miinter:
917 1224 1171 1275 „Riimisches
1191 1226 1371 1264 Leben.“
1427 1224 1537 1276 Lips.
1560 1224 1683 1265 1833.

135 1291 183 1330 11.
202 1290 286 1329 coll.
318 1290 499 1340 „Bl'atter
522 1290 583 1327 fiir
607 1289 662 1329 lit.
688 1290 1000 1343 Unterhaltung“
1030 1294 1151 1335 1833.
1170 1308 1209 1345 p.
1227 1294 1343 1344 99Ο.,
1369 1292 1685 1343 „Freimiithige“

139 1359 262 1402 1835.
292 1373 332 1410 p.
361 1356 481 1407 439.,
510 1357 631 1395 Flook
659 1358 994 1408 „WissenschaftL
1021 1362 1171 1400 Reise“
1201 1368 1274 1401 etc.
1304 1361 1401 1412 Lps.
1434 1362 1558 1404 1837.
1586 1362 1614 1399 I.
1647 1363 1685 1403 1.

135 1441 176 1481 p.
205 1427 287 1469 502
313 1439 400 1477 sqq.
430 1448 488 1455 —-
508 1427 649 1476 prima
661 1427 776 1475 ficus
796 1442 927 1467 mense
951 1430 1083 1468 Sextili
1116 1435 1154 1468 et
1180 1430 1396 1482 Septembri
1424 1435 1684 1468 maturescens

134 1499 260 1548 ipsum
298 1507 415 1547 grave
452 1496 640 1533 auctumni
681 1496 720 1533 d.
752 1496 818 1534 XI.
858 1511 910 1539 m.
939 1496 1038 1549 Aug.
1080 1499 1294 1549 incipientis
1325 1498 1458 1549 (Voss.
1491 1500 1540 1537 ad
1573 1500 1681 1550 Virg.

136 1566 211 1604 Ge.
241 1565 292 1614 3,
322 1561 440 1615 478.)
478 1567 628 1615 tempus
659 1565 847 1615 designat.
906 1565 965 1603 lta
995 1566 1193 1604 Columell.
1228 1566 1276 1604 de
1308 1566 1411 1604 Cult.
1440 1566 1554 1605 Hort.
1583 1564 1681 1607 400.

141 1634 278 1684 Quum
310 1632 424 1670 oanis
452 1632 650 1684 Erigones
671 1633 870 1684 flagrans
900 1634 1149 1685 Hyperionis
1178 1639 1293 1670 aestu
1323 1633 1526 1672 Arboreos
1554 1637 1686 1685 aperit

123 1702 242 1755 [εἰπε
287 1722 346 1730 —-
396 1701 511 1737 Tunc
553 1713 730 1751 praecox
762 1701 893 1752 bffiera
924 1702 1127 1739 descendit
1162 1700 1216 1737 ab
1257 1700 1399 1738 arbore
1421 1702 1562 1751 ficus5
1620 1703 1683 1741 ubi

133 1770 313 1811 Wernsd.
338 1769 441 1807 hunc
466 1769 541 1807 loc.
577 1774 785 1820 comparat.
842 1770 1029 1822 Bcferam
1045 1770 1182 1818 ficum
1211 1783 1298 1808 esse
1330 1770 1560 1808 Torrentius
1587 1785 1683 1822 quo-

133 1853 210 1892 que
234 1839 348 1889 dixit,
377 1839 447 1876 sed
474 1839 596 1876 minus
623 1843 728 1876 recte
757 1838 919 1877 laudavit
946 1839 1029 1877 Sat.
1058 1841 1106 1889 2,
1134 1841 1182 1888 2,
1209 1841 1304 1881 122.
1369 1837 1544 1877 Ονείἰίαε
1572 1852 1683 1890 quam

134 1908 362 1946 sententiam
399 1906 448 1943 de
485 1905 622 1943 ficuum
658 1904 762 1956 (fichi
796 1906 897 1958 fiori)
931 1908 1183 1958 intemperato
1219 1921 1290 1946 usu
1327 1907 1454 1945 febres
1493 1908 1682 1945 excitante

133 1977 258 2028 primo
288 1975 496 2023 habuerat,
547 1974 703 2012 mutavit
744 1975 842 2024 ipse.
901 1975 1024 2014 Recte
1059 1976 1173 2013 etiam
1201 1974 1421 2013 Marc-ilias
1453 1976 1680 2026 opinionem,

121 2045 259 2093 ficum
279 2044 460 2094 primam
481 2040 631 2090 insigne
654 2041 785 2091 fuisse,
812 2055 887 2091 quo
913 2043 1135 2093 designator
1159 2043 1197 2079 in
1224 2055 1365 2093 pompa
1389 2043 1537 2081 funebri
1559 2056 1680 2093 agno-

132 2116 330 2161 sceretur,
358 2108 616 2148 cantherinum
643 2109 828 2146 somnium
856 2110 958 2147 dicit.
1018 2110 1198 2147 Ceterum
1222 2109 1272 2147 ad
1295 2122 1332 2146 v.
1356 2112 1482 2160 prim.
1515 2111 1564 2148 cf.
1594 2112 1676 2149 Sat.

134 2184 176 2232 1,
205 2182 248 2230 3,
274 2178 343 2219 99.
405 2177 514 2215 Cort.
541 2177 591 2214 ad
613 2175 710 2213 Plin.
740 2175 814 2227 Ep.
840 2177 882 2225 6,
909 2178 950 2226 6,
981 2177 1022 2216 6.
1052 2181 1092 2214 et
1118 2174 1266 2215 Lucan.
1290 2179 1330 2227 2,
1357 2179 1424 2219 21.
1481 2176 1676 2228 Aristoph.

130 2249 236 2291 Nub.
254 2248 352 2290 519.
383 2243 517 2297 (522.)
544 2267 602 2273 -
641 2243 764 2282 Calor
787 2257 901 2294 quum
929 2258 974 2283 ex
991 2245 1096 2283 Cane
1126 2249 1166 2283 et
1190 2245 1389 2282 momentis
1419 2244 1562 2284 Leonis
1590 2245 1678 2296 (10,

132 2317 246 2370 16.),
274 2320 354 2354 tum
383 2328 429 2353 ex
457 2312 610 2363 letifero
641 2311 796 2349 Austro
823 2318 952 2363 ortus,
976 2317 1020 2351 ut
1045 2317 1231 2352 testantur
1255 2313 1328 2350 loci
1359 2318 1446 2352 ante
1471 2314 1611 2352 laudati
1639 2320 1679 2354 et

132 2387 247 2426 Ovid.
277 2385 373 2423 Met.
405 2384 457 2432 7,
488 2381 585 2423 532·
643 2379 787 2418 Lucan·
815 2382 865 2430 8,
894 2379 992 2422 847.
1050 2382 1188 2419 Senec.
1219 2381 1318 2419 Oed.
1346 2382 1441 2422 630.
1502 2383 1679 2433 Quapro-

130 2461 218 2508 pter
246 2451 495 2505 improbanda
526 2450 684 2500 Cruquii
711 2450 900 2500 scriptura
927 2449 1035 2487 color
1062 2454 1123 2488 est
1151 2464 1241 2488 vero
1270 2455 1566 2489 consentaneum
1595 2451 1678 2501 opi-

131 2523 274 2573 nantis,
305 2522 589 2571 designatorem
618 2531 696 2556 non
722 2519 842 2556 minus
873 2521 1050 2568 atratum,
1080 2531 1192 2570 quam
1223 2519 1379 2558 lictores
1408 2519 1525 2556 fuisse
1552 2519 1591 2556 in
1619 2518 1676 2556 lu-

132 2591 194 2630 dis
219 2588 456 2629 funebribus.

245 2658 293 2696 V.
314 2659 354 2697 6.
414 2656 723 2706 Designatorem
751 2654 836 2692 dec.
870 2654 999 2691 lictor.
1032 2656 1143 2705 atris,
1172 2657 1197 2694 i.
1215 2669 1250 2693 e.
1260 2657 1442 2693 ‚funerum
1469 2654 1676 2706 mancipem

132 2732 174 2766 et
187 2728 458 2774 ordinatorem,
487 2724 545 2761 cui
573 2724 634 2761 hic
666 2724 791 2762 faceta
813 2723 1020 2761 catachresi
1048 2736 1119 2773 pro
1145 2723 1324 2760 ministris
1349 2723 1554 2761 libitinariis
1583 2723 1675 2760 atris

136 2794 307 2832 vestibus
332 2793 475 2831 indutis
503 2791 718 2830 tribuuntur
746 2791 901 2828 lictores
931 2803 977 2828 ex
1007 2792 1198 2828 sententia
1229 2790 1459 2841 Xylandr12‚
1506 2792 1675 2828 Torren-

136 2862 203 2909 tii,
235 2860 490 2907 Wielandii,
522 2859 666 2897 Orellc’ti
692 2860 799 2898 aliter
827 2858 1078 2898 sentientibus
1107 2858 1314 2909 Rappolto
1336 2858 1391 2910 (p.
1422 2858 1564 2910 636),
1595 2858 1676 2894 Be-

135 2928 248 2967 ckero
274 2930 323 2968 ad
352 2928 453 2967 Gall.
484 2928 536 2966 11.
566 2941 606 2979 p.
637 2928 759 2979 283.,
789 2927 893 2977 aliis,
920 2927 983 2978 qui
1012 2928 1050 2964 in
1079 2939 1186 2965 suam
1211 2939 1292 2965 rem
1319 2926 1483 2966 afferunt
1512 2927 1594 2964 Cic.
1625 2926 1674 2963 de
