2028 3268
349 260 430 301 164
459 265 824 304 COMMENTARII
850 267 901 302 IN
927 265 1144 302 HORATII
1173 264 1342 301 EPIST.
1363 264 1574 305 SECUND.
1603 267 1700 303 LIB.
1718 268 1749 303 Ι.
1809 265 1862 307 58

348 377 432 425 ejus
459 383 590 427 partes
617 377 644 413 i.
673 390 708 412 e.
737 376 900 413 virtutes
941 373 1083 426 (Epist.
1115 376 1153 424 1,
1193 375 1231 425 1,
1261 375 1328 416 11.
1369 375 1468 426 quid
1492 389 1627 413 verum
1653 383 1772 427 atque
1793 376 1863 414 de-

348 442 469 488 cens).
536 445 756 493 Utrumque
797 443 925 489 enim,
967 443 1169 479 literarum
1206 440 1383 480 studium
1419 449 1458 479 et
1491 455 1651 481 sensum
1692 443 1862 493 honesti,

347 513 489 549 eruore
519 509 809 560 conjungebant
843 515 995 546 veteres
1029 509 1209 558 vinculo,
1249 521 1370 561 quam
1398 510 1523 546 nostri
1556 508 1751 549 homines.
1804 513 1864 549 lta

347 579 526 615 Ciceroni
564 576 613 613 de
640 575 752 613 Offic.
783 575 821 623 1,
850 572 918 623 42,
957 573 1048 615 151.
1085 575 1264 613 doctrina
1293 588 1424 612 rerum
1452 575 1702 615 honestarum
1727 577 1864 630 philo-

347 644 510 696 sophiae
539 643 795 692 omniumque
824 643 968 679 artium
1003 642 1307 695 liberaliumque
1340 643 1532 693 professio
1568 650 1649 694 est,
1690 652 1736 683 ut
1762 646 1864 683 bene

347 711 446 748 vidit
473 710 601 749 Beier.
658 709 695 746 A
723 721 842 745 sensu
869 709 948 746 loci
974 722 1056 746 non
1089 711 1263 747 multum
1291 708 1474 747 abhorret
1498 710 1626 760 Epist.
1659 713 1699 760 2,
1727 713 1768 759 2,
1795 711 1864 752 83.

347 780 579 814 insenescere
617 774 730 811 libris
766 782 804 811 et
832 777 948 812 curis.
979 777 1098 826 Prop.
1125 778 1165 825 2,
1203 776 1243 825 3,
1272 778 1308 816 7.
1346 776 1486 813 studiis
1512 776 1680 827 vigilare
1706 778 1860 815 severis.

346 845 451 880 Male
473 844 590 881 vertit
617 839 818 880 scheller:
856 841 1000 891 „Nicht
1029 850 1250 894 austrengst
1286 841 1363 879 den
1392 843 1502 881 Geist
1527 844 1603 881 mit
1627 843 1753 881 Fleiss
1779 843 1864 882 und

346 908 617 948 schicklichen
643 910 840 960 Dingen.“

455 978 501 1014 V.
523 977 590 1016 37.
620 976 783 1014 Invidia
798 997 851 1005 —
869 974 1101 1026 torquebere.
1147 977 1213 1013 Ex
1235 977 1386 1014 ratione
1408 978 1692 1015 contrariorum
1709 990 1732 1015 a
1749 990 1866 1016 versu

347 1039 416 1083 34.
450 1041 716 1080 indicatorum
743 1043 1025 1081 sententiarum
1053 1042 1152 1081 ratio
1179 1041 1278 1081 haec
1309 1050 1386 1081 est:
1426 1044 1519 1089 „Et
1549 1045 1630 1081 nisi
1651 1044 1765 1082 rebus
1793 1045 1866 1082 ho-

348 1109 465 1144 nestis
493 1109 672 1154 vacabis,
693 1109 1009 1159 perturbationes
1032 1111 1159 1147 animi
1185 1117 1220 1146 te
1248 1111 1474 1160 impedient,
1502 1124 1578 1161 quo
1605 1112 1736 1148 minus
1761 1125 1866 1148 som-

348 1189 446 1212 num
482 1189 622 1225 capere
650 1177 836 1225 possis-‘s
900 1179 1007 1214 Haec
1042 1179 1330 1228 interpretatio,
1369 1190 1490 1228 quam
1526 1178 1706 1229 plerique
1740 1178 1866 1215 inter-

347 1249 477 1293 pretes
506 1243 737 1294 approbant,
767 1249 966 1280 auctorem
982 1242 1102 1281 habet
1120 1242 1432 1296 Porphyrionem
1456 1242 1507 1280 ad
1522 1256 1560 1285 v.
1587 1243 1656 1284 33.
1685 1244 1776 1290 „Si
1787 1258 1866 1282 non

342 1317 504 1360 propter
522 1309 821 1360 philosophiam
843 1310 1088 1361 vigilaveris,
1103 1318 1266 1361 propter
1298 1310 1492 1347 invidiam
1515 1317 1553 1346 et
1577 1323 1748 1347 amorem
1773 1310 1866 1348 dor-

348 1378 445 1413 mire
477 1391 557 1414 non
577 1378 781 1427 poteris.“
837 1378 898 1419 Cf.
923 1379 1031 1415 Pers.
1054 1378 1095 1426 3,
1127 1378 1150 1418 1
1180 1390 1268 1430 sqq.
1323 1377 1547 1415 Assentitur
1570 1377 1795 1414 Frenzelius
1823 1378 1867 1414 in

355 1444 514 1494 Quaest.
544 1445 769 1482 Venusinis.
805 1446 960 1484 Isenavi
989 1444 1108 1485 1835.
1139 1458 1178 1496 p.
1207 1446 1277 1484 27.
1315 1451 1419 1481 recte
1448 1451 1582 1481 contra
1608 1444 1867 1494 Doeringium

349 1511 567 1562 disputans,
590 1513 659 1563 qui
686 1519 731 1548 ut
758 1511 923 1550 Bothius
950 1513 1124 1562 explicat
1158 1511 1298 1561 „vigil
1323 1524 1376 1548 sc.
1403 1517 1614 1562 postquam
1643 1511 1687 1548 in
1713 1509 1867 1548 medios

349 1578 433 1616 dies
463 1578 726 1616 dormivisti.“
782 1580 887 1616 Olim
915 1577 1101 1630 equidem
1120 1579 1176 1615 sic
1193 1579 1333 1615 statui:
1364 1579 1455 1622 „Et
1475 1577 1654 1628 vigiliae,
1673 1591 1774 1628 quas
1796 1591 1866 1628 ego

348 1645 422 1682 tibi
446 1659 566 1683 curae
597 1659 675 1683 esse
697 1646 831 1691 velim,
859 1660 938 1682 non
962 1645 1140 1696 agendae
1170 1646 1302 1690 modo,
1325 1658 1460 1682 verum
1486 1645 1620 1689 etiam,
1648 1657 1697 1681 ne
1715 1645 1758 1681 in
1781 1644 1867 1682 atta

347 1714 529 1749 incurras
562 1714 677 1757 vitia,
705 1713 922 1749 matutinae
949 1711 1119 1748 desidiae
1151 1711 1359 1756 alimenta,
1394 1710 1678 1748 consumendae
1706 1718 1801 1748 sunt
1823 1713 1867 1749 in

347 1778 464 1816 rebus
496 1779 720 1816 honestisf‘
776 1781 882 1815 Haec
924 1777 1207 1829 interpretandi
1247 1780 1366 1827 ratio,
1407 1780 1490 1826 cui,
1520 1784 1566 1815 ut
1599 1791 1706 1815 nunc
1735 1777 1866 1827 video,

348 1847 611 1897 astipulantur
645 1847 815 1885 Vaenius
859 1847 901 1882 in
938 1845 1133 1885 Emblem.
1171 1846 1306 1882 Horat.
1346 1858 1386 1895 p.
1425 1843 1492 1886 44.
1533 1851 1572 1882 et
1608 1846 1864 1895 Tarteronus,

347 1912 446 1951 haec
482 1913 604 1963 igitur
639 1914 674 1951 si
701 1915 826 1962 valet,
862 1913 966 1964 vigil
993 1919 1051 1950 est
1078 1912 1411 1963 breviloquentia,
1441 1918 1485 1948 ut
1514 1925 1552 1949 v.
1581 1910 1650 1952 34.
1677 1925 1799 1949 sanus
1827 1919 1867 1951 et

348 1980 419 2020 68.
443 1994 544 2030 puer
573 1979 674 2031 (Sat.
706 1982 744 2029 1,
776 1981 815 2029 5,
843 1979 912 2020 44.
949 1981 1083 2031 ibique
1110 1977 1324 2030 Porphyr.)
1354 1990 1448 2028 pro:
1485 1977 1610 2025 „dum
1636 1979 1736 2028 vigil
1763 1992 1805 2017 es
1833 1992 1867 2018 s.

347 2049 516 2098 vigilans
547 2048 689 2099 (Epist.
723 2050 763 2096 2,
797 2049 834 2095 1,
869 2048 994 2099 112),
1025 2047 1256 2084 cruciaberis
1286 2044 1434 2083 invidia
1464 2051 1503 2081 et
1534 2046 1709 2083 amore.“
1763 2047 1867 2083 Hinc

347 2115 544 2164 Diogenes
574 2114 722 2166 (Laert.
750 2116 790 2162 6,
821 2114 906 2166 51.)
937 2111 1004 2155 τὸν
1032 2113 1155 2166 ἔρωτα
1183 2109 1448 2165 σχολαζόντων
1475 2107 1660 2162 ἀσχολίαν
1686 2113 1865 2151 vocabat.

347 2181 462 2219 Ovid.
484 2183 596 2218 Rem.
614 2182 705 2218 Am.
726 2179 819 2222 144.
854 2181 966 2219 Cedit
981 2195 1094 2218 amor
1107 2180 1221 2218 rebus
1229 2196 1246 2228 ;
1269 2195 1329 2218 res
1346 2193 1445 2230 age:
1471 2185 1578 2215 tutus
1596 2180 1683 2215 eris.
1715 2179 1868 2217 Seneca

347 2250 474 2300 Epist.
500 2249 568 2289 56.
598 2248 654 2284 Et
678 2248 764 2284 ideo
787 2248 845 2285 ad
862 2262 992 2285 rerum
1010 2254 1123 2284 actus
1141 2248 1336 2284 excitandi
1353 2261 1402 2284 ac
1426 2246 1654 2283 tractatione
1676 2244 1867 2282 bonarum

347 2318 496 2354 artium
518 2316 742 2365 occupandi
771 2329 925 2360 sumuS,
954 2317 1102 2366 quoties
1127 2329 1198 2352 nos
1220 2315 1324 2352 male
1351 2313 1469 2351 habet
1491 2314 1632 2349 inertia
1649 2313 1715 2348 sui
1733 2313 1865 2362 impa-

349 2387 460 2421 tiens.
483 2405 533 2412 -
566 2383 790 2433 Nunquam
816 2390 934 2420 vacat
968 2383 1149 2420 lascivire
1178 2381 1365 2418 districtis
1378 2396 1390 2416 :
1416 2380 1595 2430 nihilque
1613 2386 1696 2415 tam
1719 2386 1866 2416 certum

350 2458 421 2496 est,
450 2464 572 2502 quam
602 2452 673 2488 otii
697 2451 795 2487 vitia
826 2451 977 2501 negotio
1011 2449 1167 2485 discuti.
1227 2449 1306 2485 Cur
1339 2449 1461 2486 Poeta
1495 2453 1649 2497 praeter
1676 2459 1866 2491 amorem,

350 2520 534 2556 matutini
561 2519 750 2569 temporis
779 2518 1030 2554 notissimum
1064 2517 1258 2562 fructum,
1301 2515 1421 2551 etiam
1447 2514 1641 2550 invidiam
1673 2515 1866 2561 nominet,

351 2584 478 2623 disces
517 2599 571 2622 ex
597 2586 680 2626 Sat.
710 2586 748 2632 1,
778 2586 819 2632 3,
849 2585 918 2625 60.
954 2584 1004 2621 cf.
1035 2584 1144 2620 Pers.
1171 2583 1212 2630 3,
1240 2581 1309 2623 73.
1365 2583 1473 2619 Alias
1510 2581 1632 2618 animi
1659 2581 1866 2632 perturba-

351 2653 477 2690 tiones
505 2653 669 2690 minime
694 2649 854 2689 excludi
880 2663 961 2687 non
989 2657 1060 2698 est,
1091 2649 1198 2702 quod
1223 2661 1420 2686 moneam.
1477 2649 1659 2686 Ceterum
1685 2649 1729 2685 in
1747 2649 1865 2687 verbo

353 2726 451 2769 torq.
485 2720 722 2771 comparatio
756 2719 860 2755 facta
887 2715 1043 2754 videtur
1069 2728 1092 2752 a
1120 2729 1321 2753 servorum
1351 2717 1546 2764 cruciatu,
1576 2717 1644 2768 qui
1671 2715 1756 2766 igni
1783 2722 1866 2754 tor-

354 2787 582 2837 quebantur.
639 2785 725 2824 Vid.
756 2786 867 2822 Voss.
901 2791 940 2821 et
966 2784 1119 2821 Dissen.
1149 2783 1200 2820 ad
1229 2784 1321 2821 Tib.
1355 2785 1389 2831 1,
1418 2782 1457 2831 4,
1485 2784 1553 2824 81.
1583 2782 1622 2831 5,
1648 2781 1686 2822 5.

464 2854 511 2891 V.
539 2853 608 2892 38.
637 2854 706 2893 39.
751 2853 861 2902 Quae
876 2874 930 2880 ——
951 2853 994 2888 in
1020 2864 1184 2888 annum.
1245 2850 1393 2897 Quodsi
1418 2852 1611 2888 Baxterus
1634 2849 1866 2900 particulam

353 2933 448 2959 nam
478 2932 529 2957 ex
558 2919 722 2971 abrupto
748 2920 914 2967 illatam,
944 2919 1138 2957 Gesnems
1165 2931 1260 2955 nam
1284 2932 1355 2955 cur
1382 2917 1489 2955 idem
1517 2931 1602 2956 esse
1631 2916 1736 2965 dicit,
1759 2914 1866 2968 quod
