2054 3268
426 245 480 287 32
565 249 930 289 COMMENTARII
958 252 1011 287 IN
1040 249 1255 288 HORATII
1284 249 1456 288 EPIST.
1483 251 1624 290 PRIM.
1652 253 1750 293 LIB.
1780 255 1812 290 I.

426 366 560 397 menta
577 361 755 411 postibus
771 362 1011 412 templorum
1027 361 1091 397 vel
1112 358 1304 398 domuum
1330 373 1492 398 suarum
1509 361 1710 414 infigenda
1735 363 1936 412 curabant,

426 426 481 463 ita
501 426 736 477 gladiatores
756 428 910 464 emeriti
936 440 1044 464 arma
1073 426 1235 466 aedibus
1252 428 1455 476 Herculis,
1483 429 1552 480 qui
1583 430 1632 466 iis
1653 442 1835 480 praeesse
1863 443 1937 481 pu-

426 493 601 541 tabatur,
635 493 939 544 suspendebant.
1007 493 1096 532 Vid.
1126 497 1227 532 Non.
1247 496 1368 532 Marc.
1399 507 1438 532 v.
1468 495 1533 531 vel
1557 508 1596 546 p.
1617 497 1712 537 781.
1742 495 1935 544 Gothofr„

426 560 601 596 Turneb.
628 559 728 597 Adv.
751 561 790 608 6,
820 561 861 600 9.
901 562 1010 612 Lips.
1040 562 1198 600 Saturn.
1227 563 1276 610 2,
1304 562 1373 602 23.
1430 562 1490 598 Cf·
1517 561 1680 600 Heffter-
1710 564 1754 600 in
1774 576 1938 600 censura

425 639 557 676 progr.
575 625 798 664 scholastici
821 628 870 665 ab
888 629 1120 679 Harmngio
1137 629 1293 677 „Ueber
1312 627 1389 665 den
1422 632 1520 666 rom.
1537 630 1753 667 Hercules“
1772 631 1936 679 Erlang.

427 692 549 732 1835.
576 693 730 743 scripti,
761 707 862 745 quae
879 695 1024 746 legitur
1048 697 1091 732 iu
1121 694 1258 734 Jahnii
1278 694 1443 734 Jahrbb.
1467 695 1589 735 1836.
1615 697 1756 734 XVIII.
1778 709 1818 747 p.
1837 695 1936 736 337.

423 759 531 794 Bene
551 758 664 797 affert
684 760 939 811 Habetfeldt.
957 763 1093 813 Epigr.
1117 775 1169 799 ex
1189 762 1306 799 Anal.
1326 762 1393 797 Br.
1414 758 1535 808 Δέξαι
1553 754 1604 810 μ’,
1621 758 1835 812 Ἡράκλεις,
1848 759 1938 813 Ἀρ-

423 827 635 876 χεστροῖτου
654 823 758 879 ἱερὸν
778 823 922 874 ὅπλον,
938 825 1074 878 ’Όφρα
1094 828 1186 869 ποτὶ
1204 824 1370 868 στεπτοῖν
1389 826 1571 866 παστάδα
1588 828 1795 880 κεκλιμένα
1815 844 1939 882 γηρα-

422 889 491 930 λέα
517 891 728 943 τελέθοιμι.
797 895 849 932 Τ.
874 897 906 932 Ι.
938 909 978 946 p.
995 893 1091 936 254.
1118 897 1149 933 1.
1183 893 1360 945 (Jacobs.
1378 892 1500 931 Anth.
1530 906 1588 944 gr.
1607 896 1638 931 Ι.
1666 907 1707 946 p.
1729 895 1842 946 187.)
1885 895 1936 932 cf.

423 956 521 995 ibid.
536 971 576 1008 p.
594 959 690 998 223.
706 962 792 999 ΧΠ.
813 960 974 1012 (Jacobs
1011 963 1041 1000 1.
1058 963 1087 999 l.
1114 975 1154 1012 p.
1178 961 1291 1012 157).
1348 962 1463 999 Locis
1494 961 1538 997 in
1560 959 1663 998 hanc
1681 974 1766 998 rem
1783 959 1938 1012 [impri-

422 1025 499 1061 mis
519 1024 630 1063 Serv.
648 1027 676 1063 l.
696 1039 814 1078 supra
831 1028 955 1079 laud.]
979 1041 1002 1065 a
1018 1041 1083 1065 me
1104 1029 1201 1066 olim
1220 1041 1261 1078 p.
1281 1028 1348 1068 10.
1376 1034 1494 1079 atque
1519 1040 1542 1064 a
1567 1027 1768 1065 Schmidio
1795 1026 1939 1064 lauda-

423 1093 474 1129 tis
502 1090 605 1128 adde
629 1093 774 1131 Heind.
805 1094 856 1132 ad
875 1096 959 1133 Sat.
989 1096 1027 1142 1,
1051 1094 1089 1142 5,
1119 1093 1187 1134 65.
1214 1101 1253 1132 et
1269 1093 1459 1133 Wernsd.
1488 1092 1539 1131 ad
1564 1094 1751 1144 Calpurn.
1778 1094 1865 1131 Ecl.
1896 1093 1936 1142 8,

426 1156 491 1197 14.
511 1160 561 1195 11.
590 1171 630 1209 p.
658 1161 753 1200 177.
807 1162 868 1198 De
884 1175 960 1199 usu
978 1170 1017 1200 et
1037 1163 1258 1201 locutione:
1289 1161 1347 1198 ad
1361 1168 1491 1211 postes
1505 1160 1661 1211 figere,
1693 1160 1874 1210 postibus
1902 1167 1938 1196 et

423 1225 466 1260 in
483 1223 664 1274 postibus
679 1226 811 1277 figere
832 1228 913 1266 vid.
944 1228 1122 1267 Schmid.
1143 1227 1194 1265 ad
1216 1228 1344 1278 Epist.
1380 1228 1426 1274 1,
1453 1228 1519 1267 18.
1538 1227 1605 1267 56.
1644 1226 1766 1264 Drak.
1792 1226 1844 1264 ad
1863 1227 1938 1265 Sil.

423 1291 510 1328 Ital.
533 1292 570 1338 1,
590 1291 685 1332 617.
704 1292 755 1330 ad
769 1295 856 1335 Liv.
875 1295 943 1344 38,
963 1294 1030 1344 43,
1053 1298 1118 1336 11.
1139 1292 1317 1333 Broukh.
1339 1293 1390 1330 ad
1405 1295 1522 1343 Prop.
1540 1293 1578 1341 3,
1596 1296 1636 1342 7,
1657 1295 1727 1334 26.
1747 1300 1786 1331 et
1800 1295 1936 1331 Burm.

423 1356 474 1394 ad
494 1356 616 1395 Anth.
637 1359 706 1397 lat.
730 1362 761 1397 I.
782 1374 822 1412 p.
840 1362 938 1402 207.
956 1383 1013 1389 --
1030 1361 1127 1397 latet
1146 1360 1306 1398 abditus
1330 1373 1427 1411 agro
1436 1387 1453 1405 ,
1482 1357 1622 1400 λαθών
1641 1362 1690 1411 ζῇ
1701 1388 1712 1408 ,
1743 1367 1783 1398 et
1812 1361 1939 1411 gloria

424 1425 522 1462 olim
547 1432 659 1475 parta
692 1433 899 1465 contentus
932 1434 970 1465 et
997 1429 1213 1466 evitaturus
1241 1427 1454 1463 imminens
1476 1428 1694 1464 senescenti
1719 1427 1938 1478 periculum

422 1504 460 1529 v.
482 1493 522 1531 6.
590 1493 716 1538 Quare
737 1492 925 1532 dissentio
953 1508 976 1532 a
999 1496 1251 1533 Doederlinio
1270 1495 1313 1530 in
1337 1493 1485 1543 Synon.
1518 1495 1584 1534 IV.
1610 1508 1651 1545 p.
1673 1495 1740 1534 51.
1774 1495 1937 1532 Terent.

422 1559 518 1598 ΗΕΘ.
541 1559 578 1606 1,
599 1559 639 1607 2,
667 1559 761 1601 100.
785 1561 912 1598 Senex
927 1576 997 1599 rus
1013 1562 1169 1600 abdidit
1184 1575 1237 1599 se.
1290 1561 1382 1599 Tib.
1402 1562 1442 1608 2,
1467 1559 1507 1608 3,
1528 1560 1594 1601 65.
1621 1560 1757 1598 Haud
1778 1561 1939 1611 impune

424 1625 515 1661 lieet·
527 1625 731 1674 formosas
765 1628 939 1665 tristibus
973 1631 1083 1680 agris
1107 1628 1296 1674 Abdere,
1338 1629 1474 1679 ibique
1501 1624 1680 1664 Huschk.
1709 1633 1749 1664 et
1779 1628 1938 1665 Dissen.

424 1692 504 1733 Cic.
523 1691 598 1730 Off.
627 1694 675 1740 3,
698 1695 720 1734 1
737 1723 747 1742 ,
769 1694 809 1734 3.
827 1695 1035 1746 fiagientes
1070 1702 1318 1746 conspectum
1342 1717 1397 1723 —
1429 1693 1613 1731 abditum
1641 1707 1724 1730 nos.
1782 1695 1876 1732 JuV.
1897 1695 1937 1742 6,

422 1760 518 1799 237.
539 1758 719 1797 Abditas
742 1762 889 1798 interea
908 1762 1005 1798 latet
1023 1769 1059 1798 et
1085 1769 1251 1799 secretus
1272 1761 1441 1799 adulter.
1489 1760 1550 1798 Cf.
1568 1758 1724 1798 Mitsch.
1743 1767 1782 1798 et
1799 1761 1938 1797 Peerl-

422 1824 558 1876 kamp.
579 1825 642 1863 ad.
665 1827 738 1865 Od.
765 1828 813 1876 3,
839 1827 887 1877 4,
917 1828 986 1868 38.
1056 1829 1245 1866 Wernsd.
1275 1829 1326 1866 ad
1350 1828 1468 1878 Salej.
1490 1829 1599 1864 Bass.
1623 1827 1752 1864 carm.
1782 1825 1832 1863 ad
1856 1829 1937 1864 Pis.

423 1906 461 1929 V·
480 1891 576 1933 214.
605 1895 672 1932 IV.
693 1907 732 1944 p.
751 1893 848 1934 274.
903 1897 1002 1933 Voss
1040 1895 1091 1932 ad
1114 1897 1220 1947 Virg.
1245 1897 1292 1934 G.
1313 1895 1360 1944 3,
1391 1896 1459 1934 96.
1483 1916 1540 1922 ——
1566 1894 1692 1931 Nimis
1710 1899 1868 1943 argute,
1892 1899 1938 1929 ut

423 1960 579 2009 singula
597 1962 763 2010 singulis
785 1962 1069 2012 respondeant,
1103 1963 1301 2013 Ονιιςιιίιιε,ι
1329 1963 1373 1998 in
1396 1959 1470 1998 hac
1498 1961 1788 2010 comparatione
1809 1960 1938 1995 Hora-

424 2028 525 2062 tium
547 2029 691 2065 Veneri
711 2030 888 2079 posuisse
914 2031 1001 2067 vult
1033 2031 1163 2081 lyram
1192 2027 1461 2080 citharamque
1491 2041 1583 2064 cum
1612 2027 1790 2064 versibus
1818 2027 1938 2062 lasci-

423 2094 503 2140 vis,
535 2107 659 2146 quum
686 2108 769 2132 non
799 2097 932 2133 minus
967 2097 1212 2134 cantionibus
1234 2125 1244 2144 ,
1287 2096 1372 2147 lyra
1406 2093 1603 2132 citharave
1636 2092 1688 2129 ad
1714 2092 1937 2143 puellarum

423 2159 661 2198 molliendos
691 2163 843 2200 animos
865 2176 985 2215 quam
1003 2163 1286 2215 gladiatoribus
1306 2164 1387 2200 suis
1403 2163 1522 2200 armis
1541 2160 1592 2198 ad
1609 2158 1850 2211 superandos
1869 2157 1938 2195 ad-

423 2228 613 2266 versarios
632 2241 729 2279 opus
750 2231 814 2267 sit.

534 2297 580 2334 V.
601 2297 641 2335 6.
677 2296 744 2334 Ne
763 2318 816 2325 —-
836 2310 974 2334 arena.
1034 2298 1118 2334 Hoc
1149 2294 1292 2333 dicitur
1317 2302 1356 2332 et
1384 2294 1432 2332 de
1450 2292 1751 2345 gladiatoribus,
1783 2291 1852 2342 qui
1871 2291 1938 2328 vel

423 2361 537 2399 fracti
563 2364 630 2400 vel
656 2365 750 2401 victi
780 2377 803 2401 a
831 2365 980 2415 populo
1012 2365 1136 2401 vitam
1153 2363 1313 2415 petituri
1337 2374 1379 2399 se
1408 2359 1670 2397 admovebant
1688 2359 1936 2409 spectaculis,

423 2428 528 2465 unde
549 2429 677 2467 audiri
691 2438 853 2482 possent
879 2438 931 2478 et,
951 2431 1106 2467 Acrone
1127 2437 1245 2482 atque
1265 2429 1486 2468 Scholiasta
1505 2426 1622 2478 Cruq.
1645 2425 1936 2476 interpretibus,

427 2493 475 2530 de
496 2497 566 2543 iis,
597 2498 665 2548 qui
682 2498 823 2536 rudem
851 2497 1043 2548 portaturi
1059 2509 1112 2533 ex
1130 2495 1262 2533 media
1283 2507 1401 2532 arena
1423 2506 1466 2531 se
1497 2491 1548 2530 ad
1574 2491 1817 2544 crepidinem
1835 2493 1938 2545 Circi

428 2562 692 2601 conferebant.
756 2563 854 2602 Inde
899 2562 1101 2601 Turnebus
1133 2561 1253 2613 (Adv.
1285 2562 1360 2610 26,
1389 2559 1502 2612 26->,
1532 2558 1758 2596 Lambinus
1790 2559 1937 2610 aliique

428 2628 577 2678 opinati
599 2636 715 2678 sunt,
746 2632 975 2681 Vejanium‚
1006 2636 1144 2681 utpote
1166 2631 1234 2681 qui
1260 2629 1304 2666 iu
1328 2640 1446 2665 arena
1464 2639 1581 2676 saepe
1601 2627 1776 2677 precario
1802 2639 1938 2664 serva-

426 2700 490 2731 tus
503 2723 514 2742 ,
532 2695 669 2731 furtim
688 2697 772 2746 ipse
787 2698 863 2734 sibi
881 2697 1022 2734 rudem
1040 2695 1211 2734 dedisset
1229 2702 1430 2746 artemque
1453 2692 1631 2730 desiisset
1643 2721 1654 2742 ,
1683 2691 1748 2730 hic
1771 2691 1938 2730 describi

426 2761 580 2797 malum
607 2761 888 2813 gladiatorem3
925 2763 996 2802 sed
1020 2770 1126 2802 totus
1146 2763 1429 2800 sententiarum
1446 2774 1573 2798 nexus
1593 2773 1666 2798 nos
1683 2759 1862 2808 adducit,
1892 2766 1938 2796 ut

428 2826 653 2876 credamus,
680 2830 887 2879 Vejanium
903 2830 969 2869 hic
985 2860 994 2880 ,
1021 2838 1066 2869 ut
1085 2829 1326 2869 scholiastae
1344 2829 1668 2878 interpretantur,
1696 2827 1828 2878 potius
1845 2827 1937 2864 lau-

429 2893 536 2946 dari,
563 2895 628 2934 vel
647 2894 754 2947 quod
768 2898 884 2936 toties
901 2899 1026 2937 victor
1041 2897 1203 2936 tandem
1221 2897 1416 2948 populum
1434 2896 1655 2933 exoraverit
1671 2895 1832 2946 plenam
1843 2922 1854 2941 ,
1884 2906 1936 2930 ne
