2028 3268
1020 247 1403 288 HORATII
1921 253 1977 292 76

453 247 534 289 348

519 373 579 417 Et
613 372 723 416 ludis
761 372 804 413 et
836 371 935 427 post
964 369 1106 414 decisa
1138 373 1316 430 negotia
1349 369 1532 430 Campo.

521 450 721 510 „Scitari
754 448 855 490 libet
889 461 944 491 ex
977 449 1074 506 ipso
1111 450 1399 507 quodcumque
1434 449 1596 494 refers:
1638 451 1704 495 dle

523 529 591 573 Ad
626 539 803 570 coenam
835 524 1033 570 veniat.‘⁶
1100 527 1200 570 Non
1235 540 1339 570 sane
1375 527 1550 571 eredere
1581 528 1729 587 Mena,

516 605 667 651 Mirari
701 617 847 647 secum
879 606 1050 648 tacitus.
1120 605 1232 661 Quid
1266 604 1434 648 multa?
1471 602 1762 665 „Benigne‚“

517 682 787 741 Respondet.
857 683 1050 743 „Negat
1083 683 1156 727 ille
1189 681 1368 727 mihi‘3‘4
1421 715 1453 744 ,7
1466 684 1658 745 „Negat
1686 682 1901 741 improbus

1212 766 1254 805 et
1279 764 1324 806 te

1921 451 1978 491 60

453 986 490 1018 p.
518 970 599 1007 498.
633 973 764 1006 Markl.
787 972 831 1006 ad
859 972 953 1005 Stat.
978 972 1068 1006 Silv.
1089 969 1124 1015 4,
1149 974 1183 1016 6,

447 1027 521 1071 45„
531 1033 654 1062 contra
664 1029 849 1073 disputant
858 1029 966 1062 Baxt.
978 1028 1058 1062 Jon.
1071 1029 1183 1062 Gesn.

449 1084 599 1118 Haberf.
616 1085 682 1118 Fe.
706 1085 823 1119 Schm.
845 1083 890 1117 al.
930 1084 983 1117 De
999 1087 1186 1117 commuta-

447 1141 495 1174 tis
509 1152 568 1174 vv.
579 1145 667 1176 curt.
679 1144 715 1174 et
726 1146 811 1175 cert.
823 1141 870 1174 cf.
879 1139 997 1173 Bentl.
1012 1140 1057 1173 ad
1066 1140 1184 1184 Epod.

447 1197 505 1239 13,
523 1195 577 1230 15.
591 1198 687 1230 lare:
703 1196 803 1230 circo.
832 1196 1028 1230 Britannic.
1043 1195 1080 1228 in
1094 1196 1184 1230 Ven.

447 1252 527 1286 520.
543 1252 678 1286 indicta
698 1263 816 1285 causa.
837 1253 913 1284 lare
925 1262 1047 1296 parvo.
1080 1251 1184 1295 Conj.

446 1309 671 1353 Peerlkamp.
694 1308 750 1341 ad.
773 1308 843 1341 Od.
869 1309 902 1350 1,
924 1309 979 1351 12,
999 1304 1057 1340 43.
1077 1318 1114 1351 p.
1127 1308 1184 1341 68.

446 1363 501 1398 Ad
530 1366 597 1398 lar.
630 1368 714 1398 cert.
748 1375 812 1397 mS.
847 1364 980 1411 Graev.
1008 1363 1118 1396 habet
1137 1363 1185 1407 gl.

445 1419 619 1464 „propria
631 1419 774 1453 domo.“
789 1419 955 1452 Ceterum
965 1418 1075 1452 minus
1086 1423 1186 1452 recte

449 1475 544 1510 Lare
564 1481 645 1508 cert.
668 1475 749 1508 edd.
771 1475 894 1508 Lamb.
918 1476 1027 1509 Torr.
1044 1475 1090 1508 al.
1125 1474 1182 1508 cf.

447 1535 566 1564 annot.
591 1531 635 1564 ad
655 1532 672 1564 1
688 1556 697 1574 ,
721 1530 778 1564 13.

502 1587 547 1620 V.
567 1584 623 1620 59.
659 1587 800 1619 descisa.
839 1585 909 1619 Ms.
934 1585 1045 1618 Goth.
1079 1585 1183 1618 Hunc

447 1653 588 1675 versum
607 1642 705 1674 delet
720 1643 895 1685 Guyetus.
918 1659 966 1665 —
990 1641 1033 1673 V.
1051 1641 1108 1674 60.
1130 1652 1182 1673 se-

443 1697 545 1730 ctari.
586 1697 656 1730 Ms.
682 1697 793 1730 Goth.
830 1715 877 1720 ——
913 1696 994 1729 licet
1013 1707 1067 1728 ez.
1110 1695 1179 1728 ΜΞ.

445 1753 512 1785 Fe.
536 1754 569 1795 2,
589 1753 615 1785 i.
655 1752 725 1785 Ed.
748 1753 831 1784 Zar.
848 1763 905 1795 ap.
922 1750 987 1782 Fe.
1005 1755 1042 1783 et
1056 1751 1179 1783 Comb.

442 1805 525 1842 470.
560 1808 656 1841 Junt.
688 1804 767 1840 514.
798 1807 854 1840 19.
901 1806 1069 1839 Schurer.
1098 1802 1179 1839 514.

447 1882 495 1887 ——
536 1864 577 1896 ab
596 1864 682 1907 ipso.
734 1862 803 1895 Ms.
834 1861 952 1894 Guelf.
975 1864 1008 1896 2.
1041 1866 1073 1894 et
1091 1861 1178 1905 ipso.

443 1919 562 1951 Guelf.
578 1918 613 1952 3.
637 1937 685 1942 —
708 1919 954 1960 quodcumque.
983 1917 1072 1950 Mss.
1089 1928 1181 1950 com-

442 1975 534 2018 plur.
551 1986 609 2018 ap.
627 1974 750 2006 Lamb.
767 1974 901 2006 Bersm.
924 1976 961 2005 et
982 1973 1092 2005 Torr.
1107 1975 1178 2005 tac.

442 2030 555 2063 Pulm.
583 2041 672 2062 omn.
698 2029 822 2062 Comb.
838 2028 881 2062 A.
897 2028 942 2060 F.
959 2029 1005 2061 G.
1022 2027 1095 2060 Alt.
1120 2039 1178 2072 ap.

443 2085 594 2119 Haberf.
629 2085 695 2117 Fe.
718 2084 847 2129 pleriq.
883 2083 983 2116 Pott.
1000 2094 1089 2128 omn.
1123 2083 1176 2116 Ik.

440 2143 474 2174 1.
490 2138 523 2174 4.
534 2143 567 2175 6.
598 2140 710 2174 Orell.
723 2152 813 2174 omn.
840 2140 960 2173 Berol.
975 2140 1007 2172 1.
1020 2141 1053 2174 2.
1070 2140 1175 2172 Dess.

439 2198 473 2230 1.
497 2199 530 2232 2.
567 2198 670 2230 Gott.
689 2197 721 2230 1.
745 2198 776 2231 2.
813 2195 931 2228 Guelf.
953 2197 986 2230 2.
1007 2192 1041 2228 4.
1071 2195 1175 2239 Lips.

439 2264 532 2286 omn.
562 2253 676 2286 Dorv.
695 2253 727 2285 1.
745 2254 778 2286 2.
814 2251 961 2285 Corbei.
977 2251 1075 2284 Mon.
1091 2251 1126 2284 b.
1144 2263 1175 2284 c.

437 2309 464 2342 f.
481 2309 504 2342 l.
522 2321 566 2344 m.
598 2309 732 2341 Graev.
748 2307 911 2340 Rudolst.
929 2310 967 2340 et
981 2307 1059 2341 cod.
1075 2307 1177 2340 Men-

437 2364 500 2398 tel.
534 2364 628 2397 Edd.
649 2367 740 2397 vett.
779 2362 859 2396 Ald.
880 2361 960 2396 501.
983 2363 1039 2396 19.
1077 2363 1175 2396 Junt.

436 2417 518 2454 514.
541 2420 596 2453 19.
629 2419 710 2452 Asc.
726 2419 807 2453 519.
841 2418 942 2451 Glar.
959 2418 1044 2461 Xyl.
1062 2418 1174 2452 Fabr.

438 2476 549 2510 Torr.
570 2476 706 2509 Bersm.
724 2474 831 2508 Talb.
847 2473 966 2507 Bentl.
982 2473 1071 2506 Cun.
1089 2474 1173 2506 San.

436 2532 517 2564 Val.
534 2532 601 2565 Fe.
618 2530 717 2564 Pott.
737 2530 861 2574 Camp.
880 2530 996 2563 Schm.
1011 2529 1173 2563 Hoched.

438 2587 574 2620 Groeb.
591 2587 697 2621 Web.
714 2586 871 2620 Meinek.
889 2585 1003 2619 Orell.
1020 2585 1063 2618 al.
1076 2585 1174 2618 mult.

435 2653 651 2685 quocunque.
695 2641 765 2675 Ms.
795 2641 914 2675 Guelf.
933 2641 968 2675 3.
998 2652 1172 2684 quaecun-

434 2709 510 2740 que.
539 2699 627 2731 Mss.
646 2698 741 2742 quid.
759 2709 816 2742 ap.
834 2698 954 2730 Lamb.
972 2701 1008 2730 et
1023 2708 1112 2731 omn.
1130 2699 1172 2729 ut

434 2753 508 2786 vid.
529 2765 585 2796 ap.
605 2754 714 2797 Cruq.
731 2758 769 2786 et
785 2753 909 2786 Oberl.
927 2753 1050 2786 Comb.
1066 2753 1109 2786 B.
1125 2752 1167 2785 C.

434 2808 480 2842 D.
498 2809 561 2842 Fe.
581 2810 613 2850 2,
630 2821 661 2841 c.
687 2810 741 2842 Ik.
758 2808 792 2842 5.
821 2808 941 2842 Guelf.
961 2810 993 2842 1.
1023 2807 1120 2841 Mon.
1137 2819 1167 2840 e.

434 2864 527 2897 Edd.
561 2864 681 2897 Lamb.
716 2865 826 2908 Cruq.
859 2864 947 2897 Min.
975 2864 1088 2896 Chab.
1118 2864 1166 2898 H.

434 2920 561 2964 steph.
576 2919 620 2954 de
631 2919 773 2953 Maroll.
790 2921 838 2954 T.
851 2920 942 2954 Fab.
959 2919 1045 2954 Dae.
1060 2920 1166 2954 Baxt.

1232 973 1337 1007 Tart.
1353 973 1447 1007 Phil.
1465 974 1575 1006 Gesn.
1593 970 1718 1005 Oberl.
1735 969 1969 1004 comb.Wie-

1230 1029 1324 1062 land.
1342 1029 1452 1062 Zeun.
1468 1028 1558 1062 Bad.
1574 1027 1681 1061 Both.
1698 1026 1966 1060 Wakef.Wetz.

1230 1085 1394 1118 Praedic.
1429 1084 1550 1119 Jaeck.
1584 1083 1693 1117 Doer.
1731 1082 1822 1116 Zell.
1862 1083 1965 1116 Pass.

1232 1141 1365 1185 Charp.
1387 1144 1424 1174 et
1443 1140 1525 1184 Bip.
1547 1139 1626 1174 828.
1660 1155 1708 1163 -—
1741 1141 1859 1182 refert.
1893 1138 1963 1172 Ms.

1231 1196 1329 1230 Mon.
1349 1196 1372 1229 l.
1396 1215 1443 1221 --
1465 1196 1509 1229 V.
1524 1196 1581 1230 61.
1615 1195 1662 1228 At
1676 1203 1750 1228 cen.
1779 1194 1850 1227 Ms.
1865 1193 1965 1227 Mon.

1230 1251 1254 1284 l.
1278 1270 1326 1277 -
1351 1262 1509 1284 caenam.
1542 1249 1732 1283 Ms.Dess.
1750 1250 1783 1283 1.
1811 1248 1912 1294 Lips.
1927 1249 1963 1283 3.

1232 1308 1366 1341 Graev.
1387 1307 1444 1340 Cf.
1462 1305 1503 1348 5,
1524 1306 1580 1341 27.

1285 1363 1330 1396 V.
1347 1364 1403 1397 62.
1432 1361 1595 1407 benigne.
1623 1359 1684 1393 Sic
1703 1359 1787 1393 dist.
1807 1359 1910 1393 Dess.
1927 1360 1962 1394 1.

1231 1420 1277 1461 2.,
1301 1419 1345 1451 de
1360 1418 1463 1462 reliq.
1483 1418 1667 1451 incertum.
1707 1416 1797 1448 Post
1815 1415 1965 1460 benigne

1228 1474 1389 1507 incidunt
1403 1474 1535 1507 Mutet.
1557 1484 1615 1516 ap.
1635 1471 1772 1515 Lamb„
1793 1471 1886 1516 quod
1906 1471 1964 1504 hic

1229 1531 1445 1575 comprobat,
1461 1528 1547 1574 Xyl.
1564 1529 1674 1571 Cruq.
1693 1527 1802 1560 Torr.
1824 1527 1962 1570 (assen-

1227 1586 1318 1620 titur
1329 1584 1498 1619 Lambino
1513 1585 1550 1618 in
1564 1583 1685 1628 priore
1695 1583 1771 1626 ed.)
1782 1581 1960 1626 H.Steph.

1226 1642 1364 1675 Bersm.
1385 1641 1503 1674 Bentl.
1533 1644 1570 1672 et
1595 1643 1746 1672 recentt.
1770 1638 1847 1670 fere
1869 1649 1959 1670 omn.

1227 1698 1284 1730 Cf.
1296 1697 1457 1730 Turneb.
1469 1695 1561 1728 Adv.
1572 1695 1606 1738 5,
1624 1692 1678 1728 13.
1694 1693 1844 1737 benigne
1852 1693 1957 1737 Resp.

1225 1751 1296 1785 Ms.
1315 1751 1478 1784 Rudolst.
1515 1750 1609 1783 Edd.
1625 1752 1717 1783 vett.
1747 1748 1828 1782 Ald.
1861 1748 1958 1781 Junt.

1224 1806 1422 1840 Britannic.
1453 1806 1532 1850 (qui
1553 1805 1647 1850 expl.
1673 1816 1748 1848 „sc-
1779 1803 1873 1837 nolle
1898 1807 1959 1836 aut

1224 1874 1294 1896 non
1308 1874 1415 1907 posse
1429 1861 1598 1904 venire“)
1614 1860 1694 1895 520.
1723 1859 1812 1893 Min.
1842 1859 1956 1893 Chab.

1224 1918 1270 1951 al.
1292 1919 1388 1951 mult.
1406 1917 1511 1951 etiam
1526 1917 1605 1950 Val.
1620 1916 1771 1949 Haberf.
1791 1915 1955 1959 Passov„

1224 1974 1287 2006 sed
1303 1985 1372 2006 non
1388 1973 1508 2006 eadem
1529 1971 1716 2006 sententia.
1739 1989 1788 1995 —

1278 2029 1323 2062 V.
1340 2029 1397 2063 63.
1427 2028 1630 2072 Respondit.
1658 2027 1729 2060 ΜΒ.
1745 2025 1882 2060 Bersm.
1897 2037 1956 2060 un.

1222 2084 1288 2118 Fe.
1307 2086 1344 2128 1,
1371 2085 1406 2118 d.
1423 2085 1462 2127 (a
1479 2086 1512 2118 2.
1531 2083 1596 2127 m.)
1618 2081 1644 2116 i.
1682 2081 1724 2126 3,
1745 2093 1776 2115 c.
1795 2083 1821 2115 f.
1860 2080 1900 2124 5,
1922 2093 1955 2115 a.

1221 2140 1312 2174 Bad.
1330 2142 1363 2174 1.
1398 2139 1510 2173 Orell.
1527 2141 1566 2174 S.
1589 2139 1783 2183 (superscr.
1802 2138 1832 2180 i)
1849 2138 1954 2171 Gott.

1224 2197 1257 2230 1.
1286 2197 1319 2230 2.
1353 2195 1455 2240 Lips.
1482 2197 1514 2229 1.
1544 2195 1642 2229 Mon.
1661 2195 1688 2228 f.
1725 2194 1837 2228 Dorv.
1859 2194 1892 2226 1.
1918 2197 1955 2226 et

1225 2253 1356 2285 Graev.
1373 2251 1521 2296 benigne
1535 2250 1728 2295 Responde.
1754 2249 1848 2282 Edd.
1869 2249 1954 2282 Bas.

1222 2307 1303 2342 520.
1340 2307 1450 2340 Fabr.
1481 2305 1560 2340 578.
1603 2305 1715 2339 Pulm.
1742 2303 1822 2339 581.
1867 2303 1954 2338 Rem

1220 2363 1377 2407 spondet.
1407 2362 1510 2405 Conj.
1526 2362 1558 2395 J.
1572 2360 1745 2403 Clericus,
1759 2359 1785 2394 i.
1800 2371 1831 2393 e.
1846 2371 1954 2402 „coe-

1219 2430 1295 2451 nam
1316 2417 1474 2462 Philippi
1493 2427 1599 2461 puer,
1630 2427 1730 2460 quam
1749 2421 1864 2448 tamen
1884 2427 1954 2449 non

1218 2473 1349 2518 accipit
1367 2472 1514 2506 Mena-‘⁶
1549 2491 1597 2496 —
1635 2471 1769 2516 Negat.
1806 2471 1894 2504 Mss.
1915 2476 1953 2504 et.

1217 2529 1363 2563 aliorum
1371 2532 1408 2561 et
1416 2526 1528 2561 nostri
1538 2526 1660 2572 paucis
1671 2530 1812 2572 except.
1830 2526 1950 2560 Schol.

1218 2586 1329 2629 Cruq.
1359 2583 1397 2616 in
1421 2583 1532 2616 lemm.
1566 2583 1660 2616 Edd.
1690 2583 1788 2627 vulg.
1821 2581 1950 2627 Neget.

1216 2641 1286 2675 Ms.
1313 2639 1448 2673 Bersm.
1475 2650 1532 2672 un.
1549 2639 1675 2672 Oberl.
1689 2643 1730 2672 ut
1753 2637 1826 2672 vid.
1845 2637 1886 2670 C.
1902 2637 1948 2671 D.

1214 2695 1332 2729 Bentl.
1356 2697 1387 2728 1.
1410 2695 1548 2738 [Comb.
1567 2694 1626 2738 A.]
1646 2695 1680 2729 6.
1694 2690 1730 2728 4.
1766 2692 1847 2726 Val.
1860 2696 1948 2726 tres.

1213 2750 1285 2785 Alt.
1303 2762 1361 2795 ap.
1380 2751 1527 2785 Haberf.
1557 2750 1623 2783 Fe.
1642 2751 1675 2794 1,
1690 2761 1727 2795 p.
1757 2750 1789 2792 2,
1805 2759 1838 2781 e.
1868 2746 1901 2791 5,
1914 2759 1946 2781 a.

1214 2808 1254 2850 (a
1270 2808 1300 2840 1.
1317 2806 1381 2849 m.)
1415 2807 1514 2840 Pott.
1535 2807 1567 2841 2.
1587 2806 1622 2840 3.
1649 2806 1683 2840 6.
1702 2806 1736 2840 8.
1769 2803 1883 2838 Orell.
1905 2804 1945 2837 S.

1213 2862 1276 2896 sed
1292 2873 1450 2906 superse.
1468 2875 1498 2896 e.
1539 2861 1658 2895 Guelf.
1676 2860 1712 2895 3.
1743 2859 1844 2904 Lips.
1861 2860 1894 2892 1.
1910 2858 1946 2892 3.

1213 2918 1292 2953 cod.
1309 2918 1457 2952 Mentel.
1474 2918 1568 2951 Edd.
1583 2917 1664 2951 Ald.
1677 2915 1757 2951 501.
1772 2915 1946 2949 Daventr.
