<?xml version="1.0" encoding="UTF-8"?>
<!DOCTYPE html PUBLIC "-//W3C//DTD XHTML 1.0 Transitional//EN"
    "http://www.w3.org/TR/xhtml1/DTD/xhtml1-transitional.dtd">
<html xmlns="http://www.w3.org/1999/xhtml" xml:lang="en" lang="en">
 <head>
  <title>
</title>
<meta http-equiv="Content-Type" content="text/html;charset=utf-8" />
  <meta name='ocr-system' content='tesseract 3.04.00' />
  <meta name='ocr-capabilities' content='ocr_page ocr_carea ocr_par ocr_line ocrx_word'/>
</head>
<body>
  <div class='ocr_page' id='page_1' title='image "./epistolascomment01horauoft_0075.png"; bbox 0 0 2054 3268; ppageno 0'>
   <div class='ocr_carea' id='block_1_1' title="bbox 269 254 1681 302">
    <p class='ocr_par' dir='ltr' id='par_1_1' title="bbox 269 254 1681 302">
     <span class='ocr_line' id='line_1_1' title="bbox 269 254 1681 302; baseline -0.004 -1"><span class='ocrx_word' id='word_1_1' title='bbox 269 261 641 302; x_wconf 83' lang='lat' dir='ltr'>COMMENTARII</span> <span class='ocrx_word' id='word_1_2' title='bbox 668 263 722 301; x_wconf 87' lang='lat' dir='ltr'>IN</span> <span class='ocrx_word' id='word_1_3' title='bbox 750 259 974 300; x_wconf 87' lang='lat' dir='ltr'>HORATII</span> <span class='ocrx_word' id='word_1_4' title='bbox 1003 259 1177 300; x_wconf 86' lang='lat' dir='ltr'>EPIST.</span> <span class='ocrx_word' id='word_1_5' title='bbox 1205 259 1350 299; x_wconf 87' lang='lat' dir='ltr'>PRIM.</span> <span class='ocrx_word' id='word_1_6' title='bbox 1379 260 1480 298; x_wconf 88' lang='lat' dir='ltr'>LIB.</span> <span class='ocrx_word' id='word_1_7' title='bbox 1510 260 1543 296; x_wconf 88' lang='grc' dir='ltr'>Ι.</span> <span class='ocrx_word' id='word_1_8' title='bbox 1623 254 1681 297; x_wconf 80' lang='grc'>49</span> 
     </span>
    </p>
   </div>
   <div class='ocr_carea' id='block_1_2' title="bbox 131 370 1705 2965">
    <p class='ocr_par' dir='ltr' id='par_1_2' title="bbox 131 370 1684 2821">
     <span class='ocr_line' id='line_1_2' title="bbox 132 370 1681 427; baseline -0.003 -14"><span class='ocrx_word' id='word_1_9' title='bbox 132 375 196 414; x_wconf 73' lang='lat' dir='ltr'>nis</span> <span class='ocrx_word' id='word_1_10' title='bbox 211 376 374 422; x_wconf 79' lang='lat' dir='ltr'>omittit,</span> <span class='ocrx_word' id='word_1_11' title='bbox 399 389 524 427; x_wconf 77' lang='lat' dir='ltr'>quum</span> <span class='ocrx_word' id='word_1_12' title='bbox 552 389 632 413; x_wconf 87' lang='lat' dir='ltr'>non</span> <span class='ocrx_word' id='word_1_13' title='bbox 648 375 776 427; x_wconf 72' lang='lat' dir='ltr'>possit</span> <span class='ocrx_word' id='word_1_14' title='bbox 789 374 849 412; x_wconf 79' lang='lat' dir='ltr'>ad</span> <span class='ocrx_word' id='word_1_15' title='bbox 862 384 1064 411; x_wconf 77' lang='lat' dir='ltr'>summam</span> <span class='ocrx_word' id='word_1_16' title='bbox 1085 370 1357 410; x_wconf 66' lang='lat' dir='ltr'>valetudinem</span> <span class='ocrx_word' id='word_1_17' title='bbox 1367 372 1598 423; x_wconf 78' lang='lat' dir='ltr'>pervenire,</span> <span class='ocrx_word' id='word_1_18' title='bbox 1623 372 1681 409; x_wconf 79' lang='lat' dir='ltr'>sio</span> 
     </span>
     <span class='ocr_line' id='line_1_3' title="bbox 133 440 1680 495; baseline -0.003 -14"><span class='ocrx_word' id='word_1_19' title='bbox 133 457 205 495; x_wconf 80' lang='lat' dir='ltr'>ego</span> <span class='ocrx_word' id='word_1_20' title='bbox 232 445 276 481; x_wconf 77' lang='lat' dir='ltr'>in</span> <span class='ocrx_word' id='word_1_21' title='bbox 298 444 487 482; x_wconf 82' lang='lat' dir='ltr'>mediocri</span> <span class='ocrx_word' id='word_1_22' title='bbox 499 443 782 495; x_wconf 76' lang='lat' dir='ltr'><em>philosophiae</em></span> <span class='ocrx_word' id='word_1_23' title='bbox 809 442 1032 494; x_wconf 81' lang='lat' dir='ltr'><em>cognitione</em></span> <span class='ocrx_word' id='word_1_24' title='bbox 1057 441 1295 492; x_wconf 69' lang='lat' dir='ltr'>acquiesco,</span> <span class='ocrx_word' id='word_1_25' title='bbox 1325 440 1536 491; x_wconf 82' lang='lat' dir='ltr'>desperata</span> <span class='ocrx_word' id='word_1_26' title='bbox 1553 453 1680 491; x_wconf 82' lang='lat' dir='ltr'>prae-</span> 
     </span>
     <span class='ocr_line' id='line_1_4' title="bbox 132 509 1681 560; baseline -0.003 -9"><span class='ocrx_word' id='word_1_27' title='bbox 132 512 267 551; x_wconf 72' lang='lat' dir='ltr'>sertim</span> <span class='ocrx_word' id='word_1_28' title='bbox 298 514 383 560; x_wconf 69' lang='lat' dir='ltr'>ejus</span> <span class='ocrx_word' id='word_1_29' title='bbox 412 526 571 550; x_wconf 79' lang='lat' dir='ltr'>summa</span> <span class='ocrx_word' id='word_1_30' title='bbox 597 513 774 549; x_wconf 82' lang='lat' dir='ltr'>seientia.</span> <span class='ocrx_word' id='word_1_31' title='bbox 835 509 991 548; x_wconf 87' lang='lat' dir='ltr'>Deinde</span> <span class='ocrx_word' id='word_1_32' title='bbox 1013 510 1118 547; x_wconf 88' lang='lat' dir='ltr'>solet</span> <span class='ocrx_word' id='word_1_33' title='bbox 1148 510 1274 548; x_wconf 68' lang='lat' dir='ltr'>Poeta</span> <span class='ocrx_word' id='word_1_34' title='bbox 1299 509 1482 560; x_wconf 83' lang='lat' dir='ltr'>pluribus</span> <span class='ocrx_word' id='word_1_35' title='bbox 1513 509 1681 560; x_wconf 85' lang='lat' dir='ltr'>alicujus</span> 
     </span>
     <span class='ocr_line' id='line_1_5' title="bbox 134 575 1682 633; baseline 0 -15"><span class='ocrx_word' id='word_1_36' title='bbox 134 581 192 619; x_wconf 84' lang='lat' dir='ltr'>rei</span> <span class='ocrx_word' id='word_1_37' title='bbox 214 581 412 633; x_wconf 81' lang='lat' dir='ltr'>exemplis</span> <span class='ocrx_word' id='word_1_38' title='bbox 436 581 647 632; x_wconf 87' lang='lat' dir='ltr'>propositis</span> <span class='ocrx_word' id='word_1_39' title='bbox 667 580 802 619; x_wconf 87' lang='lat' dir='ltr'>omnia</span> <span class='ocrx_word' id='word_1_40' title='bbox 821 575 935 632; x_wconf 51' lang='lat' dir='ltr'>(hiasi</span> <span class='ocrx_word' id='word_1_41' title='bbox 955 579 998 616; x_wconf 87' lang='lat' dir='ltr'>in</span> <span class='ocrx_word' id='word_1_42' title='bbox 1017 591 1145 615; x_wconf 90' lang='lat' dir='ltr'>unum</span> <span class='ocrx_word' id='word_1_43' title='bbox 1165 578 1392 630; x_wconf 85' lang='lat' dir='ltr'>complecti,</span> <span class='ocrx_word' id='word_1_44' title='bbox 1413 584 1458 615; x_wconf 91' lang='lat' dir='ltr'>ut</span> <span class='ocrx_word' id='word_1_45' title='bbox 1475 590 1517 616; x_wconf 81' lang='lat' dir='ltr'>v.</span> <span class='ocrx_word' id='word_1_46' title='bbox 1537 577 1619 626; x_wconf 81' lang='lat'>323</span> <span class='ocrx_word' id='word_1_47' title='bbox 1639 578 1682 627; x_wconf 85' lang='lat'>2,</span> 
     </span>
     <span class='ocr_line' id='line_1_6' title="bbox 133 645 1682 699; baseline -0.005 -9"><span class='ocrx_word' id='word_1_48' title='bbox 133 647 327 698; x_wconf 79' lang='lat'>51—543</span> <span class='ocrx_word' id='word_1_49' title='bbox 365 649 416 697; x_wconf 87' lang='grc'>6,</span> <span class='ocrx_word' id='word_1_50' title='bbox 442 647 633 697; x_wconf 83' lang='grc'>39-46;</span> <span class='ocrx_word' id='word_1_51' title='bbox 674 646 747 698; x_wconf 80' lang='grc'>14,</span> <span class='ocrx_word' id='word_1_52' title='bbox 778 645 968 696; x_wconf 82' lang='lat'>40—433</span> <span class='ocrx_word' id='word_1_53' title='bbox 1007 647 1056 695; x_wconf 79' lang='grc'>2,</span> <span class='ocrx_word' id='word_1_54' title='bbox 1079 647 1124 695; x_wconf 90' lang='grc'>1,</span> <span class='ocrx_word' id='word_1_55' title='bbox 1146 646 1358 687; x_wconf 82' lang='lat'>93—100.</span> <span class='ocrx_word' id='word_1_56' title='bbox 1416 647 1527 694; x_wconf 81' lang='lat' dir='ltr'>Quae</span> <span class='ocrx_word' id='word_1_57' title='bbox 1554 658 1682 699; x_wconf 89' lang='lat' dir='ltr'>quum</span> 
     </span>
     <span class='ocr_line' id='line_1_7' title="bbox 134 711 1682 768; baseline -0.002 -14"><span class='ocrx_word' id='word_1_58' title='bbox 134 717 191 754; x_wconf 81' lang='lat' dir='ltr'>ita</span> <span class='ocrx_word' id='word_1_59' title='bbox 208 717 301 766; x_wconf 88' lang='lat' dir='ltr'>sint,</span> <span class='ocrx_word' id='word_1_60' title='bbox 325 717 442 754; x_wconf 87' lang='lat' dir='ltr'>facile</span> <span class='ocrx_word' id='word_1_61' title='bbox 460 717 716 768; x_wconf 76' lang='lat' dir='ltr'>intelligitur,</span> <span class='ocrx_word' id='word_1_62' title='bbox 745 716 904 754; x_wconf 78' lang='lat' dir='ltr'>solandi</span> <span class='ocrx_word' id='word_1_63' title='bbox 928 715 1097 754; x_wconf 84' lang='lat' dir='ltr'>verbum</span> <span class='ocrx_word' id='word_1_64' title='bbox 1121 727 1256 767; x_wconf 86' lang='lat' dir='ltr'>neque</span> <span class='ocrx_word' id='word_1_65' title='bbox 1278 728 1371 752; x_wconf 88' lang='lat' dir='ltr'>cum</span> <span class='ocrx_word' id='word_1_66' title='bbox 1393 713 1608 753; x_wconf 89' lang='lat' dir='ltr'>Sanadono</span> <span class='ocrx_word' id='word_1_67' title='bbox 1630 711 1682 752; x_wconf 88' lang='lat' dir='ltr'>ad</span> 
     </span>
     <span class='ocr_line' id='line_1_8' title="bbox 131 782 1682 837; baseline -0.002 -14"><span class='ocrx_word' id='word_1_68' title='bbox 131 792 295 837; x_wconf 81' lang='lat' dir='ltr'>tempus</span> <span class='ocrx_word' id='word_1_69' title='bbox 325 785 584 837; x_wconf 86' lang='lat' dir='ltr'>praeteritum</span> <span class='ocrx_word' id='word_1_70' title='bbox 611 785 740 837; x_wconf 90' lang='lat' dir='ltr'>(pour</span> <span class='ocrx_word' id='word_1_71' title='bbox 763 797 829 822; x_wconf 86' lang='lat' dir='ltr'>me</span> <span class='ocrx_word' id='word_1_72' title='bbox 858 785 1042 823; x_wconf 85' lang='lat' dir='ltr'>consoler</span> <span class='ocrx_word' id='word_1_73' title='bbox 1067 782 1123 822; x_wconf 89' lang='lat' dir='ltr'>du</span> <span class='ocrx_word' id='word_1_74' title='bbox 1149 789 1253 822; x_wconf 89' lang='lat' dir='ltr'>tems</span> <span class='ocrx_word' id='word_1_75' title='bbox 1280 796 1400 835; x_wconf 87' lang='lat' dir='ltr'>passe</span> <span class='ocrx_word' id='word_1_76' title='bbox 1426 789 1466 821; x_wconf 89' lang='lat' dir='ltr'>et</span> <span class='ocrx_word' id='word_1_77' title='bbox 1491 796 1595 835; x_wconf 90' lang='lat' dir='ltr'>pour</span> <span class='ocrx_word' id='word_1_78' title='bbox 1615 795 1682 821; x_wconf 91' lang='lat' dir='ltr'>re-</span> 
     </span>
     <span class='ocr_line' id='line_1_9' title="bbox 137 849 1684 906; baseline -0.002 -14.996"><span class='ocrx_word' id='word_1_79' title='bbox 137 854 224 905; x_wconf 88' lang='lat' dir='ltr'>gler</span> <span class='ocrx_word' id='word_1_80' title='bbox 246 853 326 905; x_wconf 68' lang='lat' dir='ltr'>(reb</span> <span class='ocrx_word' id='word_1_81' title='bbox 312 852 419 904; x_wconf 71' lang='lat' dir='ltr'>tram)</span> <span class='ocrx_word' id='word_1_82' title='bbox 438 867 506 891; x_wconf 87' lang='lat' dir='ltr'>ma</span> <span class='ocrx_word' id='word_1_83' title='bbox 524 851 741 892; x_wconf 86' lang='lat' dir='ltr'>conduite</span> <span class='ocrx_word' id='word_1_84' title='bbox 729 866 752 890; x_wconf 89' lang='lat' dir='ltr'>a</span> <span class='ocrx_word' id='word_1_85' title='bbox 770 849 966 904; x_wconf 81' lang='lat' dir='ltr'>l’avenir),</span> <span class='ocrx_word' id='word_1_86' title='bbox 993 865 1126 906; x_wconf 91' lang='lat' dir='ltr'>neque</span> <span class='ocrx_word' id='word_1_87' title='bbox 1147 865 1240 890; x_wconf 87' lang='lat' dir='ltr'>cum</span> <span class='ocrx_word' id='word_1_88' title='bbox 1260 849 1487 890; x_wconf 77' lang='lat' dir='ltr'>SchoIIasta</span> <span class='ocrx_word' id='word_1_89' title='bbox 1507 850 1684 904; x_wconf 87' lang='lat' dir='ltr'>quodam</span> 
     </span>
     <span class='ocr_line' id='line_1_10' title="bbox 137 917 1684 974; baseline -0.003 -14"><span class='ocrx_word' id='word_1_90' title='bbox 137 935 202 974; x_wconf 84' lang='lat' dir='ltr'>ap.</span> <span class='ocrx_word' id='word_1_91' title='bbox 223 920 527 970; x_wconf 86' lang='lat' dir='ltr'>Hochederum,</span> <span class='ocrx_word' id='word_1_92' title='bbox 558 935 680 974; x_wconf 88' lang='lat' dir='ltr'>quem</span> <span class='ocrx_word' id='word_1_93' title='bbox 697 922 732 959; x_wconf 88' lang='lat' dir='ltr'>is</span> <span class='ocrx_word' id='word_1_94' title='bbox 750 921 914 973; x_wconf 85' lang='lat' dir='ltr'>probat,</span> <span class='ocrx_word' id='word_1_95' title='bbox 947 919 998 958; x_wconf 90' lang='lat' dir='ltr'>ad</span> <span class='ocrx_word' id='word_1_96' title='bbox 1018 934 1080 959; x_wconf 87' lang='lat' dir='ltr'>res</span> <span class='ocrx_word' id='word_1_97' title='bbox 1099 920 1291 958; x_wconf 72' lang='lat' dir='ltr'>adversas</span> <span class='ocrx_word' id='word_1_98' title='bbox 1317 926 1364 958; x_wconf 91' lang='lat' dir='ltr'>ut</span> <span class='ocrx_word' id='word_1_99' title='bbox 1388 919 1555 971; x_wconf 74' lang='lat' dir='ltr'>regendi</span> <span class='ocrx_word' id='word_1_100' title='bbox 1569 932 1608 957; x_wconf 82' lang='lat' dir='ltr'>v.</span> <span class='ocrx_word' id='word_1_101' title='bbox 1631 917 1684 956; x_wconf 86' lang='lat' dir='ltr'>ad</span> 
     </span>
     <span class='ocr_line' id='line_1_11' title="bbox 134 988 1684 1042; baseline -0.003 -14"><span class='ocrx_word' id='word_1_102' title='bbox 134 1003 345 1042; x_wconf 79' lang='lat' dir='ltr'>prosperas·</span> <span class='ocrx_word' id='word_1_103' title='bbox 377 1003 462 1029; x_wconf 84' lang='lat' dir='ltr'>esse</span> <span class='ocrx_word' id='word_1_104' title='bbox 490 989 756 1028; x_wconf 82' lang='lat' dir='ltr'>referendum.</span> <span class='ocrx_word' id='word_1_105' title='bbox 814 991 925 1028; x_wconf 90' lang='lat' dir='ltr'>Tum</span> <span class='ocrx_word' id='word_1_106' title='bbox 951 990 1014 1028; x_wconf 88' lang='lat' dir='ltr'>illi</span> <span class='ocrx_word' id='word_1_107' title='bbox 1042 990 1119 1027; x_wconf 82' lang='lat' dir='ltr'>viri</span> <span class='ocrx_word' id='word_1_108' title='bbox 1146 988 1254 1028; x_wconf 91' lang='lat' dir='ltr'>docti</span> <span class='ocrx_word' id='word_1_109' title='bbox 1280 1002 1363 1027; x_wconf 88' lang='lat' dir='ltr'>non</span> <span class='ocrx_word' id='word_1_110' title='bbox 1391 993 1684 1040; x_wconf 85' lang='lat' dir='ltr'>perspexerunt</span> 
     </span>
     <span class='ocr_line' id='line_1_12' title="bbox 135 1055 1683 1111; baseline -0.001 -15"><span class='ocrx_word' id='word_1_111' title='bbox 135 1059 220 1096; x_wconf 83' lang='lat' dir='ltr'>vim</span> <span class='ocrx_word' id='word_1_112' title='bbox 239 1059 485 1110; x_wconf 85' lang='lat' dir='ltr'>pronominis</span> <span class='ocrx_word' id='word_1_113' title='bbox 503 1057 585 1104; x_wconf 73' lang='lat' dir='ltr'>his,</span> <span class='ocrx_word' id='word_1_114' title='bbox 618 1058 727 1110; x_wconf 91' lang='lat' dir='ltr'>quod</span> <span class='ocrx_word' id='word_1_115' title='bbox 749 1057 801 1096; x_wconf 87' lang='lat' dir='ltr'>ad</span> <span class='ocrx_word' id='word_1_116' title='bbox 824 1071 890 1107; x_wconf 90' lang='lat' dir='ltr'>ea,</span> <span class='ocrx_word' id='word_1_117' title='bbox 921 1071 1023 1111; x_wconf 87' lang='lat' dir='ltr'>quae</span> <span class='ocrx_word' id='word_1_118' title='bbox 1043 1071 1066 1096; x_wconf 91' lang='lat' dir='ltr'>a</span> <span class='ocrx_word' id='word_1_119' title='bbox 1084 1071 1255 1110; x_wconf 85' lang='lat' dir='ltr'>persona</span> <span class='ocrx_word' id='word_1_120' title='bbox 1275 1057 1478 1110; x_wconf 88' lang='lat' dir='ltr'>loquentis</span> <span class='ocrx_word' id='word_1_121' title='bbox 1500 1055 1683 1108; x_wconf 87' lang='lat' dir='ltr'>proficis-</span> 
     </span>
     <span class='ocr_line' id='line_1_13' title="bbox 135 1125 1684 1180; baseline -0.001 -16"><span class='ocrx_word' id='word_1_122' title='bbox 135 1133 299 1175; x_wconf 84' lang='lat' dir='ltr'>cuntur,</span> <span class='ocrx_word' id='word_1_123' title='bbox 327 1127 510 1179; x_wconf 81' lang='lat' dir='ltr'>proxime</span> <span class='ocrx_word' id='word_1_124' title='bbox 532 1133 704 1179; x_wconf 90' lang='lat' dir='ltr'>spectat,</span> <span class='ocrx_word' id='word_1_125' title='bbox 727 1140 850 1180; x_wconf 88' lang='lat' dir='ltr'>quare</span> <span class='ocrx_word' id='word_1_126' title='bbox 872 1125 950 1165; x_wconf 88' lang='lat' dir='ltr'>h.l</span> <span class='ocrx_word' id='word_1_127' title='bbox 952 1125 1093 1165; x_wconf 78' lang='lat' dir='ltr'>‚idem</span> <span class='ocrx_word' id='word_1_128' title='bbox 1111 1132 1191 1175; x_wconf 90' lang='lat' dir='ltr'>est,</span> <span class='ocrx_word' id='word_1_129' title='bbox 1214 1125 1323 1178; x_wconf 89' lang='lat' dir='ltr'>quod</span> <span class='ocrx_word' id='word_1_130' title='bbox 1343 1125 1458 1171; x_wconf 69' lang='lat' dir='ltr'>mei-9,</span> <span class='ocrx_word' id='word_1_131' title='bbox 1480 1137 1583 1177; x_wconf 84' lang='lat' dir='ltr'>quae</span> <span class='ocrx_word' id='word_1_132' title='bbox 1598 1125 1684 1175; x_wconf 88' lang='lat' dir='ltr'>jam</span> 
     </span>
     <span class='ocr_line' id='line_1_14' title="bbox 133 1191 1683 1247; baseline -0.001 -15"><span class='ocrx_word' id='word_1_133' title='bbox 133 1208 175 1234; x_wconf 82' lang='lat' dir='ltr'>v.</span> <span class='ocrx_word' id='word_1_134' title='bbox 196 1195 250 1236; x_wconf 84' lang='lat'>12</span> <span class='ocrx_word' id='word_1_135' title='bbox 270 1201 309 1232; x_wconf 87' lang='lat' dir='ltr'>et</span> <span class='ocrx_word' id='word_1_136' title='bbox 326 1207 414 1247; x_wconf 86' lang='lat' dir='ltr'>sqq.</span> <span class='ocrx_word' id='word_1_137' title='bbox 434 1193 610 1232; x_wconf 88' lang='lat' dir='ltr'>indicata</span> <span class='ocrx_word' id='word_1_138' title='bbox 633 1202 746 1244; x_wconf 87' lang='lat' dir='ltr'>sunt,</span> <span class='ocrx_word' id='word_1_139' title='bbox 766 1195 849 1233; x_wconf 83' lang='lat' dir='ltr'>vid.</span> <span class='ocrx_word' id='word_1_140' title='bbox 878 1195 1047 1246; x_wconf 77' lang='lat' dir='ltr'>Grysar.</span> <span class='ocrx_word' id='word_1_141' title='bbox 1080 1194 1242 1232; x_wconf 77' lang='lat' dir='ltr'>Theorie</span> <span class='ocrx_word' id='word_1_142' title='bbox 1260 1194 1329 1232; x_wconf 75' lang='lat' dir='ltr'>des</span> <span class='ocrx_word' id='word_1_143' title='bbox 1353 1193 1492 1230; x_wconf 78' lang='lat' dir='ltr'>latein.</span> <span class='ocrx_word' id='word_1_144' title='bbox 1521 1191 1622 1230; x_wconf 74' lang='lat' dir='ltr'>Stils</span> <span class='ocrx_word' id='word_1_145' title='bbox 1642 1206 1683 1245; x_wconf 88' lang='lat' dir='ltr'>p.</span> 
     </span>
     <span class='ocr_line' id='line_1_15' title="bbox 134 1263 1683 1316; baseline -0.003 -15"><span class='ocrx_word' id='word_1_146' title='bbox 134 1263 206 1304; x_wconf 88' lang='lat'>66.</span> <span class='ocrx_word' id='word_1_147' title='bbox 225 1264 336 1301; x_wconf 89' lang='lat' dir='ltr'>Tum</span> <span class='ocrx_word' id='word_1_148' title='bbox 353 1264 550 1301; x_wconf 86' lang='lat' dir='ltr'>incertum</span> <span class='ocrx_word' id='word_1_149' title='bbox 569 1270 641 1312; x_wconf 88' lang='lat' dir='ltr'>est,</span> <span class='ocrx_word' id='word_1_150' title='bbox 661 1270 798 1301; x_wconf 89' lang='lat' dir='ltr'>utrum</span> <span class='ocrx_word' id='word_1_151' title='bbox 811 1265 908 1301; x_wconf 92' lang='lat' dir='ltr'>Hor.</span> <span class='ocrx_word' id='word_1_152' title='bbox 918 1276 957 1300; x_wconf 85' lang='lat' dir='ltr'>v.</span> <span class='ocrx_word' id='word_1_153' title='bbox 971 1264 1026 1304; x_wconf 83' lang='lat'>28</span> <span class='ocrx_word' id='word_1_154' title='bbox 1039 1275 1127 1316; x_wconf 87' lang='lat' dir='ltr'><strong>sqq.</strong></span> <span class='ocrx_word' id='word_1_155' title='bbox 1148 1275 1288 1300; x_wconf 89' lang='lat' dir='ltr'>secum</span> <span class='ocrx_word' id='word_1_156' title='bbox 1306 1263 1508 1314; x_wconf 90' lang='lat' dir='ltr'>loquatur,</span> <span class='ocrx_word' id='word_1_157' title='bbox 1528 1272 1579 1297; x_wconf 85' lang='lat' dir='ltr'>an</span> <span class='ocrx_word' id='word_1_158' title='bbox 1591 1273 1683 1297; x_wconf 90' lang='lat' dir='ltr'>cum</span> 
     </span>
     <span class='ocr_line' id='line_1_16' title="bbox 137 1327 1683 1384; baseline -0.001 -16"><span class='ocrx_word' id='word_1_159' title='bbox 137 1332 218 1370; x_wconf 79' lang='lat' dir='ltr'>alio</span> <span class='ocrx_word' id='word_1_160' title='bbox 237 1331 339 1384; x_wconf 87' lang='lat' dir='ltr'>(vid.</span> <span class='ocrx_word' id='word_1_161' title='bbox 358 1330 410 1369; x_wconf 87' lang='lat' dir='ltr'>ad</span> <span class='ocrx_word' id='word_1_162' title='bbox 428 1345 467 1369; x_wconf 84' lang='lat' dir='ltr'>v.</span> <span class='ocrx_word' id='word_1_163' title='bbox 487 1330 598 1384; x_wconf 64' lang='lat'>42),</span> <span class='ocrx_word' id='word_1_164' title='bbox 629 1332 681 1373; x_wconf 88' lang='lat' dir='ltr'>cf.</span> <span class='ocrx_word' id='word_1_165' title='bbox 702 1332 785 1370; x_wconf 85' lang='lat' dir='ltr'>Sat.</span> <span class='ocrx_word' id='word_1_166' title='bbox 810 1333 846 1380; x_wconf 91' lang='lat'>1,</span> <span class='ocrx_word' id='word_1_167' title='bbox 866 1329 905 1379; x_wconf 83' lang='lat'>4,</span> <span class='ocrx_word' id='word_1_168' title='bbox 931 1328 1009 1371; x_wconf 86' lang='lat'>134</span> <span class='ocrx_word' id='word_1_169' title='bbox 1029 1343 1118 1383; x_wconf 88' lang='lat' dir='ltr'>sqq.</span> <span class='ocrx_word' id='word_1_170' title='bbox 1141 1332 1217 1382; x_wconf 91' lang='lat' dir='ltr'>Ep.</span> <span class='ocrx_word' id='word_1_171' title='bbox 1230 1331 1270 1379; x_wconf 83' lang='lat'>2,</span> <span class='ocrx_word' id='word_1_172' title='bbox 1282 1331 1323 1378; x_wconf 86' lang='grc'>2,</span> <span class='ocrx_word' id='word_1_173' title='bbox 1338 1327 1419 1370; x_wconf 82' lang='lat'>146</span> <span class='ocrx_word' id='word_1_174' title='bbox 1438 1342 1527 1382; x_wconf 90' lang='lat' dir='ltr'>sqq.</span> <span class='ocrx_word' id='word_1_175' title='bbox 1557 1330 1683 1367; x_wconf 88' lang='lat' dir='ltr'>Prae-</span> 
     </span>
     <span class='ocr_line' id='line_1_17' title="bbox 136 1397 1684 1452; baseline -0.002 -14"><span class='ocrx_word' id='word_1_176' title='bbox 136 1406 246 1438; x_wconf 86' lang='lat' dir='ltr'>terea</span> <span class='ocrx_word' id='word_1_177' title='bbox 274 1413 495 1452; x_wconf 83' lang='lat' dir='ltr'>pronomen</span> <span class='ocrx_word' id='word_1_178' title='bbox 520 1401 604 1451; x_wconf 74' lang='lat' dir='ltr'>ipse</span> <span class='ocrx_word' id='word_1_179' title='bbox 629 1413 711 1438; x_wconf 88' lang='lat' dir='ltr'>non</span> <span class='ocrx_word' id='word_1_180' title='bbox 735 1407 820 1437; x_wconf 85' lang='lat' dir='ltr'>tam</span> <span class='ocrx_word' id='word_1_181' title='bbox 847 1400 1074 1437; x_wconf 89' lang='lat' dir='ltr'>transitioni</span> <span class='ocrx_word' id='word_1_182' title='bbox 1103 1397 1154 1436; x_wconf 80' lang='lat' dir='ltr'>ad</span> <span class='ocrx_word' id='word_1_183' title='bbox 1181 1399 1338 1436; x_wconf 84' lang='lat' dir='ltr'>Horatii</span> <span class='ocrx_word' id='word_1_184' title='bbox 1363 1409 1600 1450; x_wconf 84' lang='lat' dir='ltr'>personam,</span> <span class='ocrx_word' id='word_1_185' title='bbox 1638 1403 1684 1435; x_wconf 89' lang='lat' dir='ltr'>ut</span> 
     </span>
     <span class='ocr_line' id='line_1_18' title="bbox 136 1466 1684 1520; baseline -0.002 -14"><span class='ocrx_word' id='word_1_186' title='bbox 136 1467 398 1506; x_wconf 76' lang='lat' dir='ltr'>Hoc-hederas</span> <span class='ocrx_word' id='word_1_187' title='bbox 420 1469 528 1517; x_wconf 81' lang='lat' dir='ltr'>vult,</span> <span class='ocrx_word' id='word_1_188' title='bbox 567 1469 757 1517; x_wconf 83' lang='lat' dir='ltr'>inservit,</span> <span class='ocrx_word' id='word_1_189' title='bbox 797 1481 919 1520; x_wconf 85' lang='lat' dir='ltr'>quam</span> <span class='ocrx_word' id='word_1_190' title='bbox 946 1467 1154 1506; x_wconf 81' lang='lat' dir='ltr'>modestae</span> <span class='ocrx_word' id='word_1_191' title='bbox 1192 1466 1572 1518; x_wconf 76' lang='lat' dir='ltr'>circumscriptioni,</span> <span class='ocrx_word' id='word_1_192' title='bbox 1603 1478 1684 1518; x_wconf 90' lang='lat' dir='ltr'>qua</span> 
     </span>
     <span class='ocr_line' id='line_1_19' title="bbox 134 1534 1684 1590; baseline -0.002 -16"><span class='ocrx_word' id='word_1_193' title='bbox 134 1537 260 1584; x_wconf 70' lang='lat' dir='ltr'>Poeta</span> <span class='ocrx_word' id='word_1_194' title='bbox 275 1549 390 1574; x_wconf 87' lang='lat' dir='ltr'>suam</span> <span class='ocrx_word' id='word_1_195' title='bbox 409 1549 451 1574; x_wconf 90' lang='lat' dir='ltr'>se</span> <span class='ocrx_word' id='word_1_196' title='bbox 466 1549 583 1588; x_wconf 83' lang='lat' dir='ltr'>agere</span> <span class='ocrx_word' id='word_1_197' title='bbox 603 1551 688 1574; x_wconf 89' lang='lat' dir='ltr'>rem</span> <span class='ocrx_word' id='word_1_198' title='bbox 706 1537 913 1590; x_wconf 89' lang='lat' dir='ltr'>profitetur</span> <span class='ocrx_word' id='word_1_199' title='bbox 931 1537 1048 1574; x_wconf 88' lang='lat' dir='ltr'>unice</span> <span class='ocrx_word' id='word_1_200' title='bbox 1067 1548 1244 1583; x_wconf 86' lang='lat' dir='ltr'>securus,</span> <span class='ocrx_word' id='word_1_201' title='bbox 1264 1547 1364 1572; x_wconf 88' lang='lat' dir='ltr'>num</span> <span class='ocrx_word' id='word_1_202' title='bbox 1386 1535 1456 1571; x_wconf 86' lang='lat' dir='ltr'>alii</span> <span class='ocrx_word' id='word_1_203' title='bbox 1473 1534 1684 1572; x_wconf 89' lang='lat' dir='ltr'>meliorem</span> 
     </span>
     <span class='ocr_line' id='line_1_20' title="bbox 135 1603 1683 1657; baseline -0.001 -14"><span class='ocrx_word' id='word_1_204' title='bbox 135 1603 300 1644; x_wconf 79' lang='lat' dir='ltr'>vivendi</span> <span class='ocrx_word' id='word_1_205' title='bbox 317 1606 498 1657; x_wconf 85' lang='lat' dir='ltr'>regulam</span> <span class='ocrx_word' id='word_1_206' title='bbox 516 1606 593 1643; x_wconf 90' lang='lat' dir='ltr'>sibi</span> <span class='ocrx_word' id='word_1_207' title='bbox 608 1606 904 1657; x_wconf 82' lang='lat' dir='ltr'>praescribant3</span> <span class='ocrx_word' id='word_1_208' title='bbox 926 1605 1110 1643; x_wconf 86' lang='lat' dir='ltr'>similiter</span> <span class='ocrx_word' id='word_1_209' title='bbox 1125 1604 1254 1655; x_wconf 89' lang='lat' dir='ltr'>Epist.</span> <span class='ocrx_word' id='word_1_210' title='bbox 1266 1604 1307 1652; x_wconf 81' lang='lat'>2,</span> <span class='ocrx_word' id='word_1_211' title='bbox 1328 1604 1397 1644; x_wconf 87' lang='grc'>71.</span> <span class='ocrx_word' id='word_1_212' title='bbox 1427 1603 1488 1641; x_wconf 89' lang='lat' dir='ltr'>De</span> <span class='ocrx_word' id='word_1_213' title='bbox 1507 1603 1683 1642; x_wconf 82' lang='lat' dir='ltr'>fonnula</span> 
     </span>
     <span class='ocr_line' id='line_1_21' title="bbox 136 1670 1682 1725; baseline -0.001 -14"><span class='ocrx_word' id='word_1_214' title='bbox 136 1687 208 1725; x_wconf 81' lang='lat' dir='ltr'>ego</span> <span class='ocrx_word' id='word_1_215' title='bbox 224 1686 286 1711; x_wconf 84' lang='lat' dir='ltr'>me</span> <span class='ocrx_word' id='word_1_216' title='bbox 306 1674 390 1724; x_wconf 81' lang='lat' dir='ltr'>ipse</span> <span class='ocrx_word' id='word_1_217' title='bbox 407 1672 490 1712; x_wconf 88' lang='lat' dir='ltr'>vid.</span> <span class='ocrx_word' id='word_1_218' title='bbox 513 1674 649 1712; x_wconf 79' lang='lat' dir='ltr'>Klotz.</span> <span class='ocrx_word' id='word_1_219' title='bbox 679 1673 730 1712; x_wconf 91' lang='lat' dir='ltr'>ad</span> <span class='ocrx_word' id='word_1_220' title='bbox 757 1675 838 1712; x_wconf 87' lang='lat' dir='ltr'>Cic.</span> <span class='ocrx_word' id='word_1_221' title='bbox 857 1674 970 1711; x_wconf 87' lang='lat' dir='ltr'>Lael.</span> <span class='ocrx_word' id='word_1_222' title='bbox 996 1687 1037 1725; x_wconf 90' lang='lat' dir='ltr'>p.</span> <span class='ocrx_word' id='word_1_223' title='bbox 1059 1672 1127 1713; x_wconf 89' lang='grc'>93.</span> <span class='ocrx_word' id='word_1_224' title='bbox 1165 1670 1374 1710; x_wconf 89' lang='lat' dir='ltr'>Ridiculus</span> <span class='ocrx_word' id='word_1_225' title='bbox 1404 1678 1465 1710; x_wconf 92' lang='lat' dir='ltr'>est</span> <span class='ocrx_word' id='word_1_226' title='bbox 1483 1672 1682 1710; x_wconf 75' lang='lat' dir='ltr'>Heinsius</span> 
     </span>
     <span class='ocr_line' id='line_1_22' title="bbox 136 1740 1681 1795; baseline -0.001 -15"><span class='ocrx_word' id='word_1_227' title='bbox 136 1754 317 1795; x_wconf 90' lang='lat' dir='ltr'>quoque,</span> <span class='ocrx_word' id='word_1_228' title='bbox 337 1743 408 1794; x_wconf 88' lang='lat' dir='ltr'>qui</span> <span class='ocrx_word' id='word_1_229' title='bbox 426 1742 626 1780; x_wconf 80' lang='lat' dir='ltr'>elementis·</span> <span class='ocrx_word' id='word_1_230' title='bbox 643 1741 771 1780; x_wconf 88' lang='lat' dir='ltr'>alludi</span> <span class='ocrx_word' id='word_1_231' title='bbox 786 1748 922 1779; x_wconf 89' lang='lat' dir='ltr'>censet</span> <span class='ocrx_word' id='word_1_232' title='bbox 942 1741 994 1779; x_wconf 87' lang='lat' dir='ltr'>ad</span> <span class='ocrx_word' id='word_1_233' title='bbox 1013 1741 1258 1794; x_wconf 84' lang='grc' dir='ltr'><strong><em>στοιχείωσιν</em></strong></span> <span class='ocrx_word' id='word_1_234' title='bbox 1270 1740 1524 1788; x_wconf 73' lang='lat' dir='ltr'>Polemonis,</span> <span class='ocrx_word' id='word_1_235' title='bbox 1553 1740 1681 1779; x_wconf 91' lang='lat' dir='ltr'>immo</span> 
     </span>
     <span class='ocr_line' id='line_1_23' title="bbox 136 1809 1681 1864; baseline 0 -17"><span class='ocrx_word' id='word_1_236' title='bbox 136 1809 344 1857; x_wconf 83' lang='lat' dir='ltr'>elementa,</span> <span class='ocrx_word' id='word_1_237' title='bbox 371 1817 417 1848; x_wconf 91' lang='lat' dir='ltr'>ut</span> <span class='ocrx_word' id='word_1_238' title='bbox 436 1811 680 1850; x_wconf 82' lang='lat' dir='ltr'>Graecorum</span> <span class='ocrx_word' id='word_1_239' title='bbox 701 1814 896 1864; x_wconf 73' lang='grc' dir='ltr'>στοιχεῖα,</span> <span class='ocrx_word' id='word_1_240' title='bbox 928 1809 978 1848; x_wconf 86' lang='lat' dir='ltr'>de</span> <span class='ocrx_word' id='word_1_241' title='bbox 998 1822 1132 1847; x_wconf 89' lang='lat' dir='ltr'>rerum</span> <span class='ocrx_word' id='word_1_242' title='bbox 1152 1809 1359 1860; x_wconf 83' lang='lat' dir='ltr'>principiis</span> <span class='ocrx_word' id='word_1_243' title='bbox 1380 1815 1420 1846; x_wconf 90' lang='lat' dir='ltr'>et</span> <span class='ocrx_word' id='word_1_244' title='bbox 1438 1809 1563 1847; x_wconf 90' lang='lat' dir='ltr'>initiis</span> <span class='ocrx_word' id='word_1_245' title='bbox 1587 1810 1681 1862; x_wconf 89' lang='lat' dir='ltr'>qui-</span> 
     </span>
     <span class='ocr_line' id='line_1_24' title="bbox 134 1875 1682 1933; baseline 0.001 -17"><span class='ocrx_word' id='word_1_246' title='bbox 134 1878 390 1931; x_wconf 85' lang='lat' dir='ltr'>buscunque,</span> <span class='ocrx_word' id='word_1_247' title='bbox 428 1893 468 1918; x_wconf 83' lang='lat' dir='ltr'>v.</span> <span class='ocrx_word' id='word_1_248' title='bbox 501 1882 680 1933; x_wconf 88' lang='lat' dir='ltr'>Lennep.</span> <span class='ocrx_word' id='word_1_249' title='bbox 705 1880 757 1918; x_wconf 87' lang='lat' dir='ltr'>ad</span> <span class='ocrx_word' id='word_1_250' title='bbox 777 1879 938 1918; x_wconf 87' lang='lat' dir='ltr'>Phalar.</span> <span class='ocrx_word' id='word_1_251' title='bbox 966 1878 1094 1929; x_wconf 88' lang='lat' dir='ltr'>Epist.</span> <span class='ocrx_word' id='word_1_252' title='bbox 1124 1875 1194 1918; x_wconf 87' lang='lat'>40.</span> <span class='ocrx_word' id='word_1_253' title='bbox 1227 1891 1268 1928; x_wconf 91' lang='lat' dir='ltr'>p.</span> <span class='ocrx_word' id='word_1_254' title='bbox 1291 1877 1387 1917; x_wconf 89' lang='grc'><strong>169.</strong></span> <span class='ocrx_word' id='word_1_255' title='bbox 1413 1875 1476 1915; x_wconf 86' lang='lat' dir='ltr'>ed.</span> <span class='ocrx_word' id='word_1_256' title='bbox 1501 1879 1613 1930; x_wconf 89' lang='lat' dir='ltr'>Lips.</span> <span class='ocrx_word' id='word_1_257' title='bbox 1643 1885 1682 1917; x_wconf 89' lang='lat' dir='ltr'>et</span> 
     </span>
     <span class='ocr_line' id='line_1_25' title="bbox 134 1944 1681 2001; baseline 0.001 -18"><span class='ocrx_word' id='word_1_258' title='bbox 134 1946 281 1984; x_wconf 81' lang='lat' dir='ltr'>Moser.</span> <span class='ocrx_word' id='word_1_259' title='bbox 302 1946 354 1984; x_wconf 87' lang='lat' dir='ltr'>ad</span> <span class='ocrx_word' id='word_1_260' title='bbox 373 1948 453 1986; x_wconf 90' lang='lat' dir='ltr'>Cic.</span> <span class='ocrx_word' id='word_1_261' title='bbox 474 1947 523 1986; x_wconf 87' lang='lat' dir='ltr'>de</span> <span class='ocrx_word' id='word_1_262' title='bbox 542 1951 640 2001; x_wconf 91' lang='lat' dir='ltr'>Rep.</span> <span class='ocrx_word' id='word_1_263' title='bbox 662 1950 700 1997; x_wconf 91' lang='lat'>1,</span> <span class='ocrx_word' id='word_1_264' title='bbox 719 1946 788 1989; x_wconf 82' lang='lat'>24.</span> <span class='ocrx_word' id='word_1_265' title='bbox 819 1949 870 1986; x_wconf 83' lang='lat' dir='ltr'>cf.</span> <span class='ocrx_word' id='word_1_266' title='bbox 890 1945 1036 1985; x_wconf 91' lang='lat' dir='ltr'>Heind.</span> <span class='ocrx_word' id='word_1_267' title='bbox 1057 1944 1110 1983; x_wconf 88' lang='lat' dir='ltr'>ad</span> <span class='ocrx_word' id='word_1_268' title='bbox 1128 1945 1212 1983; x_wconf 89' lang='lat' dir='ltr'>Sat.</span> <span class='ocrx_word' id='word_1_269' title='bbox 1235 1947 1273 1994; x_wconf 86' lang='lat'>1,</span> <span class='ocrx_word' id='word_1_270' title='bbox 1296 1946 1319 1986; x_wconf 90' lang='lat'>1</span> <span class='ocrx_word' id='word_1_271' title='bbox 1332 1975 1343 1994; x_wconf 90' lang='lat'>,</span> <span class='ocrx_word' id='word_1_272' title='bbox 1365 1946 1434 1987; x_wconf 85' lang='lat'>26.</span> <span class='ocrx_word' id='word_1_273' title='bbox 1470 1947 1681 1985; x_wconf 90' lang='lat' dir='ltr'>Verisimi-</span> 
     </span>
     <span class='ocr_line' id='line_1_26' title="bbox 137 2009 1682 2067; baseline 0.001 -16"><span class='ocrx_word' id='word_1_274' title='bbox 137 2014 216 2052; x_wconf 86' lang='lat' dir='ltr'>lius</span> <span class='ocrx_word' id='word_1_275' title='bbox 235 2021 316 2063; x_wconf 81' lang='lat' dir='ltr'>est,</span> <span class='ocrx_word' id='word_1_276' title='bbox 348 2017 516 2055; x_wconf 74' lang='lat' dir='ltr'>Poetam</span> <span class='ocrx_word' id='word_1_277' title='bbox 533 2015 597 2055; x_wconf 82' lang='lat' dir='ltr'>his</span> <span class='ocrx_word' id='word_1_278' title='bbox 624 2030 690 2055; x_wconf 83' lang='lat' dir='ltr'>vv.</span> <span class='ocrx_word' id='word_1_279' title='bbox 717 2015 768 2054; x_wconf 90' lang='lat' dir='ltr'>ad</span> <span class='ocrx_word' id='word_1_280' title='bbox 787 2017 1015 2055; x_wconf 87' lang='lat' dir='ltr'>Stoicorum</span> <span class='ocrx_word' id='word_1_281' title='bbox 1033 2009 1364 2067; x_wconf 81' lang='grc' dir='ltr'><strong><em>προκόπτοντας,</em></strong></span> <span class='ocrx_word' id='word_1_282' title='bbox 1403 2027 1504 2067; x_wconf 90' lang='lat' dir='ltr'>quos</span> <span class='ocrx_word' id='word_1_283' title='bbox 1526 2015 1682 2054; x_wconf 85' lang='lat' dir='ltr'>Seneca</span> 
     </span>
     <span class='ocr_line' id='line_1_27' title="bbox 137 2080 1682 2135; baseline 0.003 -17"><span class='ocrx_word' id='word_1_284' title='bbox 137 2082 267 2133; x_wconf 85' lang='lat' dir='ltr'>Epist.</span> <span class='ocrx_word' id='word_1_285' title='bbox 286 2084 354 2123; x_wconf 81' lang='lat'>72.</span> <span class='ocrx_word' id='word_1_286' title='bbox 374 2085 629 2133; x_wconf 75' lang='lat' dir='ltr'>procedentes</span> <span class='ocrx_word' id='word_1_287' title='bbox 650 2086 858 2134; x_wconf 85' lang='lat' dir='ltr'>nominat,</span> <span class='ocrx_word' id='word_1_288' title='bbox 890 2084 1138 2135; x_wconf 78' lang='lat' dir='ltr'>respexisse3</span> <span class='ocrx_word' id='word_1_289' title='bbox 1169 2080 1219 2119; x_wconf 89' lang='lat' dir='ltr'>de</span> <span class='ocrx_word' id='word_1_290' title='bbox 1241 2094 1321 2134; x_wconf 89' lang='lat' dir='ltr'>qua</span> <span class='ocrx_word' id='word_1_291' title='bbox 1353 2082 1520 2134; x_wconf 89' lang='lat' dir='ltr'>quidem</span> <span class='ocrx_word' id='word_1_292' title='bbox 1539 2098 1581 2122; x_wconf 89' lang='lat' dir='ltr'>re</span> <span class='ocrx_word' id='word_1_293' title='bbox 1604 2084 1682 2123; x_wconf 82' lang='lat' dir='ltr'>Se-</span> 
     </span>
     <span class='ocr_line' id='line_1_28' title="bbox 138 2150 1684 2204; baseline 0.001 -17"><span class='ocrx_word' id='word_1_294' title='bbox 138 2162 238 2188; x_wconf 86' lang='lat' dir='ltr'>neca</span> <span class='ocrx_word' id='word_1_295' title='bbox 261 2151 390 2201; x_wconf 86' lang='lat' dir='ltr'>Epist.</span> <span class='ocrx_word' id='word_1_296' title='bbox 406 2150 462 2192; x_wconf 86' lang='lat'>75</span> <span class='ocrx_word' id='word_1_297' title='bbox 492 2150 726 2203; x_wconf 86' lang='lat' dir='ltr'>disputans:</span> <span class='ocrx_word' id='word_1_298' title='bbox 757 2152 966 2204; x_wconf 77' lang='lat' dir='ltr'>Intelliges</span> <span class='ocrx_word' id='word_1_299' title='bbox 974 2179 992 2197; x_wconf 82' lang='lat'>,</span> <span class='ocrx_word' id='word_1_300' title='bbox 1014 2150 1168 2202; x_wconf 88' lang='lat' dir='ltr'>inquit,</span> <span class='ocrx_word' id='word_1_301' title='bbox 1194 2152 1293 2187; x_wconf 78' lang='lat' dir='ltr'>satis</span> <span class='ocrx_word' id='word_1_302' title='bbox 1312 2164 1385 2188; x_wconf 80' lang='lat' dir='ltr'>nos</span> <span class='ocrx_word' id='word_1_303' title='bbox 1404 2152 1616 2203; x_wconf 80' lang='lat' dir='ltr'>consequi,</span> <span class='ocrx_word' id='word_1_304' title='bbox 1645 2152 1684 2188; x_wconf 73' lang='lat' dir='ltr'>si</span> 
     </span>
     <span class='ocr_line' id='line_1_29' title="bbox 138 2217 1680 2271; baseline 0.003 -18"><span class='ocrx_word' id='word_1_305' title='bbox 138 2218 244 2254; x_wconf 79' lang='lat' dir='ltr'>inter</span> <span class='ocrx_word' id='word_1_306' title='bbox 270 2220 464 2268; x_wconf 77' lang='lat' dir='ltr'>pessimos</span> <span class='ocrx_word' id='word_1_307' title='bbox 491 2233 572 2257; x_wconf 86' lang='lat' dir='ltr'>non</span> <span class='ocrx_word' id='word_1_308' title='bbox 591 2235 742 2258; x_wconf 79' lang='lat' dir='ltr'>sumus.</span> <span class='ocrx_word' id='word_1_309' title='bbox 803 2219 906 2259; x_wconf 87' lang='lat' dir='ltr'>Vide</span> <span class='ocrx_word' id='word_1_310' title='bbox 935 2217 1190 2269; x_wconf 75' lang='lat' dir='ltr'>Pflztgradtii</span> <span class='ocrx_word' id='word_1_311' title='bbox 1214 2218 1426 2255; x_wconf 85' lang='lat' dir='ltr'>Dissertat.</span> <span class='ocrx_word' id='word_1_312' title='bbox 1454 2217 1504 2256; x_wconf 88' lang='lat' dir='ltr'>de</span> <span class='ocrx_word' id='word_1_313' title='bbox 1531 2217 1680 2271; x_wconf 86' lang='lat' dir='ltr'>philos.</span> 
     </span>
     <span class='ocr_line' id='line_1_30' title="bbox 137 2286 1681 2340; baseline 0.001 -16"><span class='ocrx_word' id='word_1_314' title='bbox 137 2287 293 2324; x_wconf 82' lang='lat' dir='ltr'>Horatii</span> <span class='ocrx_word' id='word_1_315' title='bbox 313 2287 447 2325; x_wconf 89' lang='lat' dir='ltr'>Stoica</span> <span class='ocrx_word' id='word_1_316' title='bbox 466 2294 541 2325; x_wconf 86' lang='lat' dir='ltr'>etc.</span> <span class='ocrx_word' id='word_1_317' title='bbox 556 2302 596 2340; x_wconf 90' lang='lat' dir='ltr'>p.</span> <span class='ocrx_word' id='word_1_318' title='bbox 609 2290 751 2327; x_wconf 91' lang='lat' dir='ltr'>XXVI.</span> <span class='ocrx_word' id='word_1_319' title='bbox 786 2290 868 2326; x_wconf 89' lang='lat' dir='ltr'>Alii</span> <span class='ocrx_word' id='word_1_320' title='bbox 887 2295 1023 2326; x_wconf 89' lang='lat' dir='ltr'>tamen</span> <span class='ocrx_word' id='word_1_321' title='bbox 1036 2286 1163 2324; x_wconf 88' lang='lat' dir='ltr'>Stoici</span> <span class='ocrx_word' id='word_1_322' title='bbox 1182 2286 1442 2337; x_wconf 85' lang='lat' dir='ltr'>integriorem</span> <span class='ocrx_word' id='word_1_323' title='bbox 1460 2288 1681 2339; x_wconf 86' lang='lat' dir='ltr'>sapientiae</span> 
     </span>
     <span class='ocr_line' id='line_1_31' title="bbox 135 2353 1680 2409; baseline 0.001 -17"><span class='ocrx_word' id='word_1_324' title='bbox 135 2367 321 2392; x_wconf 87' lang='lat' dir='ltr'>normam</span> <span class='ocrx_word' id='word_1_325' title='bbox 337 2361 570 2405; x_wconf 86' lang='lat' dir='ltr'>statuentes,</span> <span class='ocrx_word' id='word_1_326' title='bbox 592 2369 744 2406; x_wconf 88' lang='lat' dir='ltr'>omnes,</span> <span class='ocrx_word' id='word_1_327' title='bbox 764 2358 835 2409; x_wconf 89' lang='lat' dir='ltr'>qui</span> <span class='ocrx_word' id='word_1_328' title='bbox 851 2370 935 2395; x_wconf 88' lang='lat' dir='ltr'>non</span> <span class='ocrx_word' id='word_1_329' title='bbox 954 2353 1175 2407; x_wconf 85' lang='lat' dir='ltr'>gauderent</span> <span class='ocrx_word' id='word_1_330' title='bbox 1198 2354 1375 2405; x_wconf 87' lang='lat' dir='ltr'>perfecta</span> <span class='ocrx_word' id='word_1_331' title='bbox 1396 2356 1614 2406; x_wconf 88' lang='lat' dir='ltr'>sapientia,</span> <span class='ocrx_word' id='word_1_332' title='bbox 1637 2357 1680 2393; x_wconf 92' lang='lat' dir='ltr'>in</span> 
     </span>
     <span class='ocr_line' id='line_1_32' title="bbox 135 2420 1680 2477; baseline 0.001 -17"><span class='ocrx_word' id='word_1_333' title='bbox 135 2423 268 2462; x_wconf 84' lang='lat' dir='ltr'>stultis</span> <span class='ocrx_word' id='word_1_334' title='bbox 288 2429 328 2462; x_wconf 93' lang='lat' dir='ltr'>et</span> <span class='ocrx_word' id='word_1_335' title='bbox 345 2424 637 2463; x_wconf 86' lang='lat' dir='ltr'>insanientibus</span> <span class='ocrx_word' id='word_1_336' title='bbox 654 2425 878 2477; x_wconf 89' lang='lat' dir='ltr'>ponebant,</span> <span class='ocrx_word' id='word_1_337' title='bbox 901 2423 1010 2477; x_wconf 91' lang='lat' dir='ltr'>quod</span> <span class='ocrx_word' id='word_1_338' title='bbox 1028 2425 1113 2475; x_wconf 90' lang='lat' dir='ltr'>ipse</span> <span class='ocrx_word' id='word_1_339' title='bbox 1134 2421 1317 2460; x_wconf 86' lang='lat' dir='ltr'>concedit</span> <span class='ocrx_word' id='word_1_340' title='bbox 1336 2420 1504 2462; x_wconf 74' lang='lat' dir='ltr'>Seneca.⁷</span> <span class='ocrx_word' id='word_1_341' title='bbox 1560 2425 1680 2462; x_wconf 91' lang='lat' dir='ltr'>Tali-</span> 
     </span>
     <span class='ocr_line' id='line_1_33' title="bbox 135 2490 1680 2545; baseline 0.003 -17"><span class='ocrx_word' id='word_1_342' title='bbox 135 2490 212 2529; x_wconf 86' lang='lat' dir='ltr'>bus</span> <span class='ocrx_word' id='word_1_343' title='bbox 231 2503 290 2540; x_wconf 86' lang='lat' dir='ltr'>ea‚</span> <span class='ocrx_word' id='word_1_344' title='bbox 313 2504 416 2544; x_wconf 85' lang='lat' dir='ltr'>quae</span> <span class='ocrx_word' id='word_1_345' title='bbox 436 2499 672 2544; x_wconf 86' lang='lat' dir='ltr'>sequuntur,</span> <span class='ocrx_word' id='word_1_346' title='bbox 691 2494 788 2532; x_wconf 86' lang='lat' dir='ltr'>scite</span> <span class='ocrx_word' id='word_1_347' title='bbox 807 2495 989 2545; x_wconf 89' lang='lat' dir='ltr'>opposita</span> <span class='ocrx_word' id='word_1_348' title='bbox 1014 2491 1143 2531; x_wconf 83' lang='lat' dir='ltr'>videri</span> <span class='ocrx_word' id='word_1_349' title='bbox 1160 2497 1350 2543; x_wconf 88' lang='lat' dir='ltr'>possunt,</span> <span class='ocrx_word' id='word_1_350' title='bbox 1376 2504 1502 2544; x_wconf 91' lang='lat' dir='ltr'>quum</span> <span class='ocrx_word' id='word_1_351' title='bbox 1524 2499 1564 2530; x_wconf 87' lang='lat' dir='ltr'>et</span> <span class='ocrx_word' id='word_1_352' title='bbox 1582 2493 1680 2532; x_wconf 85' lang='lat' dir='ltr'>alibi</span> 
     </span>
     <span class='ocr_line' id='line_1_34' title="bbox 138 2558 1679 2614; baseline 0.003 -17"><span class='ocrx_word' id='word_1_353' title='bbox 138 2558 204 2611; x_wconf 93' lang='lat' dir='ltr'>(ut</span> <span class='ocrx_word' id='word_1_354' title='bbox 228 2561 268 2609; x_wconf 88' lang='lat'>6,</span> <span class='ocrx_word' id='word_1_355' title='bbox 299 2559 383 2613; x_wconf 85' lang='lat'>15.)</span> <span class='ocrx_word' id='word_1_356' title='bbox 419 2558 520 2598; x_wconf 89' lang='lat' dir='ltr'>haec</span> <span class='ocrx_word' id='word_1_357' title='bbox 546 2560 774 2600; x_wconf 88' lang='lat' dir='ltr'>Stoicorum</span> <span class='ocrx_word' id='word_1_358' title='bbox 803 2575 944 2600; x_wconf 89' lang='lat' dir='ltr'>norma</span> <span class='ocrx_word' id='word_1_359' title='bbox 971 2563 1064 2614; x_wconf 89' lang='lat' dir='ltr'>plus</span> <span class='ocrx_word' id='word_1_360' title='bbox 1091 2573 1221 2613; x_wconf 86' lang='lat' dir='ltr'>aequo</span> <span class='ocrx_word' id='word_1_361' title='bbox 1248 2560 1406 2598; x_wconf 85' lang='lat' dir='ltr'>subtilis</span> <span class='ocrx_word' id='word_1_362' title='bbox 1429 2567 1470 2598; x_wconf 89' lang='lat' dir='ltr'>et</span> <span class='ocrx_word' id='word_1_363' title='bbox 1495 2562 1679 2601; x_wconf 89' lang='lat' dir='ltr'>sublimis</span> 
     </span>
     <span class='ocr_line' id='line_1_35' title="bbox 135 2627 1678 2683; baseline 0.003 -20"><span class='ocrx_word' id='word_1_364' title='bbox 135 2628 333 2679; x_wconf 84' lang='lat' dir='ltr'>vituperio</span> <span class='ocrx_word' id='word_1_365' title='bbox 352 2627 479 2667; x_wconf 81' lang='lat' dir='ltr'>detur.</span> <span class='ocrx_word' id='word_1_366' title='bbox 536 2629 737 2683; x_wconf 79' lang='lat' dir='ltr'>Quicquid</span> <span class='ocrx_word' id='word_1_367' title='bbox 756 2637 837 2679; x_wconf 90' lang='lat' dir='ltr'>est,</span> <span class='ocrx_word' id='word_1_368' title='bbox 862 2632 1027 2672; x_wconf 87' lang='lat' dir='ltr'>omnino</span> <span class='ocrx_word' id='word_1_369' title='bbox 1046 2627 1127 2667; x_wconf 88' lang='lat' dir='ltr'>huc</span> <span class='ocrx_word' id='word_1_370' title='bbox 1147 2627 1250 2666; x_wconf 87' lang='lat' dir='ltr'>redit</span> <span class='ocrx_word' id='word_1_371' title='bbox 1271 2628 1376 2666; x_wconf 87' lang='lat' dir='ltr'>illud</span> <span class='ocrx_word' id='word_1_372' title='bbox 1399 2629 1524 2682; x_wconf 87' lang='lat' dir='ltr'>(Gell.</span> <span class='ocrx_word' id='word_1_373' title='bbox 1546 2629 1585 2679; x_wconf 85' lang='lat'>5,</span> <span class='ocrx_word' id='word_1_374' title='bbox 1609 2629 1678 2670; x_wconf 88' lang='lat'>15.</span> 
     </span>
     <span class='ocr_line' id='line_1_36' title="bbox 136 2695 1678 2752; baseline 0.002 -20"><span class='ocrx_word' id='word_1_375' title='bbox 136 2695 219 2733; x_wconf 83' lang='lat' dir='ltr'>cic.</span> <span class='ocrx_word' id='word_1_376' title='bbox 239 2696 362 2734; x_wconf 82' lang='lat' dir='ltr'>Tusc.</span> <span class='ocrx_word' id='word_1_377' title='bbox 379 2698 421 2745; x_wconf 85' lang='grc'>2,</span> <span class='ocrx_word' id='word_1_378' title='bbox 447 2698 485 2746; x_wconf 92' lang='grc'>1,</span> <span class='ocrx_word' id='word_1_379' title='bbox 506 2695 566 2752; x_wconf 89' lang='grc'>1.)</span> <span class='ocrx_word' id='word_1_380' title='bbox 622 2701 877 2751; x_wconf 85' lang='lat' dir='ltr'>Neoptolemi</span> <span class='ocrx_word' id='word_1_381' title='bbox 895 2699 1073 2737; x_wconf 87' lang='lat' dir='ltr'>Enniani</span> <span class='ocrx_word' id='word_1_382' title='bbox 1094 2697 1272 2735; x_wconf 72' lang='lat' dir='ltr'>dictum:</span> <span class='ocrx_word' id='word_1_383' title='bbox 1302 2696 1678 2749; x_wconf 73' lang='lat' dir='ltr'>Philosophandum</span> 
     </span>
     <span class='ocr_line' id='line_1_37' title="bbox 137 2763 1382 2821; baseline 0.003 -21"><span class='ocrx_word' id='word_1_384' title='bbox 137 2770 195 2802; x_wconf 79' lang='lat' dir='ltr'>est</span> <span class='ocrx_word' id='word_1_385' title='bbox 205 2765 352 2815; x_wconf 80' lang='lat' dir='ltr'>paucis·</span> <span class='ocrx_word' id='word_1_386' title='bbox 361 2779 378 2812; x_wconf 90' lang='lat'><em>;</em></span> <span class='ocrx_word' id='word_1_387' title='bbox 407 2778 504 2802; x_wconf 87' lang='lat' dir='ltr'>nam</span> <span class='ocrx_word' id='word_1_388' title='bbox 518 2769 675 2805; x_wconf 87' lang='lat' dir='ltr'>omnino</span> <span class='ocrx_word' id='word_1_389' title='bbox 693 2767 810 2806; x_wconf 78' lang='lat' dir='ltr'>haud</span> <span class='ocrx_word' id='word_1_390' title='bbox 821 2768 970 2819; x_wconf 80' lang='lat' dir='ltr'>placet.</span> <span class='ocrx_word' id='word_1_391' title='bbox 1034 2768 1096 2806; x_wconf 84' lang='lat' dir='ltr'>Cf.</span> <span class='ocrx_word' id='word_1_392' title='bbox 1115 2779 1155 2805; x_wconf 78' lang='lat' dir='ltr'>v.</span> <span class='ocrx_word' id='word_1_393' title='bbox 1173 2766 1229 2807; x_wconf 79' lang='grc'>32</span> <span class='ocrx_word' id='word_1_394' title='bbox 1253 2772 1292 2821; x_wconf 58' lang='lat' dir='ltr'>et</span> <span class='ocrx_word' id='word_1_395' title='bbox 1312 2763 1382 2807; x_wconf 87' lang='grc'>41.</span> 
     </span>
    </p>

    <p class='ocr_par' dir='ltr' id='par_1_3' title="bbox 136 2831 1705 2965">
     <span class='ocr_line' id='line_1_38' title="bbox 249 2831 1676 2888; baseline 0.001 -17"><span class='ocrx_word' id='word_1_396' title='bbox 249 2833 297 2871; x_wconf 89' lang='lat' dir='ltr'>V.</span> <span class='ocrx_word' id='word_1_397' title='bbox 322 2832 392 2873; x_wconf 83' lang='lat'>28.</span> <span class='ocrx_word' id='word_1_398' title='bbox 449 2834 547 2873; x_wconf 88' lang='lat' dir='ltr'>Non</span> <span class='ocrx_word' id='word_1_399' title='bbox 556 2837 689 2888; x_wconf 55' lang='lat' dir='ltr'>possis</span> <span class='ocrx_word' id='word_1_400' title='bbox 707 2858 764 2864; x_wconf 97' lang='lat'><strong>—</strong></span> <span class='ocrx_word' id='word_1_401' title='bbox 786 2836 986 2888; x_wconf 54' lang='lat' dir='ltr'>lyncea-s.</span> <span class='ocrx_word' id='word_1_402' title='bbox 1020 2837 1081 2874; x_wconf 90' lang='lat' dir='ltr'>De</span> <span class='ocrx_word' id='word_1_403' title='bbox 1098 2836 1267 2884; x_wconf 80' lang='lat' dir='ltr'>omissa,</span> <span class='ocrx_word' id='word_1_404' title='bbox 1291 2846 1414 2887; x_wconf 87' lang='lat' dir='ltr'>quam</span> <span class='ocrx_word' id='word_1_405' title='bbox 1431 2831 1500 2872; x_wconf 84' lang='lat' dir='ltr'>hic</span> <span class='ocrx_word' id='word_1_406' title='bbox 1519 2835 1676 2884; x_wconf 74' lang='lat' dir='ltr'>volunt,</span> 
     </span>
     <span class='ocr_line' id='line_1_39' title="bbox 136 2901 1705 2965; baseline 0.002 -28"><span class='ocrx_word' id='word_1_407' title='bbox 136 2911 270 2952; x_wconf 82' lang='lat' dir='ltr'>neque</span> <span class='ocrx_word' id='word_1_408' title='bbox 298 2902 522 2941; x_wconf 85' lang='lat' dir='ltr'>necessario</span> <span class='ocrx_word' id='word_1_409' title='bbox 551 2903 776 2956; x_wconf 86' lang='lat' dir='ltr'>supplenda</span> <span class='ocrx_word' id='word_1_410' title='bbox 804 2905 1001 2957; x_wconf 89' lang='lat' dir='ltr'>particula</span> <span class='ocrx_word' id='word_1_411' title='bbox 1026 2905 1065 2942; x_wconf 80' lang='lat' dir='ltr'>si</span> <span class='ocrx_word' id='word_1_412' title='bbox 1083 2902 1176 2942; x_wconf 84' lang='lat' dir='ltr'>vide</span> <span class='ocrx_word' id='word_1_413' title='bbox 1202 2901 1342 2943; x_wconf 87' lang='lat' dir='ltr'>Jalmii</span> <span class='ocrx_word' id='word_1_414' title='bbox 1372 2909 1598 2941; x_wconf 87' lang='lat' dir='ltr'>accuratam</span> <span class='ocrx_word' id='word_1_415' title='bbox 1624 2901 1676 2940; x_wconf 87' lang='lat' dir='ltr'>ad</span> <span class='ocrx_word' id='word_1_416' title='bbox 1693 2954 1705 2965; x_wconf 37' lang='grc' dir='ltr'>ι</span> 
     </span>
    </p>
   </div>
   <div class='ocr_carea' id='block_1_3' title="bbox 136 2965 1674 3079">
    <p class='ocr_par' dir='ltr' id='par_1_4' title="bbox 136 2965 1674 3079">
     <span class='ocr_line' id='line_1_40' title="bbox 136 2965 1674 3069; baseline 0.001 -63"><span class='ocrx_word' id='word_1_417' title='bbox 136 2965 246 3069; x_wconf 53' lang='lat' dir='ltr'><strong>hugo</strong></span> <span class='ocrx_word' id='word_1_418' title='bbox 264 2969 400 3007; x_wconf 90' lang='lat' dir='ltr'>locum</span> <span class='ocrx_word' id='word_1_419' title='bbox 421 2973 733 3012; x_wconf 86' lang='lat' dir='ltr'>annotationem.</span> <span class='ocrx_word' id='word_1_420' title='bbox 772 2971 864 3014; x_wconf 83' lang='lat' dir='ltr'>vid.</span> <span class='ocrx_word' id='word_1_421' title='bbox 890 2973 995 3011; x_wconf 88' lang='lat' dir='ltr'>infra</span> <span class='ocrx_word' id='word_1_422' title='bbox 1014 2986 1054 3012; x_wconf 82' lang='lat' dir='ltr'>v.</span> <span class='ocrx_word' id='word_1_423' title='bbox 1074 2973 1143 3015; x_wconf 89' lang='lat'>87.</span> <span class='ocrx_word' id='word_1_424' title='bbox 1179 2971 1243 3012; x_wconf 87' lang='lat' dir='ltr'>Ad</span> <span class='ocrx_word' id='word_1_425' title='bbox 1260 2985 1346 3011; x_wconf 89' lang='lat' dir='ltr'>rem</span> <span class='ocrx_word' id='word_1_426' title='bbox 1367 2971 1471 3010; x_wconf 88' lang='lat' dir='ltr'>bene</span> <span class='ocrx_word' id='word_1_427' title='bbox 1488 2969 1674 3024; x_wconf 82' lang='lat' dir='ltr'>Porphy-</span> 
     </span>
     <span class='ocr_line' id='line_1_41' title="bbox 219 3034 1398 3079; baseline 0.008 -10"><span class='ocrx_word' id='word_1_428' title='bbox 219 3044 328 3070; x_wconf 72' lang='lat' dir='ltr'>olwr.</span> <span class='ocrx_word' id='word_1_429' title='bbox 352 3034 384 3070; x_wconf 91' lang='grc' dir='ltr'>Ι.</span> <span class='ocrx_word' id='word_1_430' title='bbox 1369 3037 1398 3079; x_wconf 83' lang='grc'>4</span> 
     </span>
    </p>
   </div>
  </div>
 </body>
</html>
