2054 3268
409 272 462 314 38
547 276 910 314 COMMENTARII
933 276 987 312 IN
1015 275 1231 312 HORATII
1260 274 1430 312 EPIST.
1455 275 1595 313 PRIM.
1620 277 1718 314 LIB.
1747 278 1779 314 L

410 398 544 423 corum
572 385 858 424 oblectamenta
885 385 950 422 vel
973 391 1289 434 contemnerent,
1325 385 1391 422 vel
1419 385 1558 423 leviter
1587 394 1766 425 curarent
1793 393 1833 424 et
1849 388 1915 426 vel

409 451 507 489 adeo
534 450 753 489 irriderent.
796 453 921 498 Quare
940 451 1089 488 Seneca
1114 465 1196 489 non
1218 450 1480 490 honorificum
1507 451 1625 502 hujus
1650 454 1707 490 rei
1733 454 1916 492 testimo-

408 519 521 556 nium
540 518 635 556 dicit
657 520 699 555 in
717 519 842 568 Epist.
867 517 916 557 5:
961 518 1069 555 Satis
1105 520 1235 569 ipsum
1263 531 1402 556 nomen
1428 517 1728 569 philosophiae,
1766 522 1919 558 etiamsi

408 585 576 622 modeste
593 591 795 629 tractetur,
819 583 1058 622 invidiosum
1073 592 1143 622 est.
1191 584 1289 623 Vide
1310 598 1411 637 quae
1434 583 1510 635 hac
1529 584 1577 623 de
1597 599 1639 623 re
1669 571 1918 639 disputarunt

408 654 549 690 Graev.
561 659 599 688 et
617 652 731 688 Beier
744 649 794 687 ad
815 651 894 688 cic.
911 650 986 689 Off.
1001 653 1040 700 2,
1059 653 1095 700 1,
1115 653 1156 691 2.
1177 658 1216 688 et
1236 664 1334 703 quos
1350 650 1414 689 hic
1429 651 1541 689 affert
1558 653 1601 689 in
1622 666 1786 692 censura
1804 655 1918 692 libri:

410 722 473 757 M.
502 719 627 756 Tullii
639 718 832 754 Ciceronis
842 719 885 754 in
886 718 1182 769 philosophiam
1199 721 1359 769 ejusque
1368 725 1505 768 partes
1514 720 1654 757 merita
1669 727 1776 758 auct.
1800 720 1920 759 Kiilz-

409 799 489 822 ner.
511 786 554 821 iu
573 782 710 823 Jahnii
732 782 965 833 „Jahrbb.“
991 785 1111 825 1826.
1134 787 1164 833 Ῑ,
1192 787 1232 825 2.
1251 799 1291 836 p.
1311 785 1393 826 339
1409 798 1515 837 sqq„
1542 787 1737 838 imprimis
1755 786 1919 825 Teline-

407 852 545 888 manni
570 879 594 899 ,,
606 850 840 888 Geschichte
857 850 926 888 der
942 850 1119 890 Philos.“
1145 853 1191 890 V.
1210 865 1249 903 p.
1264 853 1358 892 400.
1396 852 1455 889 Cf.
1472 853 1692 891 Bardilium
1711 855 1754 890 in
1773 854 1920 890 Hauffii

406 917 606 968 Philolog.
627 919 687 966 Π,
720 919 764 967 1,
799 931 840 968 Ρ.
861 918 914 958 68
943 931 1054 970 sqq.,
1087 917 1218 956 Hand.
1251 920 1294 955 iu
1325 919 1539 970 Encyclop.
1559 920 1724 958 Halensi
1745 920 1850 959 Sect.
1880 921 1920 961 1.

406 987 530 1023 XVII.
546 999 586 1036 p.
606 985 689 1024 226
707 996 794 1036 sqq.
812 990 851 1021 et
870 996 970 1036 quos
986 983 1124 1022 laudat
1140 982 1281 1022 Baehr.
1301 986 1343 1021 in
1363 984 1627 1033 „Geschichte
1642 986 1682 1024 d.
1694 991 1793 1025 ro'm.
1809 987 1920 1024 Lite-

409 1052 542 1088 ratur“
562 1049 598 1103 ξ.
609 1051 690 1090 293
701 1064 788 1103 sqq.
807 1052 909 1088 Hinc
925 1052 1091 1088 verbum
1107 1050 1210 1088 illud
1228 1051 1402 1104 quadam
1419 1054 1568 1090 ironiae
1577 1060 1672 1091 nota
1686 1054 1922 1104 insigne.—

409 1125 509 1155 tuter
528 1117 576 1155 de
589 1131 648 1165 eo,
670 1119 832 1169 quinon
850 1123 934 1153 tam
951 1118 1116 1155 rationis
1126 1125 1337 1164 momenta,
1366 1132 1487 1171 quam
1508 1121 1756 1157 auctoritati-s
1775 1121 1818 1157 in
1837 1119 1921 1157 dis-

406 1185 584 1235 putando
604 1186 758 1236 quaerit
769 1213 779 1232 ,
807 1185 954 1235 quique
971 1191 1076 1222 totus
1094 1185 1241 1236 pendet
1256 1199 1278 1223 a
1293 1186 1391 1223 duee
1407 1188 1450 1223 in
1463 1186 1718 1239 ejusdemque
1734 1185 1920 1238 prudenti

409 1253 559 1289 auxilio
580 1251 806 1302 acquiescit.
822 1274 872 1280 —
892 1250 1004 1287 duce.
1034 1251 1100 1289 Sic
1120 1251 1320 1291 Phalerid.
1343 1255 1468 1305 Epist.
1499 1255 1591 1295 107.
1621 1250 1921 1304 Ἀσκληπιός-

409 1317 433 1359 ὁ’
450 1320 520 1369 τῆς
539 1316 676 1369 τέχνης
695 1314 878 1370 ἡγεμών,
902 1318 999 1369 ibiq.
1016 1319 1193 1370 Lennep.
1212 1333 1252 1370 p.
1273 1319 1391 1368 338.3
1425 1319 1533 1371 quod
1556 1332 1705 1358 nomen
1727 1320 1923 1371 imprimis

408 1383 670 1422 honorificum
697 1380 843 1421 summi
871 1390 961 1434 post
984 1385 1122 1422 Stoam
1154 1392 1282 1423 ortam
1307 1385 1477 1424 doctoris
1501 1393 1603 1435 erat,
1643 1387 1710 1424 vel
1732 1385 1923 1438 praesidis

411 1451 615 1502 cujusdam
633 1449 964 1502 philosophorum
991 1450 1176 1501 scholae3
1212 1451 1310 1504 (vid.
1336 1455 1482 1491 Osann.
1499 1454 1681 1504 Beitrfige
1704 1466 1774 1490 zur
1794 1454 1863 1491 Gr.
1879 1466 1923 1491 11.

409 1522 525 1558 Rom.
539 1520 728 1568 Literatg.
746 1519 777 1554 1.
796 1523 880 1554 not.
896 1518 964 1557 80.
983 1524 1023 1554 et
1042 1519 1092 1555 cf.
1114 1520 1298 1558 Kuinoel.
1323 1518 1375 1558 ad
1394 1518 1534 1560 Matth.
1550 1519 1616 1568 23,
1639 1521 1679 1561 8.
1697 1519 1783 1572 9)
1819 1515 1924 1559 Hinc

408 1589 565 1624 Lucret.
582 1587 619 1634 1,
639 1586 734 1626 639.
754 1584 988 1621 Heraclitus
1008 1586 1083 1622 init
1104 1599 1271 1637 quorum
1288 1587 1369 1624 dux
1379 1587 1537 1637 proelia
1557 1588 1731 1637 primus.
1759 1587 1924 1634 Quintil.

408 1656 503 1691 Inst.
525 1652 562 1702 5,
580 1654 645 1700 13,
667 1652 734 1692 59.
764 1651 934 1702 Ideoque
955 1653 1092 1698 miror,
1119 1655 1219 1690 inter
1236 1652 1334 1690 duos
1347 1652 1593 1690 diversarum
1607 1659 1802 1691 sectarum
1818 1653 1927 1691 velut

409 1721 527 1758 duces
551 1733 630 1756 non
657 1717 843 1755 mediocri
869 1720 1109 1756 contentione
1136 1721 1370 1771 quaesitum.
1411 1721 1528 1771 Prop.
1557 1721 1597 1768 3,
1624 1721 1700 1768 20,
1725 1722 1796 1761 26.
1830 1721 1925 1760 Illic

409 1788 474 1825 vel
489 1786 630 1825 stadiis
640 1787 821 1823 animum
839 1785 1043 1822 emendare
1062 1786 1246 1824 Platonis
1262 1787 1460 1836 Incipiam
1470 1794 1543 1823 aut
1563 1786 1688 1824 hortis
1704 1787 1803 1834 dux,
1822 1788 1926 1838 Epo·-

410 1868 519 1900 cure,
546 1862 650 1901 tuzs;
677 1853 812 1904 ibique
831 1849 1008 1890 Broukh.
1031 1873 1082 1880 -
1103 1851 1210 1898 lare,
1241 1860 1286 1890 ut
1307 1852 1380 1891 od.
1412 1855 1459 1902 1,
1493 1855 1568 1902 29,
1607 1851 1672 1894 14.
1721 1855 1925 1892 Socratica

410 1921 549 1958 domus
565 1927 604 1957 et
628 1920 708 1958 Cic.
729 1920 778 1958 de
789 1921 921 1957 Divin.
941 1921 981 1968 2,
1007 1921 1044 1960 1.
1053 1919 1224 1968 familia
1243 1921 1606 1970 Peripateticorum.
1644 1920 1782 1959 Sidon.
1797 1923 1924 1973 Apol-

410 1989 480 2026 lin.
503 1988 628 2037 Epist.
647 1985 696 2036 4,
726 1988 763 2026 1.
785 2000 872 2024 vere
893 1988 999 2023 intra
1017 1986 1260 2024 Eusebianos
1284 1987 1388 2024 lares
1411 1988 1553 2024 talium
1572 1995 1608 2024 te
1624 1988 1821 2039 quaedam
1840 2001 1925 2026 mo-

412 2061 502 2091 neta
519 2062 741 2103 susceperat
761 2053 1090 2103 disciplinarum,
1117 2056 1232 2100 eujus
1255 2054 1533 2104 philosophica
1559 2055 1700 2092 incude
1703 2054 1924 2106 formatus,

412 2136 517 2159 nune
535 2123 670 2159 varias
688 2120 801 2158 nobis
817 2134 947 2157 rerum
966 2133 1263 2171 sermonumque
1278 2123 1446 2158 rationes
1453 2120 1700 2171 —pandebas.
1736 2123 1926 2173 Apposite

412 2189 454 2226 in
477 2196 607 2226 totum
641 2190 777 2226 locum
801 2188 954 2225 Seneca
980 2188 1107 2239 Epist.
1129 2189 1223 2228 33.:
1263 2187 1412 2236 Aa'jice
1432 2202 1566 2234 nune,
1603 2187 1711 2239 quod
1737 2189 1827 2234 isti,
1855 2189 1928 2239 qui

412 2269 618 2306 nunquam
639 2255 783 2292 tutelae
807 2268 902 2292 suae
914 2254 1052 2302 fiunt:
1081 2251 1259 2305 primum
1278 2256 1322 2291 in
1339 2269 1385 2291 ea
1403 2268 1444 2292 re
1462 2261 1678 2306 sequuntur
1690 2255 1859 2305 priores,
1882 2255 1926 2292 in

414 2336 490 2373 quo
521 2336 631 2359 nemo
656 2336 735 2359 non
755 2336 782 2359 a
801 2324 930 2373 priore
959 2322 1142 2359 descivit:
1183 2323 1321 2360 deinde
1349 2324 1392 2359 in
1415 2335 1462 2358 ea
1492 2335 1534 2358 re
1557 2328 1798 2372 sequuntur,
1824 2335 1926 2372 quae

413 2388 545 2425 adhue
573 2390 789 2440 quaeritur.
815 2410 871 2418 —
897 2390 944 2427 V.
967 2388 1033 2429 14.
1061 2388 1340 2426 Animadverte
1367 2390 1541 2440 primum
1557 2388 1925 2439 breviloquentiam,

416 2467 493 2505 qua
515 2457 558 2492 iu
580 2457 726 2494 talibus
746 2456 965 2493 enuntiatis
984 2463 1043 2493 est
1059 2455 1388 2506 intelligendum:
1415 2455 1529 2499 scito,
1549 2467 1590 2492 v.
1609 2454 1751 2495 Heind.
1771 2454 1823 2492 ad
1842 2456 1926 2494 Sat.

415 2522 455 2567 2,
482 2522 518 2568 1,
544 2521 610 2561 80.
638 2530 677 2560 et
695 2522 817 2561 Bach.
851 2522 902 2560 ad
924 2521 1037 2560 Ovid.
1059 2524 1153 2560 Met.
1173 2523 1222 2571 7,
1245 2521 1340 2562 520.
1355 2550 1367 2570 ,
1406 2520 1549 2558 deinde
1571 2534 1735 2573 quaeras
1754 2535 1926 2570 mecum,

416 2586 522 2622 unde
546 2585 643 2625 haec
663 2588 882 2628 similitudo
911 2591 1035 2641 petita
1056 2591 1119 2628 sit.
1171 2587 1415 2628 scholiastae
1432 2590 1563 2626 Acron
1590 2595 1630 2625 et
1653 2589 1772 2642 Cruq.
1794 2600 1883 2627 eam
1903 2602 1927 2627 a

417 2654 578 2702 militia,
612 2655 718 2706 quod
740 2659 888 2696 milites
911 2659 955 2694 in
971 2656 1091 2694 verba
1109 2654 1220 2693 ducis
1237 2657 1434 2706 jurarent,
1476 2653 1637 2692 ductam
1657 2657 1820 2705 volunt3
1853 2668 1928 2707 ego

418 2718 582 2770 quidem
612 2734 697 2758 rem
708 2723 991 2772 gladiatoriam
1010 2730 1055 2760 ut
1075 2723 1174 2760 olim
1189 2751 1200 2771 ,
1233 2723 1290 2760 sic
1307 2720 1427 2760 hodie
1445 2722 1643 2773 intelligo.
1682 2723 1795 2762 Solet
1818 2724 1927 2761 enim

418 2788 513 2823 Hor.
532 2788 574 2823 in
595 2787 826 2838 metaphora
846 2791 979 2842 aliqua
1002 2790 1214 2840 interjectis
1238 2790 1326 2826 aliis
1349 2789 1464 2826 rebus
1481 2802 1644 2840 pergere
1663 2791 1731 2829 vel
1749 2802 1837 2827 eam
1850 2791 1928 2841 ipsi

420 2853 476 2890 rei
501 2853 736 2890 hmniscere.
775 2856 972 2907 Exempla
992 2859 1144 2909 aliquot
1167 2855 1259 2894 dedi
1275 2856 1317 2892 in
1337 2854 1524 2893 Seebodii
1547 2855 1708 2895 Archiv.
1737 2857 1858 2898 1833.
1877 2858 1928 2904 Π,

420 2917 460 2960 4.
480 2932 520 2970 p.
535 2918 616 2960 585
635 2932 696 2971 sq.
720 2920 771 2958 cf.
795 2923 896 2960 Acro
923 2931 962 2961 et
981 2923 1116 2963 Schol.
1137 2924 1260 2976 (ἕως,
1274 2922 1324 2960 ad
1345 2936 1384 2961 v·
1403 2923 1468 2964 16.
1488 2925 1563 2962 civ.
1590 2924 1687 2962 und.
1730 2923 1931 2961 Addictue
