2054 3268
367 257 421 300 18

933 264 1317 302 HORATll

432 375 504 418 Nil
534 375 593 418 ait
622 388 716 418 esse
743 376 882 433 prius,
917 376 1068 419 melius
1097 376 1156 419 nil
1186 376 1345 420 coelibe
1370 375 1481 431 vita3

434 451 485 497 Si
509 467 592 497 non
618 458 708 511 est,
735 456 855 508 jurat
885 454 991 498 bene
1016 455 1119 498 solis
1147 468 1244 498 esse
1271 455 1449 497 maritis.

434 531 526 585 Quo
555 535 720 574 teneam
747 531 886 574 voltus
915 535 1144 576 mutantem
1169 531 1326 576 Protea
1353 527 1502 574 nodo'ss.³

434 609 543 662 Quid
571 605 761 666 pauper?
825 607 962 652 Ride:
995 614 1127 654 mutat
1152 610 1402 667 coenacula,
1432 610 1584 665 lectoS,

432 686 618 744 Balnea,
654 689 876 744 tonsores,
912 687 1115 732 conducto
1146 689 1317 747 navigio
1352 700 1484 745 aeque

365 841 598 884 distinguendi
614 841 781 881 rationem
798 847 916 876 contra
933 854 1059 876 comma
1076 854 1095 876 a

365 909 418 929 me
429 897 463 929 in
487 898 541 930 ed.
561 899 591 931 1.
603 905 801 942 usurpatum
815 897 994 942 impugnat
1002 897 1093 931 Leh-

364 964 503 986 mannus
534 953 570 986 in
601 953 723 998 Progr.
755 954 863 987 schol.
894 955 1096 989 Lucubratt.

365 1016 431 1043 etc.
462 1009 675 1052 Partic.11.‚
709 1010 770 1042 sed
799 1010 965 1044 rationem
988 1021 1094 1043 meam

365 1066 465 1099 docte
487 1065 567 1098 tuiti
590 1070 670 1098 sunt
686 1065 838 1099 Schmid.
863 1067 906 1099 ad
928 1066 1044 1110 Epist.
1062 1066 1096 1108 6,

364 1123 421 1156 29.
467 1121 568 1154 Jahn.
586 1122 621 1154 in
638 1122 684 1154 N.
700 1121 844 1155 Jahrbb.
864 1122 963 1156 1832.
980 1120 1044 1153 IV.
1061 1121 1096 1154 2.

364 1190 399 1222 p.
418 1177 497 1211 265.
520 1177 563 1209 ad
589 1177 695 1210 Ovid.
723 1177 834 1211 Trist.
860 1178 898 1221 4,
915 1179 958 1220 3,
976 1176 1032 1210 33.
1062 1180 1099 1209 et

365 1232 472 1267 uach.
491 1232 534 1265 ad
551 1233 657 1266 Ovid.
675 1233 760 1266 Met.
785 1234 824 1275 8,
852 1233 929 1272 28.3
961 1231 1094 1275 signum

364 1289 597 1332 interrogandi
630 1288 730 1322 etiam
762 1289 862 1332 prob.
889 1289 1016 1322 Bauer.
1051 1288 1096 1321 ad

366 1345 484 1378 Sanct.
500 1345 650 1378 Minerv.
667 1345 714 1378 ΙΙ.
737 1357 772 1389 p.
789 1345 869 1379 327.
900 1343 982 1376 vid.
1006 1342 1098 1376 infra

366 1402 552 1435 comment.
593 1402 678 1434 aula
694 1405 764 1434 est.-
796 1399 857 1432 Sic
880 1404 976 1432 recte
997 1409 1017 1430 e
1039 1409 1097 1430 re·

367 1462 471 1491 centt.
514 1457 594 1490 edd.
650 1455 803 1489 Schmid.
846 1458 948 1492 Jahn.
1008 1455 1097 1488 zell.

366 1514 521 1547 Hoched.
538 1512 690 1546 Meinek.
715 1513 857 1546 Weber.
884 1511 1034 1545 Braunh.
1052 1531 1098 1536 —

365 1570 532 1615 genitalis
555 1581 617 1615 pro
633 1568 766 1613 genial.
798 1568 865 1602 Ms.
891 1579 949 1602 un.
966 1569 1097 1601 Bersm.

367 1627 428 1659 Sic
455 1625 559 1659 Fulv.
585 1625 734 1658 Ursinus
768 1624 825 1658 hic
848 1636 985 1669 quoque
1009 1624 1095 1657 scri-

366 1682 511 1716 bendum
527 1685 626 1725 putat
641 1681 694 1724 (v.
714 1680 859 1724 Torr.);
884 1687 919 1714 at
934 1679 1014 1713 vide
1025 1679 1095 1712 Bii-

368 1749 455 1771 nem.
474 1738 516 1771 ad
526 1737 685 1770 Lactant.
703 1737 788 1770 Inst.
801 1736 834 1778 3,
846 1736 900 1778 22,
908 1735 942 1769 9.
959 1735 1096 1768 Peerlk.

368 1794 411 1827 ad
428 1793 469 1826 C.
488 1794 526 1826 S.
543 1794 602 1826 20.
621 1792 744 1838 p.512.
762 1796 797 1825 et
813 1803 899 1836 quos
914 1791 1005 1824 infra
1021 1791 1095 1823 lau-

367 1849 532 1884 dabimus.
564 1849 622 1882 cf.
631 1848 746 1882 Hand.
765 1844 1097 1881 adGronov.Diat1-.

367 1906 403 1939 in
421 1906 509 1938 Stat.
528 1904 616 1939 Silv.
634 1905 664 1938 Ι.
682 1917 717 1950 p.
733 1903 812 1938 448.

414 1960 458 1992 V.
476 1960 532 1993 88.
560 1959 673 1993 celibe.
714 1960 774 1993 Sic
800 1962 890 1992 teste
914 1957 1100 1991 Torrentio

368 2016 405 2049 in
421 2015 664 2058 antiquissimis
688 2015 959 2060 exemplaribus,
993 2025 1012 2047 e
1035 2025 1099 2047 no-

369 2072 449 2105 stris
473 2077 565 2105 certe
591 2071 628 2104 in
651 2082 732 2104 mss.
755 2071 857 2105 Dess.
881 2070 979 2115 Lips.
1008 2082 1098 2104 omn.

370 2127 492 2170 Goth„
517 2127 579 2160 sed
595 2139 630 2161 v.
654 2133 772 2162 annot.
802 2128 846 2162 ad
869 2140 904 2162 v.
925 2128 978 2162 17.
1004 2127 1098 2161 Edd.

368 2183 457 2216 Ven.
481 2183 559 2218 479.
584 2183 640 2217 83.
665 2184 723 2217 86.
763 2183 872 2217 Loch.
897 2182 943 2216 al.
965 2183 1101 2218 caelibe.

318 2238 322 2242 ’
369 2239 455 2273 Mss.
463 2239 626 2284 complur.
636 2239 695 2283 aL,
705 2251 724 2273 e
733 2240 860 2274 nostris
868 2243 960 2274 certe
967 2239 1099 2275 Graev-

370 2296 439 2329 Ed.
451 2296 548 2341 Lips.
559 2297 639 2330 492.
656 2296 714 2339 al„
729 2301 869 2331 tuentur
882 2296 958 2331 Fea
974 2296 1018 2330 ad
1030 2297 1100 2330 Od.

370 2353 404 2394 2,
424 2352 476 2394 15,
493 2353 526 2386 4.
545 2358 580 2385 et
594 2351 731 2397 Apulej.
749 2353 793 2387 de
807 2351 952 2397 Diphth.
969 2363 1006 2396 p.
1020 2351 1099 2386 135.

373 2405 426 2438 ed.
452 2407 583 2440 Osann.
630 2408 704 2440 Nos
725 2408 899 2452 sequimur
922 2419 995 2441 cum
1018 2407 1099 2441 Jon.

374 2462 492 2494 Comb.
530 2462 631 2495 Jahn.
664 2463 874 2508 scaligerum
914 2463 958 2498 ad
998 2463 1098 2498 Fest.

373 2528 410 2561 p.
426 2517 504 2550 363.
522 2517 576 2550 ed.
592 2517 748 2553 Lindem.

419 2572 464 2603 V.
482 2573 537 2605 90.
569 2574 652 2606 nodo
668 2594 713 2600 —
729 2577 853 2611 vultus.
898 2575 986 2609 Mss.
1003 2574 1101 2608 Feae

376 2626 408 2669 1,
425 2638 459 2659 o.
477 2626 510 2670 5,
528 2638 559 2660 e.
586 2635 620 2661 et
636 2630 753 2664 Guelf.
774 2633 817 2674 1.‚
842 2631 916 2669 vid.
932 2631 975 2665 ad
990 2643 1026 2666 v.
1042 2630 1099 2666 44.

375 2686 491 2715 annot.
507 2700 552 2707 ——
575 2685 715 2718 vultum.
733 2686 801 2721 Ms.
818 2687 914 2722 Feae
932 2690 962 2731 1,
979 2688 1014 2722 k.
1042 2698 1101 2721 un.

375 2738 506 2771 Bersm.
524 2743 559 2771 et
572 2739 690 2773 Jaeck.
709 2743 742 2774 6.
789 2743 835 2777 At
849 2743 886 2777 in
901 2743 1031 2778 Plurali
1045 2743 1100 2777 in—

377 2799 430 2826 est
455 2794 548 2827 notio
565 2800 712 2829 mutatae
728 2797 856 2832 formae
874 2806 910 2835 ut
925 2801 962 2834 in
978 2802 1102 2834 colores

376 2849 491 2894 Epist.
512 2851 553 2883 16
566 2876 575 2893 ,
593 2851 648 2884 38.
663 2877 673 2893 ,
702 2853 759 2887 ubi
782 2867 960 2901 perperam
977 2867 998 2889 a
1014 2867 1100 2890 non-

376 2904 476 2938 nullis
494 2906 631 2939 colorem
655 2906 791 2952 legitur.
809 2929 854 2935 -—-
869 2912 994 2945 voleus.
1040 2911 1102 2945 Sic

1151 844 1228 878 edd.
1245 842 1358 878 Bentl.
1372 840 1581 876 Vahoberl.
1597 841 1700 877 Web.
1727 841 1800 875 vid.
1817 852 1878 874 an-

1150 907 1222 934 not.
1241 901 1284 933 ad
1311 912 1345 934 v.
1365 901 1422 934 73.
1443 918 1489 923 -
1519 898 1675 942 prothea.
1733 897 1793 930 Sic
1815 909 1878 930 ms.

1151 956 1270 989 Guels.
1296 956 1330 989 3.
1357 967 1447 988 omn.
1464 955 1564 987 Dess.
1590 958 1624 986 et
1650 953 1747 998 Lips.
1779 953 1878 986 Gott.

1148 1013 1183 1046 2.
1227 1012 1357 1044 Graev.
1399 1010 1491 1043 Edd.
1515 1010 1587 1054 alqt
1611 1014 1698 1043 vett.
1727 1014 1765 1042 ut
1787 1009 1877 1042 Ven.

1148 1067 1228 1102 481.
1258 1067 1368 1101 Loch.
1383 1086 1430 1092 —

1196 1123 1241 1156 V.
1257 1125 1316 1157 91.
1339 1123 1445 1164 Quod.
1476 1121 1545 1155 Ms.
1563 1121 1696 1155 Graev.
1717 1138 1764 1144 —
1787 1131 1877 1163 pau-

1147 1179 1237 1223 per?
1261 1178 1384 1221 vided,
1400 1183 1440 1211 ut
1453 1182 1577 1213 mutat.
1616 1176 1684 1212 Ed.
1698 1175 1812 1209 Bentl.
1837 1186 1879 1208 ex

1150 1237 1358 1279 conjectura,
1383 1245 1454 1267 rem
1475 1234 1585 1278 ipsam
1610 1231 1773 1277 exemplis
1798 1242 1878 1265 eru-

1148 1291 1220 1323 dite
1250 1290 1425 1323 illustrans
1438 1315 1448 1332 ‚
1490 1300 1564 1333 seq.
1596 1287 1745 1322 Wetzel.
1758 1313 1768 1331 ,
1801 1288 1878 1332 prb.

1149 1347 1266 1380 Burm.
1293 1345 1335 1378 ad
1357 1343 1494 1378 Lotich.
1521 1356 1557 1388 p.
1575 1345 1653 1378 605.
1700 1345 1814 1378 Bauer
1835 1342 1880 1376 ad

1151 1404 1270 1436 sanct.
1287 1401 1374 1434 Min.
1391 1401 1440 1433 II.
1458 1412 1492 1445 p.
1510 1400 1590 1434 216.
1637 1401 1739 1434 Both.
1755 1399 1792 1433 in
1807 1399 1879 1432 An-

1151 1463 1276 1492 notatt.
1309 1458 1352 1491 ad
1386 1457 1449 1489 Fe.
1497 1456 1542 1489 V.
1574 1456 1619 1489 D.
1651 1456 1686 1489 in
1717 1455 1879 1489 Heidelb.

1149 1516 1293 1549 Jahrbb.
1313 1514 1411 1548 1823.
1427 1513 1493 1546 Nr.
1509 1513 1566 1546 45.
1583 1524 1618 1556 p.
1635 1512 1727 1556 708„
1749 1511 1810 1544 sed
1827 1511 1878 1544 lo-

1151 1582 1211 1605 cus
1227 1582 1295 1603 non
1310 1569 1442 1612 indiget
1457 1567 1703 1601 emendatione.
1735 1567 1811 1601 ride
1826 1571 1879 1599 et-

1151 1629 1218 1662 iam
1234 1638 1355 1660 novem
1371 1636 1451 1659 mss.
1467 1636 1525 1669 ap.
1543 1623 1702 1657 Oudend.
1720 1623 1764 1657 ad
1780 1624 1880 1656 Suet.

1153 1685 1278 1718 Octav.
1306 1694 1336 1715 c.
1353 1682 1410 1716 68.
1435 1681 1536 1714 ride&
1571 1679 1639 1713 Ms.
1666 1691 1724 1713 un.
1747 1680 1880 1713 Bersm.

1151 1741 1253 1774 Dess.
1273 1741 1304 1773 1.
1336 1737 1435 1782 Lips.
1453 1737 1487 1771 3.
1535 1736 1596 1769 Sic
1621 1737 1719 1770 etiam
1744 1747 1830 1770 unus
1847 1740 1882 1768 et

1152 1797 1239 1830 alter
1255 1807 1311 1839 ap.
1328 1793 1441 1828 Bentl.
1457 1792 1505 1835 (si
1519 1803 1600 1826 suos
1615 1792 1802 1835 intellexit)
1826 1797 1879 1824 at-

1155 1864 1223 1896 que
1247 1863 1290 1885 ex
1314 1850 1464 1894 ejusdem
1488 1848 1662 1882 subtiliori
1691 1848 1792 1892 huJus
1812 1847 1882 1880 loci

1153 1906 1437 1953 interpretatione
1453 1904 1570 1937 Schol.
1583 1904 1703 1948 Cruq.,
1719 1903 1812 1948 quod
1826 1909 1880 1937 ta-

1154 1977 1231 1998 men
1262 1963 1395 1996 dubito.
1426 1960 1495 1993 Ed.
1536 1960 1685 2004 Cuning.
1759 1961 1801 2001 Q.
1841 1970 1879 2003 p.

1154 2018 1271 2052 ridet?
1302 2017 1371 2050 Ed.
1398 2015 1603 2050 Praedicov.
1629 2034 1676 2041 —
1705 2017 1880 2050 cenacula.

1154 2076 1215 2108 Sic
1230 2074 1309 2108 edd.
1326 2072 1434 2105 Loch.
1445 2073 1576 2105 Bersm.
1587 2071 1699 2106 Bentl.
1709 2072 1774 2105 Fe.
1790 2071 1881 2104 Mei-

1155 2130 1234 2163 nek.
1252 2130 1315 2171 al„
1344 2127 1416 2161 def.
1433 2127 1507 2160 Fea
1523 2128 1566 2161 ad
1583 2128 1653 2162 od.
1669 2129 1712 2172 2,
1731 2127 1793 2171 14,
1809 2129 1881 2171 23„

1155 2187 1216 2220 sed
1231 2185 1302 2219 vid.
1314 2186 1437 2218 Bauer.
1455 2184 1498 2217 ad
1508 2184 1625 2218 sanct.
1637 2185 1722 2218 Min.
1738 2185 1768 2218 Ι.
1777 2195 1813 2228 p.
1823 2184 1879 2217 82.

1155 2250 1190 2277 et
1205 2241 1332 2276 Cellar.
1358 2240 1382 2273 l.
1398 2239 1423 2272 l.
1451 2253 1487 2285 p.
1506 2241 1583 2274 210.
1626 2239 1748 2283 Cotem,
1772 2249 1880 2281 caen„

1155 2312 1225 2334 cen.
1237 2300 1482 2332 commutantur
1498 2296 1624 2338 ubique
1637 2295 1674 2328 in
1690 2306 1768 2328 mss.
1780 2300 1814 2329 et
1829 2294 1879 2328 la-

1154 2355 1313 2401 pidibus3
1341 2365 1376 2386 v.
1394 2351 1522 2384 Cellar.
1540 2350 1624 2384 ibid.
1643 2355 1678 2384 et
1694 2350 1803 2384 Orell.
1821 2350 1879 2384 In—

1153 2423 1221 2445 scr.
1239 2421 1291 2443 nr.
1302 2408 1379 2442 686.
1389 2407 1491 2440 4132.
1508 2406 1608 2440 2493.
1625 2406 1880 2449 (cenatorium).

1155 2464 1324 2499 Cinacula
1347 2461 1474 2505 legitur
1497 2462 1532 2494 in
1547 2462 1656 2496 Inscr.
1674 2464 1803 2496 Romae
1823 2473 1879 2495 re—

1153 2526 1263 2567 perta,
1278 2530 1315 2552 v.
1327 2517 1490 2550 Thorlac.
1508 2518 1544 2550 in
1561 2517 1732 2551 Friedem.
1751 2523 1787 2552 et
1795 2519 1880 2551 See-

1152 2577 1235 2611 bod.
1251 2574 1353 2608 Misc.
1370 2572 1462 2606 critt.
1480 2573 1510 2606 Ι.
1527 2585 1562 2617 p.
1580 2573 1665 2614 7393
1698 2576 1883 2608 comacula

1154 2631 1264 2676 (quod
1276 2630 1378 2663 habet
1392 2641 1453 2663 ms.
1472 2628 1569 2674 Lips.
1589 2631 1621 2662 1.
1640 2641 1660 2662 a
1679 2632 1714 2665 2.
1732 2630 1794 2673 m.)
1819 2630 1879 2663 ha·

1155 2690 1216 2722 bes
1232 2699 1288 2732 ap.
1306 2685 1415 2719 Orell.
1431 2696 1483 2718 nr.
1493 2684 1686 2719 4323—24.
1710 2685 1767 2719 cf.
1782 2685 1881 2720 Fest-

1154 2754 1190 2788 p.
1206 2743 1264 2776 42.
1281 2742 1360 2775 378.
1379 2741 1433 2774 ed.
1450 2740 1606 2774 Lindem.

1200 2799 1245 2831 V.
1261 2798 1317 2832 92.
1345 2797 1504 2830 conducit
1528 2797 1690 2842 navigia.
1719 2797 1789 2831 Mn.
1821 2807 1880 2830 un.

1154 2856 1286 2890 Bersm.
1304 2853 1468 2898 (navigia
1484 2853 1586 2886 etiam
1602 2864 1664 2886 ms.
1695 2852 1794 2898 Lips.
1813 2854 1844 2887 1.
1862 2863 1883 2886 a

1157 2912 1189 2946 1.
1206 2910 1270 2954 m.)
1295 2929 1340 2935 —
1371 2914 1406 2944 et
1429 2920 1546 2954 aeque.
1571 2909 1640 2943 Ms.
1664 2908 1763 2942 Gott-
1786 2909 1821 2943 2.
1838 2927 1883 2933 —
