2028 3268
243 279 297 323 29
356 276 730 317 COMMENTARII
760 279 815 317 IN
832 276 1054 317 HORATII
1082 274 1258 314 EPIST.
1280 274 1504 314 SECUND.
1533 277 1634 316 LIB.
1658 277 1692 319 1.
1722 273 1804 315 135

246 393 276 432 l.
298 393 328 430 1.
361 405 403 444 p.
430 388 528 432 254.
561 390 626 430 ed.
659 394 802 434 Venet.
835 391 945 433 1681
970 386 1023 443 *).
1080 390 1215 429 Habes
1240 390 1362 429 etiam
1382 390 1481 428 alios
1503 391 1560 428 M.
1584 390 1707 428 Lollii
1727 403 1805 429 no-

246 474 341 499 men
367 458 603 498 exhibentes
622 467 741 514 typos
762 474 827 514 ap.
848 461 962 499 Grut.
983 473 1026 512 p.
1047 459 1142 508 165,
1165 460 1222 508 3.,
1261 460 1503 512 quibuscum
1530 460 1636 499 conf.
1666 461 1807 497 Mura-

246 540 323 572 tor.
347 533 381 570 I.
406 544 447 583 p-
478 528 575 579 477,
609 531 648 571 1.
677 537 718 568 et
744 529 884 569 Orellii
905 529 1030 565 Inscr.
1062 529 1094 564 I.
1123 542 1163 580 p.
1195 525 1291 577 154,
1325 528 1422 569 589.
1443 549 1502 556 --
1544 528 1731 566 Ceterum
1756 527 1807 565 de

246 601 378 640 Lollio
406 605 520 651 patre
553 599 754 650 imprimis
786 601 969 635 accurate
1004 596 1086 647 egit
1118 597 1282 636 Wetzel
1313 597 1356 633 in
1386 595 1476 634 Iud.
1507 598 1627 635 Nom.
1662 611 1705 649 Ρ.
1735 594 1807 646 48,

246 682 422 723 quoeum
445 667 551 705 conf.
572 667 691 705 Torr.
721 667 815 705 Jan.
847 671 887 703 et
908 663 1108 703 vanderb.
1137 663 1189 702 ad
1208 664 1283 703 od.
1309 663 1349 714 4,
1367 666 1421 714 9.,
1446 666 1558 717 Lips.
1581 672 1620 703 et
1638 667 1806 718 Rupert.

245 737 298 776 ad
318 738 452 776 Tacit.
469 737 577 774 Anu.
601 735 640 784 3,
667 733 751 783 48„
770 731 936 772 Ruhnk.
956 732 1008 771 ad
1031 734 1135 772 Vell.
1157 735 1313 771 Patere.
1332 736 1373 783 2,
1397 735 1466 774 97.
1489 735 1598 783 102.,
1620 736 1806 787 interprr.

246 806 300 845 ad
330 806 496 845 Sueton.
522 806 629 855 Aug.
666 816 700 840 c.
734 804 806 844 23.
838 809 878 839 et
906 802 1046 840 Tiber.
1075 815 1110 839 c.
1142 803 1224 851 12„
1256 802 1307 840 ad
1331 804 1453 841 Dion.
1488 804 1598 841 Cass.
1626 801 1694 853 54,
1723 805 1807 852 20„

247 876 421 915 Salmas.
443 873 495 911 ad
517 873 646 911 Solin.
671 885 705 909 c.
726 871 794 913 53.
816 885 857 924 p.
878 871 995 920 826„
1026 868 1165 910 Schol.
1190 872 1310 924 Cruq.
1330 871 1382 909 ad
1404 872 1534 923 Epist.
1558 872 1596 921 1,
1626 874 1695 921 20,
1725 874 1809 922 28„

245 942 430 983 Freinsh.
453 944 614 993 Fragm.
645 942 734 979 Liv.
771 940 866 988 136,
899 939 1110 988 18—20.‚
1141 938 1288 977 Tzsch.
1326 939 1378 977 ad
1406 942 1574 992 Eutrop.
1593 942 1633 990 7,
1661 943 1728 990 10,
1751 943 1811 982 2.-

246 1012 366 1064 Pigh.
393 1013 423 1050 l.
447 1013 475 1049 l.
505 1011 636 1049 Noris.
666 1011 696 1047 1.
720 1011 750 1047 l.
770 1023 812 1062 p.
830 1009 944 1058 253„
973 1009 1091 1060 Bayl.
1115 1009 1188 1046 ].1.
1210 1022 1250 1060 p.
1275 1007 1370 1050 149.
1392 1023 1444 1047 ss.
1475 1011 1651 1048 Masson.
1674 1011 1748 1046 1.1.
1769 1023 1809 1060 p.

246 1081 345 1122 319.
383 1087 422 1118 et
449 1080 492 1118 C.
529 1081 694 1116 Passov.
724 1079 772 1116 N.
801 1077 907 1125 2633
941 1075 991 1114 de
1021 1077 1154 1114 Lollio
1191 1083 1350 1125 autem,
1383 1090 1505 1129 quem
1532 1077 1599 1115 hic
1634 1078 1812 1128 intelligi

246 1150 455 1197 volumus,
487 1149 707 1187 consularis
732 1147 838 1194 filio,
863 1153 922 1196 et,
951 1147 995 1183 ni
1020 1146 1158 1184 omnia
1185 1158 1251 1182 me
1278 1146 1448 1196 fallunt,
1483 1161 1505 1184 a
1526 1144 1584 1200 **)
1606 1147 1811 1184 Macrobio

249 1215 429 1269 (Saturn.
449 1218 490 1265 2,
521 1217 580 1270 6.)
611 1224 772 1265 notato,
803 1214 886 1253 vid.
907 1221 999 1252 ante
1025 1227 1164 1252 omnes
1185 1216 1361 1253 Masson.
1381 1230 1422 1268 p.
1444 1216 1543 1256 218.
1571 1216 1811 1256 261-266.

247 1283 345 1327 324.
377 1293 417 1324 et
446 1285 660 1325 wieland.
690 1284 742 1323 ad
764 1283 807 1324 h.
829 1285 920 1332 loc„
959 1280 1130 1320 Schmid
1161 1282 1213 1320 ad
1232 1284 1361 1335 Epist.
1389 1285 1454 1325 18.
1474 1298 1514 1335 p.
1534 1283 1632 1324 370.
1656 1284 1812 1321 collatis

249 1368 343 1395 cum
361 1356 433 1404 iis,
465 1367 566 1408 quos
599 1367 721 1406 supra
742 1352 953 1391 nominavi
982 1352 1132 1403 quique
1155 1350 1223 1389 hic
1243 1353 1329 1389 illic
1361 1353 1445 1402 ejus
1471 1355 1723 1391 mentionem
1749 1353 1812 1390 fa-

248 1425 360 1460 ciunt
375 1452 385 1471 ,
418 1425 539 1460 etiam
560 1421 754 1462 Werusd.
784 1421 835 1459 ad
857 1423 971 1459 Poet.
1001 1421 1071 1458 lat.
1088 1423 1187 1458 min.
1211 1423 1281 1461 111.
1302 1435 1343 1473 p.
1377 1420 1487 1470 156„
1517 1434 1609 1462 van.
1633 1422 1812 1459 Ommer.

248 1506 289 1543 Ρ.
325 1492 396 1532 67.
432 1498 470 1529 et
505 1491 723 1543 Hagedorn
759 1492 827 1529 in:
859 1488 1100 1540 „Poetische
1136 1488 1316 1539 Werke,
1356 1491 1501 1527 carlsr.
1543 1491 1666 1530 1775.
1699 1492 1731 1528 Ι.
1773 1503 1814 1541 Ρ.

248 1557 445 1614 51.***)“
502 1561 563 1597 De
584 1561 762 1598 nummis
788 1561 917 1611 gentis
938 1560 1095 1597 Lolliae
1117 1560 1306 1611 exposuit
1327 1556 1485 1595 Eckhel
1504 1559 1552 1596 V.
1571 1573 1612 1610 p.
1631 1559 1728 1599 236.
1752 1572 1812 1612 sq.

248 1629 402 1672 Horrea
424 1630 612 1666 Lolliana
633 1627 758 1666 habes
776 1630 819 1666 in
842 1630 962 1667 inser.
985 1628 1161 1680 quadam
1180 1642 1244 1680 ap.
1269 1629 1319 1666 A.
1336 1629 1381 1664 F.
1401 1628 1570 1664 Gorium
1591 1626 1640 1664 de
1660 1627 1814 1666 Libert.

250 1683 506 1737 Columb‘ario
541 1698 584 1733 in
610 1698 753 1735 Polen.
782 1695 910 1735 Thes.
939 1699 1009 1735 ΙΙΙ.
1040 1711 1080 1750 Ρ.
1118 1697 1217 1738 281.
1275 1697 1336 1734 De
1373 1697 1558 1747 sepulcro
1586 1697 1815 1735 Lolliorum

249 1781 380 1820 nuper
399 1767 573 1805 Salonae
590 1773 747 1818 reperto
768 1765 874 1804 dixit
891 1765 1066 1805 Jahnius
1087 1767 1130 1802 in
1153 1764 1324 1804 Jahrbb.
1350 1765 1474 1805 1829.
1494 1766 1526 1802 I.
1553 1766 1592 1806 2.
1613 1779 1654 1817 Ρ.
1675 1766 1776 1806 236.

364 1837 498 1883 Quum
529 1836 706 1885 Lollius,
736 1836 865 1885 filius,
897 1834 1030 1873 adhuc
1059 1848 1161 1886 puer
1188 1835 1374 1885 Augusto
1406 1833 1508 1870 duce
1538 1841 1676 1871 contra
1708 1834 1816 1871 Can—

250 1904 385 1945 tabros
421 1902 481 1955 (1,
514 1903 579 1953 18,
619 1903 707 1956 55.)
747 1917 783 1941 a.
813 1917 854 1940 u.
885 1904 983 1944 729.
1012 1905 1138 1952 vam,
1167 1915 1247 1955 quo
1284 1904 1368 1953 ejus
1398 1909 1514 1954 pater
1541 1903 1583 1938 in
1613 1902 1815 1939 Galatiam

251 1987 326 2025 pro
354 1980 537 2025 praetore
569 1974 717 2010 missus
741 1979 837 2021 erat,
866 1973 1114 2022 militaverit,
1143 1970 1247 2009 hanc
1266 1971 1494 2024 Epistolam
1524 1984 1560 2008 a.
1590 1971 1688 2011 727.
1714 1973 1815 2009 scri—

253 2048 366 2093 ptam
391 2043 555 2092 opinor,
595 2054 722 2093 quum
744 2042 901 2078 Lollius
930 2042 1037 2078 vitae
1068 2054 1220 2078 annmn
1248 2046 1383 2092 ageret
1413 2038 1619 2076 decimum
1652 2047 1816 2078 sextum

254 2111 322 2148 vel
359 2111 598 2161 septimum,
636 2116 756 2161 atque
786 2111 847 2146 uti
883 2108 936 2148 ad
972 2109 1210 2159 dicendum,
1254 2111 1312 2147 ita
1350 2109 1403 2147 ad
1439 2123 1580 2149 omnes
1616 2109 1816 2146 bonarum

393 2308 431 2354 *)
454 2309 643 2356 Inscriptio
668 2309 757 2344 haec
776 2313 850 2344 est:

346 2378 391 2417 L,
424 2378 688 2413 FABRICIUS
713 2379 758 2414 C.
780 2379 826 2416 F.
859 2378 971 2413 CUR.
994 2378 1126 2413 VIAR.
1149 2377 1445 2414 FACIUNDUM
1468 2380 1737 2416 COERAVIT.
1767 2381 1815 2423 Q.

255 2434 479 2476 LEPIDUS.
527 2437 590 2474 Μ’.
610 2437 655 2471 F.
675 2437 727 2471 M.
751 2436 977 2471 LOLLIUS.
1025 2437 1077 2471 M.
1104 2436 1150 2470 F.
1176 2437 1313 2471 COSS.
1339 2436 1411 2471 EX
1435 2438 1475 2471 S.
1502 2439 1543 2471 C.
1566 2438 1818 2472 PROBAVE-

257 2491 412 2530 RUNT.
459 2494 515 2529 De
539 2495 614 2539 ejus
637 2494 708 2529 fide
728 2494 891 2529 dubitare
914 2495 1056 2529 videtur
1070 2493 1208 2528 Eckhel
1230 2493 1370 2537 (Doctr.
1386 2505 1478 2528 num.
1490 2500 1580 2530 vett.
1595 2496 1640 2530 V.
1666 2496 1816 2542 p.210)‚

259 2550 391 2597 quippe
412 2553 474 2597 qui
497 2553 688 2586 Gruterum
711 2564 748 2598 p.
777 2553 854 2596 160,
878 2552 912 2587 3.
938 2553 1093 2587 affirmet
1118 2563 1162 2586 ex
1186 2551 1318 2585 Smetio
1338 2551 1534 2587 addidisse:
1571 2555 1613 2597 Q.
1642 2553 1815 2598 Lepidus.

262 2607 319 2641 Μ.
346 2608 391 2642 F.
417 2609 475 2644 M.
502 2610 641 2643 Lollius
663 2609 720 2643 M.
748 2610 793 2643 F.
821 2610 917 2643 Coss.
935 2629 1001 2655 —,
1027 2621 1132 2656 quum
1156 2610 1223 2643 hoc
1245 2621 1315 2642 non
1338 2611 1512 2655 repererit
1526 2611 1718 2649 Fabrettus
1737 2617 1816 2646 aut-

261 2670 348 2710 opta
379 2668 529 2704 navus.“
582 2667 630 2701 At
663 2667 735 2701 utri
764 2668 878 2712 major
910 2668 1070 2703 habenda
1102 2667 1150 2702 sit
1181 2667 1282 2711 fides,
1314 2667 1420 2702 facile
1451 2680 1495 2703 ex
1519 2669 1564 2704 iis
1591 2670 1816 2717 dijudicatur,

262 2733 354 2768 quae
376 2723 421 2757 de
446 2723 616 2758 Fabretto
641 2724 731 2758 dixit
753 2725 909 2760 Orellius
935 2727 966 2760 I.
988 2739 1026 2772 p.
1051 2726 1110 2762 35.
1135 2726 1159 2760 l.
1184 2736 1292 2771 supra
1313 2725 1407 2759 laud.

353 2801 410 2846 **)
431 2802 537 2836 Hunc
564 2803 678 2840 locum
708 2816 822 2851 uuper
851 2806 972 2851 tetigit
997 2807 1226 2841 Weichertus
1258 2806 1298 2839 in
1331 2805 1564 2843 Commentat.
1596 2810 1645 2844 ΙΙ.
1679 2810 1724 2844 de
1747 2811 1817 2844 Im-

258 2865 379 2905 perat.
408 2861 508 2896 Caes.
534 2862 696 2907 Augusti
721 2864 863 2909 scriptis
881 2870 947 2898 etc.
971 2877 1011 2910 p.
1035 2866 1095 2900 38.

354 2940 432 2984 ***)
467 2940 562 2981 Quid
592 2948 628 2976 et
661 2954 730 2988 quo
755 2944 832 2978 loco
856 2945 900 2979 de
936 2945 1062 2979 Lolliis
1094 2957 1208 2991 nuper
1241 2944 1372 2980 dixerit
1401 2945 1623 2985 Drumannus
1656 2947 1693 2982 in
1725 2947 1815 2983 libro

262 2997 517 3033 laudatissimo:
549 2999 754 3036 Gesclzichte
776 3003 885 3037 Roms
905 3008 987 3048 etc„
1010 3014 1065 3038 me
1088 3002 1193 3037 hodie
1216 3003 1321 3048 fugit.
