2028 3268
330 254 412 297 144
439 257 803 297 COMMENTARII
831 259 883 294 ΙΝ
912 257 1127 294 HORATII
1145 257 1314 296 EPIST.
1338 259 1552 301 SECUND.
1579 261 1678 301 LIB.
1702 263 1736 301 1.
1789 262 1844 303 38

327 375 468 406 aestus.
500 370 655 407 Lucret.
681 368 719 417 5,
741 365 862 407 1434.
903 366 958 402 Et
975 365 1070 403 belli
1086 380 1253 418 magnos
1270 369 1675 421 commovitfzmditas
1695 378 1838 410 aestus.

327 436 433 486 Virg.
469 436 546 473 Cir.
575 434 671 475 340.
699 434 884 471 sollicitos
911 434 1040 470 animi
1064 433 1305 471 relevaverat
1327 441 1470 473 aestus.
1512 435 1752 475 Claudianus
1774 439 1844 478 IV.

327 503 444 540 cons.
471 504 619 539 Honor.
646 500 742 540 226.
770 500 934 537 incertos
956 501 1083 538 animi
1099 502 1309 551 pacaverit
1332 508 1475 539 aestus.
1506 524 1558 531 ·—-
1597 506 1656 541 Ita
1672 533 1683 552 ,
1715 517 1845 556 quan-

326 581 447 620 quam
462 567 510 605 de
532 580 612 604 una
634 580 675 603 re
697 565 884 616 durante,
912 567 1037 618 Epist.
1060 569 1100 616 2,
1122 570 1162 615 2,
1183 565 1250 608 47.
1313 568 1450 606 Civilis
1474 567 1568 606 belli
1591 577 1735 608 aestus.
1784 571 1844 608 De

325 635 447 672 simili
465 633 686 684 significatu
702 633 812 670 verbi
828 640 1007 672 aestuare
1025 633 1112 671 dixi
1131 632 1181 670 ad
1203 635 1280 684 Ep.
1305 635 1344 683 1,
1367 635 1407 681 1,
1423 635 1491 674 99.

434 700 481 737 V.
511 700 550 738 9.
594 699 777 736 Antenor
799 721 856 728 -—·
883 714 1047 738 causam
1057 728 1075 746 ,
1113 699 1221 753 quod
1256 713 1347 737 cum
1379 699 1570 740 Chabotio
1607 703 1755 740 Graece
1789 705 1846 742 ita

324 766 612 816 interpreteris:
639 759 838 818 Ἀντήνωρ
866 768 1015 819 νομίζει
1039 764 1115 819 τήν
1149 768 1223 806 τοῦ
1250 766 1425 819 πολέμου
1455 764 1644 821 ἀφορμὴν
1671 766 1847 822 ἐκκοπή-

325 835 477 872 σεσθαι.
533 833 697 868 Minime
724 839 856 869 autem
884 847 983 886 opus
1018 841 1100 883 est,
1129 833 1375 871 Infinitivum
1397 835 1626 884 praecidere
1650 849 1721 887 pro
1745 838 1846 874 Par-

322 899 456 949 ticipio
485 899 528 935 in
557 899 631 935 dus
649 901 841 950 positum,
866 903 932 939 vel
961 900 1067 954 quod
1088 901 1301 939 Ascensius
1332 901 1669 954 Doeringiusque,
1697 904 1744 942 V.
1771 903 1844 952 cl„

321 966 482 1014 volunt,
518 966 684 1003 verbum
713 965 850 1004 debere
877 966 1182 1019 intelligendum
1215 966 1367 1017 dicere,
1403 981 1528 1021 quum
1560 967 1626 1007 hic
1655 969 1847 1021 loquendi

319 1045 416 1070 usus
444 1033 576 1083 potius
603 1045 627 1070 a
654 1034 813 1072 Graecis
838 1034 1075 1085 repetendus
1100 1035 1173 1082 sit,
1203 1035 1292 1086 qui,
1323 1041 1369 1072 ut
1397 1037 1600 1074 verissime
1625 1037 1846 1075 observavit

320 1098 463 1136 Heind.
504 1098 556 1136 ad
585 1100 686 1138 Plat.
712 1102 872 1151 Protag.
902 1114 944 1151 p.
972 1098 1068 1141 346.
1102 1100 1306 1152 (laudatus
1336 1115 1360 1139 a
1385 1102 1620 1140 Stallbaum.
1655 1102 1708 1140 ad
1736 1105 1839 1140 Plat.

319 1163 472 1203 Phaed.
496 1179 536 1216 p.
561 1164 674 1217 143.)
707 1167 837 1205 verbis
860 1165 1073 1220 ἡγεῖσθαι,
1101 1167 1282 1217 οἴεσθαι,
1312 1169 1445 1209 δοκεῖν
1467 1170 1635 1222 aliisque
1654 1169 1698 1207 id
1719 1183 1845 1221 genus

318 1233 543 1281 notionem,
571 1244 673 1284 quae
705 1248 727 1271 e
754 1240 889 1272 nostra
916 1232 1080 1286 quidem
1105 1234 1305 1285 cogitandi
1328 1237 1478 1273 ratione
1507 1242 1590 1274 est:
1618 1250 1789 1287 aequum
1811 1251 1845 1276 s.

320 1311 420 1349 opus
441 1299 656 1346 judicare,
691 1301 918 1351 subjiciunt.
975 1301 1043 1338 Sic
1066 1301 1154 1339 Liv.
1180 1299 1248 1350 24,
1274 1303 1344 1351 22,
1364 1303 1406 1344 3.
1467 1302 1514 1339 Si
1538 1302 1702 1340 tutelam
1723 1303 1848 1341 alieni

319 1367 432 1416 regni
457 1379 573 1402 suzim
599 1380 766 1418 regnam
794 1367 890 1405 velit
902 1367 1046 1419 facere
1057 1395 1075 1415 ,
1098 1368 1265 1406 eundem
1290 1382 1331 1406 se
1357 1381 1534 1415 censere,
1563 1369 1688 1407 multo
1713 1372 1848 1408 acrius

319 1432 372 1470 ab
401 1433 697 1471 Andranodoro
709 1462 726 1480 ,
754 1448 877 1485 qaam
906 1434 954 1471 ob
979 1436 1222 1487 Iiieronymo
1254 1436 1378 1486 repeti
1405 1434 1622 1473 libertatem
1631 1449 1651 1483 ,·
1679 1435 1762 1475 vid.
1789 1438 1847 1475 ibi

318 1502 482 1552 Rupert.
511 1503 631 1538 Plura
648 1500 765 1551 hujus
790 1502 847 1538 rei
867 1503 1052 1554 exempla
1072 1502 1186 1540 affert
1206 1500 1407 1540 Drakenb.
1427 1501 1479 1539 ad
1496 1503 1583 1540 Liv.
1607 1503 1647 1551 2,
1669 1502 1709 1551 5,
1734 1504 1772 1544 1.
1792 1524 1844 1532 —-
1867 1510 1870 1511 ’

320 1569 380 1605 lta
409 1569 560 1605 Auctor
574 1569 680 1618 Epit.
708 1567 821 1605 Iliad.
850 1571 969 1607 Hom.
996 1571 1044 1608 V.
1067 1571 1137 1609 23.
1157 1569 1344 1620 reddique
1366 1570 1480 1619 patri
1509 1568 1723 1620 Chryseida
1753 1583 1846 1608 cen-

319 1640 421 1671 sent.
476 1636 568 1672 Vim
591 1635 699 1671 vocis
720 1634 949 1684 praecidere
974 1636 1174 1686 intelliges
1201 1648 1255 1673 ex
1274 1635 1447 1686 eleganti
1465 1637 1554 1674 loco
1573 1635 1678 1687 apud
1695 1637 1775 1676 cic.
1795 1636 1845 1674 de

319 1699 396 1738 Off.
423 1701 460 1748 1,
483 1699 550 1748 33,
576 1701 683 1749 120„
710 1701 779 1738 ubi
800 1702 1017 1750 amicitiae,
1044 1715 1148 1752 quae
1176 1704 1320 1740 sensim
1347 1702 1579 1739 dissmmtur
1587 1729 1604 1748 ,
1635 1716 1846 1754 opponun-

319 1773 383 1804 tur
402 1768 472 1815 iis,
503 1780 605 1817 quae
629 1774 783 1816 repente
803 1769 1105 1817 praeciduntur.
1137 1769 1364 1807 Schmidim
1384 1769 1602 1819 imaginem
1619 1769 1667 1806 ab
1692 1772 1844 1808 ancoris

318 1832 593 1884 praecidendis
622 1832 871 1885 desumptam
899 1842 1004 1872 recte
1037 1837 1238 1886 opinatur,
1266 1835 1310 1871 in
1339 1847 1428 1872 eam
1458 1837 1548 1873 rem*
1570 1835 1738 1875 laudans
1762 1838 1844 1875 cic.

318 1901 428 1939 Verr.
451 1900 488 1948 5,
510 1898 578 1948 34,
598 1900 665 1942 88.
721 1901 787 1939 Ad
803 1914 888 1938 rem
904 1901 986 1939 vid.
1010 1904 1125 1939 Hom.
1147 1900 1261 1940 Iliad.
1282 1902 1323 1949 7,
1344 1901 1428 1942 347
1447 1915 1499 1940 ss.

429 1967 478 2004 V.
501 1966 567 2006 10.
590 1967 655 2006 11.
694 1967 804 2017 Quid
830 1968 982 2005 Paris?
1003 1989 1059 1997 --
1087 1969 1183 2006 litis.
1241 1969 1408 2007 Versum
1433 1967 1539 2006 hunc
1573 1982 1646 2020 per
1679 1981 1722 2006 se
1748 1969 1844 2007 satis

318 2033 486 2084 planum
511 2034 660 2070 mirum
685 2034 727 2070 in
750 2033 918 2072 modum
944 2035 1176 2086 interpretes
1198 2035 1586 2086 interpretationibus
1615 2036 1734 2073 variis
1754 2042 1847 2074 ten-

318 2105 473 2148 tarunt3
503 2111 601 2151 quas
616 2129 626 2148 ,
659 2101 734 2138 etsi
764 2100 1076 2153 haudquaquam
1109 2103 1302 2139 absurdae
1335 2109 1449 2151 suut,
1479 2115 1681 2140 recensere
1708 2109 1747 2140 et
1779 2116 1847 2140 re-

319 2168 449 2205 futare
481 2168 650 2218 longum
679 2175 750 2206 est.
807 2168 898 2207 vid.
928 2169 1069 2207 Lalnb.
1098 2176 1138 2207 et
1162 2170 1258 2206 Dac.
1316 2169 1393 2215 Qui
1422 2168 1528 2206 solus
1564 2175 1744 2218 servant,
1780 2169 1846 2206 vel

319 2246 483 2272 sensum
509 2234 710 2286 quendam
735 2237 973 2274 amatorium
1000 2237 1029 2274 i.
1054 2250 1090 2274 e.
1123 2238 1209 2275 sine
1226 2235 1412 2282 Helena,
1450 2235 1663 2287 significari
1691 2237 1844 2284 volunt,

320 2300 390 2354 (de
415 2313 494 2353 qua
526 2302 710 2339 vocabuli
739 2303 963 2354 significatu
994 2302 1098 2341 dixit
1127 2305 1380 2341 Burmannus
1406 2301 1459 2340 ad
1485 2305 1602 2354 Prop.
1623 2303 1663 2350 2,
1682 2302 1764 2351 ‘7‚1.
1825 2304 1844 2355 )

319 2369 387 2406 vel
409 2367 595 2406 Paridem
619 2368 815 2409 indicasse
847 2371 1079 2422 opinantur,
1108 2371 1143 2408 si
1164 2371 1230 2408 vel
1254 2371 1330 2408 sibi
1351 2370 1427 2408 soli
1449 2382 1615 2420 regumn
1630 2370 1748 2407 Asiae
1772 2368 1846 2407 de-

320 2436 506 2484 ferretur,
534 2449 586 2472 ne
611 2438 684 2474 tali
705 2437 868 2489 quidem
888 2437 1111 2476 conditione
1129 2437 1323 2474 Helenam
1345 2449 1430 2474 esse
1455 2435 1724 2477 dimissurum.
1779 2437 1846 2475 Ex

321 2508 453 2539 mente
484 2509 618 2540 autem
641 2505 841 2542 Torrentii
867 2518 1032 2555 regnare
1059 2502 1124 2540 hic
1156 2515 1238 2540 non
1268 2509 1352 2539 tam
1378 2502 1570 2551 imperare
1600 2508 1680 2550 est,
1724 2514 1846 2554 quam

313 2568 490 2618 feliciter
505 2583 645 2621 agere,
674 2579 718 2610 ut
741 2574 777 2621 1,
801 2573 866 2621 10,
886 2573 927 2612 8.
983 2571 1036 2608 At
1062 2568 1364 2621 supersedemus
1385 2569 1470 2606 istis
1502 2569 1844 2620 explicationibus.

323 2635 534 2684 vulgatam
567 2635 885 2678 distinctionem:
935 2636 1043 2686 Quid
1064 2635 1215 2673 Paris?
1250 2635 1409 2672 sustulit
1442 2636 1666 2686 Bentlejus,
1694 2643 1845 2675 mutato

324 2702 424 2752 qaid
448 2703 491 2739 in
515 2704 645 2754 qaod,
674 2713 717 2744 ut
733 2717 896 2744 sensum
918 2703 1172 2741 constitueret
1194 2700 1324 2738 hunc:
1352 2701 1515 2751 „Quod
1539 2706 1607 2749 (ut
1636 2702 1730 2740 belli
1753 2703 1841 2740 scil.

325 2781 487 2806 causam
499 2772 709 2819 praecidat
730 2770 766 2811 ei
786 2773 980 2811 Helenam
1002 2771 1084 2808 suis
1107 2767 1276 2818 reddat),
1310 2775 1428 2820 negat
1447 2782 1487 2806 se
1500 2781 1618 2819 posse
1636 2770 1720 2808 ulla
1739 2782 1848 2807 mer-

326 2833 421 2871 cede
442 2837 531 2886 cogi
546 2843 613 2873 aut
631 2838 788 2889 induci,
810 2839 929 2877 etiam
944 2844 988 2875 ut
1005 2836 1141 2874 salvus
1161 2843 1295 2887 regnet
1314 2838 1499 2887 vivatque
1518 2835 1652 2873 heatus
1665 2850 1679 2873 .-
1701 2837 1848 2887 quippe

325 2903 411 2953 ipsa
441 2903 520 2939 vita
546 2910 585 2940 et
611 2907 737 2942 salute
774 2908 964 2945 cariorem
993 2904 1100 2942 ducit
1126 2904 1362 2940 Helenam-‘⁴
1418 2905 1653 2955 Quanquam
1677 2903 1846 2953 Bentleji
