2028 3268
415 258 500 302 276

985 261 1367 302 HORATII
1899 267 1926 307 8

487 385 661 442 Quaere
696 383 846 444 fugam
880 386 1035 429 morbi:
1075 386 1140 428 vis
1170 388 1288 428 recte
1316 388 1486 430 vivere:
1523 389 1613 444 quis
1639 387 1758 434 non?

486 462 538 509 Si
567 464 702 505 virtus
738 463 820 505 hoc
853 477 940 506 una
975 465 1116 521 potest
1153 463 1282 523 dare,
1327 463 1447 508 fortis
1479 466 1642 510 omissis

1874 467 1929 509 30

486 541 583 585 Hoc
613 553 710 603 ⁴age
747 539 924 584 deliciis·
993 540 1204 585 Virtutem
1237 542 1370 586 verba
1405 545 1529 600 putas
1561 545 1610 586 ut

421 700 453 741 1,
469 708 501 730 a.
518 697 553 740 7,
570 707 601 729 a.
613 697 650 728 b.
678 695 733 728 Ik.
749 690 784 728 4.
812 695 930 730 Guelf.
949 699 980 731 1.
1004 697 1150 732 Santen.

419 754 517 788 Mon.
552 763 584 785 e.
614 752 637 785 l.
698 750 759 784 Sic
791 751 938 797 scripsit
964 753 1151 787 Buherius.

418 808 467 842 At
500 807 583 841 vide
610 808 676 840 Fe.
705 807 749 839 ad
771 807 846 840 Sat.
883 810 915 852 2,
932 809 967 852 3,
989 810 1067 844 163.
1099 828 1147 834 —

417 868 607 899 tententur.
622 863 691 896 Ms.
706 863 824 896 Guelf.
835 859 869 896 4.
892 865 991 898 Mon.
1004 865 1031 898 s.
1055 865 1151 898 Edd.

418 919 508 954 Min.
528 918 669 952 Maroll.
691 917 840 962 Dorigh.
874 920 1034 954 Ernesti.
1077 926 1153 955 ten-

418 979 528 1009 tatur.
551 974 620 1008 Ms.
638 973 756 1007 Guelf.
775 976 806 1008 1.
836 974 931 1008 Edd.
947 977 1037 1010 Zell.
1065 977 1153 1010 Pas-

420 1041 498 1064 sov.
538 1030 744 1064 retinentur.
783 1030 852 1063 Ms.
873 1031 972 1065 Mon.
994 1044 1026 1065 e.
1069 1037 1154 1067 tem-

418 1089 578 1128 ptamur.
635 1084 736 1118 Hanc
768 1086 1056 1131 orthographiam
1079 1098 1154 1120 ser-

418 1145 506 1174 vant
534 1152 616 1174 mss,
650 1141 770 1174 Guelf.
800 1153 890 1175 omn.
921 1144 1026 1177 Gott.
1062 1144 1095 1176 1.
1121 1144 1153 1178 2.

419 1197 525 1231 Dese.
543 1198 575 1230 1.
598 1197 631 1231 2.
661 1197 771 1230 Goth.
787 1197 890 1242 Lips.
912 1210 1001 1232 omn.
1019 1200 1154 1232 Graev.

421 1255 476 1295 et,
505 1251 574 1285 nisi
602 1251 727 1296 fallor,
759 1253 954 1298 complures
985 1254 1052 1297 81.,
1083 1265 1158 1288 ser-

419 1311 507 1342 vant
522 1308 603 1342 edd.
620 1308 708 1341 ven.
728 1305 808 1343 479.
829 1311 886 1343 81.
903 1310 960 1344 83.
975 1312 1032 1345 86.
1057 1310 1156 1344 Flor.

419 1361 502 1399 482.
561 1364 617 1397 Cf.
638 1364 743 1397 Hess.
774 1365 819 1398 ad
841 1365 930 1399 Tac.
953 1367 1074 1400 Germ.
1098 1362 1157 1408 34,

419 1421 455 1454 9.
485 1423 522 1453 et
557 1419 599 1453 C.
619 1419 786 1453 Schneid.
828 1421 991 1456 Elemtrl.
1020 1434 1056 1467 p.
1076 1418 1158 1456 469.

419 1475 523 1510 Hunc
543 1485 683 1509 versum
702 1487 768 1520 pro
789 1488 858 1509 non
878 1477 1030 1522 genuino
1050 1478 1160 1511 habet

421 1534 527 1576 atque
544 1543 588 1564 ex
605 1531 681 1564 Sat.
707 1533 740 1574 2,
756 1532 791 1575 3,
809 1532 887 1566 163.
927 1533 1061 1567 illatum
1082 1533 1159 1577 opi-

421 1590 525 1621 natur
549 1588 590 1620 C.
608 1587 888 1622 F.Hermannus
915 1589 951 1623 in
976 1589 1157 1634 Disputat.

421 1643 466 1677 de
485 1642 563 1676 loco
586 1643 663 1675 Sat.
686 1643 718 1685 1,
734 1643 767 1686 6,
785 1639 944 1678 74—76.
973 1644 1158 1688 Marburg.

421 1697 524 1732 1838.
539 1709 576 1742 p.
590 1695 659 1740 15„
682 1697 746 1730 sed
765 1698 848 1732 vide
866 1699 970 1732 Jahn.
985 1699 1022 1733 in
1037 1701 1156 1734 NJbb.

421 1753 524 1788 1839.
546 1753 697 1786 XXVII.
726 1748 762 1786 4.
799 1750 915 1797 Ρ.442
932 1766 1011 1799 sqq.
1057 1755 1159 1795 Quae

420 1808 515 1843 ratio
543 1808 591 1841 sit
605 1819 769 1841 versuum
785 1809 835 1842 sic
854 1811 1090 1854 repetitorum
1106 1811 1160 1844 di-

421 1867 552 1899 xerunt
586 1863 706 1907 multi,
748 1868 788 1897 ut
821 1865 1042 1900 Hermannus
1079 1866 1160 1911 ipse

420 1931 458 1966 Ρ.
481 1919 537 1953 13.
577 1919 727 1964 Forbig.
754 1920 797 1953 ad
820 1920 924 1965 Virg.
945 1922 1022 1955 Ecl.
1045 1921 1078 1964 5,
1100 1922 1158 1956 37.

420 1975 636 2009 Firnhaber.
663 1975 701 2007 in
724 1975 920 2010 Zimmerm.
948 1977 1161 2010 Zeitschrift

422 2035 491 2065 etc.
515 2027 617 2064 1840.
633 2042 668 2074 Ρ.
684 2029 762 2064 158.
781 2037 818 2064 et
832 2043 897 2065 nos
915 2032 986 2076 ipsi
1005 2033 1050 2066 ad
1070 2035 1102 2076 1,
1126 2034 1159 2076 1,

420 2086 478 2121 56.
510 2098 546 2130 p.
561 2085 619 2119 73.
665 2086 777 2126 Quum
798 2099 842 2120 ne
857 2098 944 2121 unus
961 2089 1100 2133 quidem
1117 2100 1161 2122 ex

421 2141 589 2176 versibus
604 2141 648 2174 ab
664 2142 817 2176 Horatio
839 2143 890 2177 sic
905 2145 1074 2188 repetitis
1094 2144 1160 2178 fal-

423 2210 482 2233 sus
513 2198 581 2240 sit,
624 2207 685 2230 cur
710 2198 801 2231 hunc
830 2199 1018 2245 repudies,
1060 2211 1161 2246 quem

423 2252 603 2289 sententia
620 2253 700 2297 ipsa
715 2258 836 2287 tuetur
846 2255 866 2289 ’ἒ

478 2309 524 2343 V.
541 2309 597 2344 29.
618 2309 676 2343 30.
706 2311 938 2355 Quaerofug.
951 2309 1071 2343 morbi.
1091 2310 1162 2344 Ed.

421 2364 587 2399 Praedic.
619 2383 668 2390 —
698 2366 837 2410 morbo,
870 2366 934 2399 sed
963 2377 1055 2399 corr.
1081 2365 1118 2399 in
1139 2365 1163 2398 ἰ.

421 2421 493 2455 MS.
515 2421 625 2454 Goth.
658 2439 705 2444 -—
739 2421 858 2454 morbi.
896 2421 952 2455 Vis
979 2434 1010 2454 r.
1029 2421 1164 2454 vivere?

423 2477 485 2510 Sic
499 2476 647 2520 disting.
664 2475 746 2509 edd.
760 2476 857 2519 vulg.
888 2477 1061 2510 Punctum
1080 2481 1164 2520 post

422 2532 534 2566 morbi
552 2532 706 2577 positum
728 2543 772 2565 ex
795 2532 908 2565 totius
929 2532 1000 2566 loci
1019 2536 1161 2566 senten-

423 2587 475 2622 tia
495 2593 594 2621 recte
614 2588 791 2632 improbat
805 2588 967 2622 Bothius.
1009 2588 1059 2621 Et
1075 2587 1164 2622 illud

424 2647 462 2676 et
492 2643 628 2687 signum
656 2643 905 2686 interrogandi
936 2648 1021 2688 post
1051 2643 1163 2676 vivere

425 2699 643 2733 sustulerunt
670 2699 752 2733 edd.
782 2700 886 2733 Jahn.
919 2700 1035 2734 Schm.
1057 2699 1160 2732 Pass-

423 2754 578 2788 Braunh.
598 2755 754 2788 Meinek.
779 2755 891 2788 Orell.
934 2755 989 2789 De
1005 2756 1070 2788 hac
1086 2754 1163 2799 qui-

425 2809 505 2843 dem
533 2810 775 2854 distinguendi
803 2811 945 2844 ratione
965 2810 1040 2845 dixi
1063 2810 1107 2844 ad
1129 2811 1162 2852 1,

426 2866 460 2909 1,
480 2866 537 2900 87.
556 2866 662 2910 Ρ.92.
707 2866 769 2899 Sic
783 2877 818 2899 v.
838 2866 897 2900 31.
915 2871 1032 2911 putas,
1053 2877 1088 2899 v.
1105 2865 1161 2900 56.

426 2921 516 2957 lucet
541 2920 566 2955 i.
595 2933 627 2955 e.
649 2921 679 2955 si
703 2922 820 2966 lucet,
851 2925 891 2956 ut
911 2926 1055 2967 praeter
1075 2921 1163 2956 alios

1196 701 1296 732 recte
1325 697 1583 744 interpretatur
1614 699 1862 734 Doederlinius
1893 700 1930 734 in

1198 756 1287 799 Syn.
1308 755 1352 788 V.
1373 766 1409 799 p.
1434 755 1512 790 297.
1570 755 1627 789 cf.
1649 755 1802 790 Schmid.
1826 756 1871 790 ad
1895 756 1930 789 h.

1196 810 1220 843 1.
1242 811 1371 854 Wagn.
1391 814 1427 843 et
1442 811 1592 855 Forbig.
1613 811 1659 845 ad
1673 811 1774 856 Virg.
1789 811 1879 846 Aen.
1897 813 1931 855 1,

1197 865 1278 900 572.
1317 866 1362 899 Ε.
1381 867 1451 900 Gu.
1471 867 1617 900 Weber.
1644 867 1689 900 ad
1713 867 1793 902 Juv.
1817 868 1852 911 8,
1875 863 1933 902 24.

1199 941 1247 946 —
1288 922 1331 955 V.
1357 921 1415 956 30.
1455 922 1518 955 hoc
1546 934 1632 956 una.
1672 923 1762 957 Mss.
1787 927 1824 956 et
1851 921 1933 956 edd.

1197 977 1294 1021 vulg.
1324 977 1398 1010 vid.
1429 977 1558 1011 Muret.
1590 978 1686 1023 Opp.
1711 979 1760 1012 II.
1790 990 1828 1024 p.
1852 977 1933 1012 963.

1198 1034 1261 1067 hoc
1275 1033 1362 1066 sola.
1386 1033 1615 1067 Ms.Santen.
1639 1035 1818 1068 haecuna.
1837 1033 1933 1068 Edd.

1199 1087 1279 1122 Ald.
1304 1087 1383 1122 501.
1410 1089 1466 1122 19.
1510 1090 1609 1123 Junt.
1639 1086 1720 1123 514.
1747 1090 1803 1125 19.
1849 1089 1933 1123 Bas.

1200 1142 1280 1177 531.
1296 1140 1354 1177 43.
1371 1142 1427 1178 55.
1448 1145 1506 1178 80.
1536 1145 1661 1178 Colon.
1683 1141 1765 1179 541.
1805 1145 1934 1178 Irenic.

1201 1199 1281 1234 567.
1310 1200 1420 1233 Fabr.
1441 1198 1520 1234 578.
1549 1200 1660 1234 Pulm.
1677 1199 1758 1236 581.
1796 1200 1934 1235 Biedm.

1202 1253 1281 1289 599.
1329 1255 1459 1288 Zurck.
1489 1256 1570 1291 696.
1623 1274 1670 1281 -
1729 1267 1804 1291 una
1833 1255 1937 1302 potis.

1203 1310 1307 1353 Conj.
1334 1311 1486 1354 Cuning.

1258 1365 1303 1399 V.
1320 1366 1378 1400 31.
1416 1365 1547 1400 delitiis.
1591 1365 1653 1399 Sic
1668 1366 1772 1400 Gott.
1801 1366 1819 1399 1
1848 1364 1888 1409 (a
1902 1366 1937 1401 2.

1202 1421 1267 1465 m.)
1283 1426 1320 1454 et
1335 1423 1367 1457 2.
1396 1421 1538 1456 delictis.
1565 1422 1636 1456 Ms.
1651 1421 1749 1455 Mon.
1763 1422 1800 1456 b.
1822 1425 1860 1454 et
1873 1431 1938 1454 ms.

1203 1477 1383 1522 Porphyr.
1400 1477 1498 1511 Mon.
1524 1477 1563 1510 in
1593 1477 1764 1511 lemmate.
1803 1471 1939 1511 delitus.

1205 1532 1267 1566 Sic
1294 1545 1358 1568 ms.
1385 1534 1439 1566 Ik.
1455 1533 1489 1567 6.
1518 1533 1655 1567 diviciis.
1683 1532 1754 1567 Ms.
1780 1532 1880 1566 Mon.
1905 1543 1936 1566 c.

1204 1588 1399 1630 deliquitus.
1438 1588 1508 1621 Ed.
1533 1588 1648 1632 princ.
1670 1599 1728 1632 ap.
1753 1589 1878 1630 Gesn„
1898 1591 1940 1621 ut

1203 1644 1234 1677 is
1265 1644 1417 1686 deliquiis
1441 1643 1602 1688 primitus
1626 1643 1737 1677 fuisse
1758 1643 1937 1688 opinetur.

1205 1718 1254 1723 —
1292 1699 1454 1733 Virtutes.
1482 1699 1551 1732 Ms.
1577 1700 1724 1733 Senten.
1755 1718 1803 1724 —
1834 1703 1940 1744 putas

1203 1759 1252 1788 ut.
1282 1753 1371 1787 Mss.
1391 1754 1515 1787 Lamb.
1534 1759 1706 1799 quatenus
1718 1758 1828 1798 tacet,
1850 1754 1938 1799 alqt.

1204 1810 1313 1853 Cruq.
1326 1809 1437 1843 Pulm.
1449 1811 1482 1844 7.
1497 1812 1553 1844 10.
1566 1811 1701 1844 Bersm.
1718 1814 1806 1844 tres.
1818 1809 1939 1843 Bentl.

1203 1865 1460 1907 recentissimi,
1490 1870 1530 1899 ut
1555 1866 1628 1910 ait,
1658 1866 1738 1900 Val.
1765 1865 1938 1910 complur-

1205 1921 1329 1954 Comb.
1346 1921 1389 1954 B.
1422 1921 1546 1954 Oberl.
1568 1923 1610 1955 C.
1634 1922 1680 1955 D.
1701 1921 1870 1966 complut.
1899 1923 1941 1954 ut

1203 1976 1373 2009 videntur
1396 1987 1453 2020 ap.
1479 1977 1545 2010 Fe.
1573 1981 1610 2010 et
1635 1977 1743 2011 Talb.
1760 1977 1875 2011 Orell.
1901 1976 1940 2010 b.

1206 2031 1289 2074 (sed
1308 2042 1466 2076 supersc.
1483 2034 1533 2076 et)
1565 2033 1604 2066 S.
1626 2033 1690 2066 sed
1710 2033 1748 2067 in
1765 2031 1941 2067 versiculo

1205 2087 1284 2132 ipso
1309 2087 1442 2131 legitur
1466 2093 1510 2121 et.
1552 2088 1672 2122 Guelf.
1699 2090 1732 2123 1.
1760 2090 1793 2124 2.
1829 2087 1941 2122 Goth.

1206 2143 1308 2187 Lips.
1329 2145 1362 2178 2.
1379 2144 1462 2187 (sed
1479 2143 1571 2177 idem
1591 2144 1694 2178 etiam
1709 2150 1743 2179 et
1759 2144 1885 2188 habet)
1905 2142 1942 2177 3.

1206 2198 1326 2232 Berol.
1344 2199 1378 2232 1.
1399 2200 1439 2243 (a
1458 2201 1490 2234 2.
1507 2200 1570 2243 ιιι.)
1587 2202 1620 2235 2.
1649 2201 1798 2234 Santen.
1836 2200 1941 2232 Gott.

1207 2256 1241 2289 2.
1269 2255 1382 2288 Dorv.
1401 2256 1433 2289 1.
1456 2257 1488 2290 2.
1529 2255 1674 2290 Corbei.
1695 2255 1774 2290 cod.
1793 2254 1942 2289 Mentel.

1208 2310 1307 2344 Mon.
1324 2321 1356 2344 e.
1372 2311 1396 2344 l.
1413 2311 1507 2355 (cum
1522 2310 1570 2355 gl.
1585 2311 1691 2354 sicut)
1705 2323 1750 2345 m.
1778 2310 1943 2344 Rudolst.

1210 2365 1272 2399 Sic
1295 2365 1414 2400 Acron
1430 2377 1569 2411 quoque
1594 2366 1725 2411 legisse
1739 2366 1882 2400 videtur
1898 2365 1944 2399 ad

1208 2421 1351 2455 lemma:
1389 2427 1512 2466 patae,
1543 2433 1613 2455 non
1631 2422 1736 2466 item,
1768 2422 1799 2456 si
1827 2421 1943 2466 respi-

1209 2477 1349 2510 ciuntur
1374 2488 1462 2521 quae
1488 2476 1580 2510 dixit
1604 2482 1709 2512 antea
1731 2478 1778 2511 ad
1799 2477 1942 2511 lemma:

1207 2533 1315 2566 morb.
1338 2537 1425 2566 tent.
1448 2538 1539 2566 acut-
1598 2533 1647 2567 At
1681 2534 1795 2568 omnia
1817 2533 1855 2567 in
1877 2534 1944 2568 hoc

1209 2587 1409 2621 Scholiasta
1423 2589 1568 2622 confusa
1583 2593 1676 2623 sunt.
1705 2589 1849 2624 Etenim
1862 2599 1945 2633 per-

1207 2643 1324 2676 tinent
1345 2644 1389 2677 ad
1404 2644 1541 2677 lemma:
1577 2645 1756 2689 Virtutem,
1786 2656 1874 2690 quae
1890 2644 1944 2678 di-

1208 2698 1258 2732 cit
1280 2699 1325 2732 ad
1350 2699 1491 2733 lemma:
1531 2699 1647 2735 Morb.
1677 2705 1763 2736 tent.
1783 2705 1876 2734 aeut.
1907 2703 1944 2732 et

1209 2758 1344 2788 contra.
1402 2755 1472 2789 Ed.
1501 2755 1614 2800 princ.
1636 2768 1694 2801 ap.
1711 2756 1834 2790 Comb.
1861 2755 1942 2789 edd.

1210 2814 1299 2843 vett.
1318 2822 1375 2855 ap.
1392 2811 1512 2845 Maitt.
1533 2807 1632 2854 (474.
1649 2811 1726 2855 76.)
1756 2811 1846 2845 Ven.
1860 2807 1942 2845 479.

1209 2867 1266 2900 81.
1291 2867 1348 2900 83.
1374 2867 1429 2901 86.
1447 2868 1504 2902 92.
1525 2866 1603 2901 520.
1624 2866 1704 2902 559.
1745 2866 1844 2900 Flor.
1858 2863 1940 2902 482.

1208 2920 1309 2967 Lips.
1337 2919 1419 2958 492.
1446 2923 1503 2958 98.
1533 2921 1612 2958 516.
1663 2921 1742 2957 Ald.
1771 2920 1851 2958 501.
1882 2923 1938 2956 19.
