2054 3268
345 244 371 284 2
915 249 1298 288 HORATII

413 359 510 403 Non
529 359 678 403 eadem
698 364 765 403 est
787 366 922 419 aetas,
958 375 1041 406 non
1060 377 1192 406 mens-

1262 361 1468 417 Vejanius
1488 365 1615 408 armis

414 437 609 482 Herculis
638 437 691 480 ad
716 443 880 496 postem
907 438 1000 482 fixis
1028 441 1133 484 latet
1159 440 1321 484 abditus
1349 455 1475 500 agro,
1832 445 1858 485 5

414 516 480 559 Ne
507 516 703 574 populum
729 520 920 559 extrema
948 519 1075 561 toties
1106 523 1257 562 exoret
1282 532 1426 562 arena.

413 594 495 638 Est
523 594 622 636 mihi
653 598 877 654 purgatam
903 597 1048 639 crebro
1080 597 1145 653 qui
1176 601 1375 654 personet
1405 611 1572 640 aurem:

414 671 586 722 „Solve
607 679 922 716 senescentem
943 679 1134 718 mature
1160 688 1307 717 scmus
1329 690 1494 733 equum
1508 707 1520 726 ,
1554 689 1612 718 ue

415 749 589 793 Peeeel
624 750 694 792 ad
724 756 986 795 extremum
1013 752 1247 796 ridendus
1275 758 1319 795 el·
1347 754 1433 797 ilia
1461 753 1676 797 duonum

414 827 535 871 Nune
564 829 702 886 itaque
730 834 772 873 et
797 844 947 873 versus
973 835 1016 874 et
1046 837 1188 874 cetera
1211 831 1373 874 ludicra
1402 845 1538 889 p0n03

349 988 417 1022 Od.
452 988 494 1031 4,
537 990 574 1031 1,
609 990 643 1023 2.
710 989 799 1022 Vide
830 989 922 1023 infra
954 991 1078 1024 similia

348 1045 629 1089 interrogationis
661 1047 825 1091 exempla.
882 1047 980 1080 ludo:
1017 1048 1078 1080 Sic

348 1102 403 1135 ed.
429 1102 572 1134 Passov.

392 1158 438 1190 V.
461 1158 496 1191 4.
543 1156 619 1190 Non
634 1162 732 1190 aetas
749 1158 878 1200 eadem,
895 1170 960 1192 non
972 1170 1075 1193 mens.

348 1215 416 1247 Ms.
444 1226 501 1247 un.
528 1214 660 1247 Bersm.
686 1213 787 1246 Dess.
815 1215 850 1247 3.
876 1216 946 1248 Ed.
971 1215 1077 1248 Both.

350 1271 451 1310 Quod
475 1271 516 1303 B.
554 1270 705 1303 ordinem
738 1270 833 1313 vulg.
869 1272 979 1305 minus
1006 1272 1076 1305 ele-

348 1333 483 1370 gantem
507 1327 608 1369 dicit,
645 1325 680 1358 in
717 1337 835 1359 errore
858 1333 923 1360 est.
969 1328 1076 1361 Prae-

350 1381 442 1414 valet
464 1381 552 1414 enim
579 1382 788 1426 pronominis
814 1383 881 1416 vis.
912 1384 1078 1417 Similiter

350 1438 481 1470 erravit
507 1438 547 1470 V.
575 1438 608 1470 d.
634 1437 670 1470 in
694 1450 729 1472 v.
759 1439 812 1472 10.
860 1440 942 1473 Vid.
960 1447 1078 1474 annot.

351 1493 394 1526 ad
418 1506 453 1526 v.
479 1495 534 1527 81.
563 1494 679 1527 eadem
696 1499 791 1528 aetas
809 1501 870 1529 est.
898 1496 966 1529 Ms.
984 1497 1080 1530 Feae

350 1549 391 1590 5,
418 1561 450 1581 e.
477 1569 521 1573 —
553 1550 749 1584 l'ehianins.
797 1551 865 1585 Ms.
893 1563 949 1596 ap.
972 1553 1078 1588 Torr.

352 1605 442 1637 Edd.
472 1606 557 1638 Ven.
585 1604 665 1639 483.
686 1606 742 1638 86.
770 1606 867 1640 Flor.
893 1609 974 1642 482.
1015 1610 1080 1644 Ve-

351 1663 475 1695 hauns.
540 1662 607 1694 Ed.
645 1662 730 1694 ven.
764 1662 845 1696 481.
882 1670 921 1697 ut
946 1666 1078 1708 junius.

353 1718 420 1750 ΜΞ.
449 1718 568 1750 Guelf.
592 1718 625 1751 3.
664 1718 837 1752 resanius.
870 1720 937 1754 Ms.
962 1722 997 1755 4.
1022 1734 1080 1766 ap.

351 1774 471 1807 Jaeck.
523 1774 696 1816 Vejam’us.
744 1774 836 1814 Edd.
875 1777 964 1810 Ven.
1001 1777 1080 1812 479.

355 1829 451 1874 Lips.
475 1829 555 1864 492.
591 1830 699 1863 Loch.
731 1832 776 1864 al.
814 1832 885 1865 vid.
914 1833 1021 1867 Torr.
1047 1840 1082 1867 et

352 1887 444 1919 infra
462 1887 651 1919 Comment.
668 1906 712 1911 —
729 1889 840 1922 annis.
860 1889 951 1923 Edd.
968 1890 1080 1924 Fabr.

352 1943 432 1977 578.
456 1943 564 1976 Pulm.
590 1943 674 1983 5813
698 1946 870 1988 mendose,
896 1956 1004 1989 quare
1026 1945 1080 1979 di-

351 1999 459 2042 gitum
483 1999 626 2034 intendo
652 2000 695 2033 ad
719 2001 794 2035 Sat.
822 2003 854 2044 1,
882 2004 913 2045 1,
937 2002 973 2037 4.

398 2069 443 2103 V.
468 2070 504 2104 5.
551 2070 599 2103 ad
617 2076 740 2115 postes.
788 2073 858 2106 Ms.
881 2073 976 2107 Feae
997 2073 1031 2117 5,
1047 2085 1080 2107 a.

351 2126 438 2159 Bad.
466 2127 499 2160 1.
531 2131 627 2171 poste
657 2128 758 2161 Dess.
791 2131 823 2163 1.
853 2148 898 2154 —
930 2130 1086 2164 additus.

352 2210 420 2244 Ms.
449 2210 544 2244 Feae
571 2211 603 2253 1,
629 2223 662 2244 o.
700 2189 818 2267 aditi-2.
843 2213 951 2247 Goth.
969 2213 1087 2247 Verba

352 2277 434 2311 abd.
463 2283 500 2310 et
521 2279 649 2312 addere
679 2280 807 2324 ubique
837 2285 1084 2325 permutantur,

354 2345 389 2366 v.
410 2333 525 2366 Bentl.
551 2335 728 2369 Vanderb.
760 2342 795 2370 et
815 2337 921 2370 Feam
945 2337 989 2370 ad
1013 2337 1083 2371 Od.

354 2389 386 2431 3,
410 2389 443 2430 4,
469 2389 526 2423 38.
552 2391 629 2432 (ubi
646 2391 820 2426 Vanderb.
843 2393 1000 2437 recipere
1015 2405 1084 2426 non

354 2446 502 2478 debebat
532 2447 694 2492 addidit)
727 2449 835 2483 Drak.
870 2450 915 2483 ad
946 2450 1026 2483 Liv.
1051 2451 1084 2494 2,

354 2501 419 2542 45,
445 2503 480 2535 7.
514 2502 652 2538 Rulmk.
690 2512 725 2539 et
758 2506 867 2540 Orell.
895 2505 938 2540 ad
961 2506 1085 2550 Vellej.

355 2557 388 2598 2,
416 2558 491 2599 110,
517 2559 551 2592 3.
582 2560 689 2594 Bach.
715 2563 758 2596 ad
784 2562 869 2596 Tib.
897 2564 936 2605 1,
958 2564 1000 2606 2,
1026 2564 1084 2597 22.

357 2613 488 2646 Verba:
534 2615 693 2658 Vejanius
730 2620 837 2654 armis
874 2620 922 2652 ad
956 2624 1087 2664 postem

347 2670 433 2712 fixis
462 2669 580 2703 laudat
603 2672 706 2707 Serv.
742 2675 785 2708 ad
812 2675 913 2720 Virg.
939 2675 1026 2710 Aen.
1055 2676 1086 2719 1,

356 2725 436 2759 248.

404 2782 446 2814 V.
472 2782 507 2815 6.
552 2783 686 2817 totiens.
735 2786 820 2820 Mss.
850 2787 969 2821 Guelf.
994 2799 1086 2821 omn.

357 2837 458 2871 hess.
490 2840 522 2872 l.
545 2840 580 2872 2.
605 2841 639 2873 3.
666 2842 774 2875 Goth.
800 2845 901 2877 Gott.
929 2847 961 2878 1.
986 2845 1086 2889 Lips.

362 2897 392 2927 1.
428 2896 462 2928 2.
494 2896 528 2928 3.
578 2896 709 2929 Graev.
745 2898 838 2933 Edd.
875 2901 971 2934 Flor.
1006 2901 1086 2936 482.

1809 834 1861 874 10

1134 992 1221 1024 Ven.
1255 992 1334 1026 479.
1371 993 1427 1026 81.
1459 992 1515 1026 83.
1551 993 1608 1026 86.
1655 992 1752 1037 Lips.
1780 993 1859 1028 492.

1132 1048 1240 1080 Loch.
1267 1048 1312 1080 al.
1361 1049 1421 1081 Sic
1454 1049 1583 1092 ubique
1616 1049 1791 1093 Bentlejus
1827 1057 1862 1083 et

1133 1104 1330 1146 Oberlinus,
1344 1105 1492 1138 fortasse
1506 1105 1652 1146 rectius3
1669 1118 1702 1139 v.
1715 1106 1860 1140 Schnei-

1131 1159 1204 1191 der.
1241 1159 1265 1191 l.
1296 1159 1319 1192 l.
1356 1172 1391 1204 p.
1426 1160 1504 1194 459.
1552 1162 1690 1206 Zumpt.
1718 1163 1760 1195 ad
1785 1164 1860 1196 Cic.

1132 1215 1250 1247 Divin.
1275 1215 1310 1248 in
1336 1216 1464 1248 Caecil.
1489 1229 1520 1251 c.
1547 1218 1601 1251 14.
1629 1219 1801 1252 Boettich.
1819 1219 1863 1252 de

1133 1271 1197 1304 vit.
1232 1271 1349 1305 Tacit.
1384 1284 1419 1315 p.
1456 1273 1513 1306 70.
1573 1274 1743 1308 Usitatam
1775 1276 1862 1309 scri-

1132 1326 1236 1359 bendi
1272 1327 1438 1360 rationem
1474 1329 1619 1371 retinui,
1656 1331 1748 1374 quod
1781 1343 1861 1365 mss-

1132 1382 1315 1415 Horatiani
1349 1394 1391 1415 ex
1427 1384 1491 1417 hac
1516 1386 1651 1429 quidem
1677 1393 1776 1431 parte
1801 1400 1862 1432 pa-

1133 1450 1207 1472 rum
1239 1446 1398 1472 accurate
1435 1442 1571 1475 excussi
1604 1443 1779 1478 videntur.
1818 1464 1864 1470 —

1133 1501 1282 1529 exornet.
1338 1497 1423 1529 Mss.
1451 1497 1542 1541 pqu.
1568 1509 1625 1542 ap.
1650 1499 1770 1533 Lamb.
1796 1501 1867 1534 dno

1134 1552 1256 1585 Bland.
1282 1563 1337 1597 ap.
1366 1553 1473 1596 Cruq.
1499 1553 1604 1596 (alter
1626 1567 1689 1598 per
1711 1556 1865 1599 lituram)

1138 1610 1243 1651 Feae,
1270 1611 1300 1650 1,
1325 1620 1357 1641 a.
1384 1610 1422 1651 (a
1446 1610 1480 1642 2.
1507 1611 1571 1652 m.)
1593 1611 1626 1652 2,
1654 1623 1684 1644 c.
1711 1612 1746 1645 d.
1773 1612 1805 1654 5,
1831 1624 1864 1645 a.

1137 1666 1174 1706 (a
1201 1666 1232 1698 1.
1261 1666 1323 1703 m.)
1360 1665 1436 1697 cod.
1463 1665 1605 1699 Mentei.
1633 1678 1695 1700 ms.
1722 1668 1865 1701 Corvei.

1138 1731 1195 1753 un.
1215 1720 1346 1756 Barthii
1371 1721 1478 1763 (Adv.
1502 1722 1557 1764 37,
1586 1724 1646 1766 19)
1673 1735 1746 1757 cum
1771 1725 1865 1768 glos-

1137 1783 1281 1810 semate:
1327 1788 1446 1810 aurum
1477 1777 1563 1812 dicit
1593 1780 1684 1823 quod
1719 1781 1867 1826 populus

1138 1834 1263 1867 victori
1289 1835 1450 1878 postulat,
1479 1835 1569 1867 unde
1582 1835 1772 1870 Juvenalis.
1798 1837 1866 1870 Ac-

1137 1890 1215 1934 cipe
1248 1890 1373 1922 victori
1407 1891 1555 1935 populns
1587 1893 1678 1935 quod
1717 1894 1869 1938 postulat

1138 1957 1255 1978 aurum
1280 1965 1326 1970 —
1351 1951 1438 1989 etc.‚
1467 1949 1567 1992 prob.
1592 1949 1708 1981 Simeo
1730 1949 1868 1992 Bosius,

1137 2008 1228 2036 teste
1264 2001 1443 2036 Lambino.
1483 2022 1530 2028 —
1569 2004 1712 2038 harena.
1782 2006 1868 2040 Mes.

1138 2059 1239 2091 Dess.
1267 2070 1356 2092 omn.
1383 2059 1490 2092 Goth.
1520 2060 1619 2093 Gott.
1645 2062 1680 2095 2.
1707 2060 1806 2106 Lips.
1832 2062 1868 2096 3.

1143 2115 1263 2148 Guelf.
1297 2117 1332 2150 2.
1367 2116 1402 2149 3.
1450 2116 1542 2150 Edd.
1579 2117 1668 2150 Ven.
1703 2118 1785 2152 479.
1810 2120 1868 2153 81.

1141 2173 1198 2206 83.
1225 2172 1282 2206 86.
1308 2172 1406 2205 Flor.
1433 2171 1514 2206 482.
1542 2173 1639 2219 Lips.
1655 2173 1735 2208 492.
1758 2173 1867 2208 Loch.

1141 2228 1186 2262 al.
1211 2233 1298 2263 vett.
1336 2228 1417 2262 Vid.
1442 2229 1573 2262 Osann.
1597 2230 1639 2262 ad
1663 2228 1799 2274 Apulej.
1826 2232 1870 2264 de

1139 2285 1224 2318 Not.
1252 2284 1358 2330 aspir.
1384 2297 1420 2330 p.
1447 2286 1505 2319 88.
1530 2286 1587 2319 90.
1616 2285 1817 2320 Schneider.
1843 2287 1867 2320 l.

1138 2341 1163 2375 l.
1191 2354 1226 2386 p.
1256 2341 1332 2375 185.
1355 2359 1402 2366 —
1426 2341 1479 2374 Ne
1497 2342 1684 2385 populum,
1707 2346 1791 2376 extr.
1817 2347 1871 2377 to-

1140 2398 1215 2439 ties,
1238 2408 1329 2431 exer.
1355 2408 1409 2430 ar.
1433 2397 1710 2440 distinguendum
1734 2401 1869 2444 praeci-

1140 2453 1194 2499 pit
1212 2453 1413 2486 Tunstallus
1438 2453 1474 2486 in
1492 2453 1570 2486 The
1586 2455 1716 2488 Works
1741 2457 1783 2489 of
1794 2456 1869 2490 Ho—

1140 2521 1221 2543 race
1245 2510 1281 2542 in
1302 2508 1448 2552 English
1473 2510 1584 2543 Verse
1610 2516 1678 2545 etc.
1711 2512 1870 2547 London.

1142 2566 1241 2609 1759.
1265 2565 1312 2598 ΙΙ.
1340 2578 1375 2610 p.
1401 2566 1481 2600 613.

1186 2621 1232 2654 V.
1257 2622 1291 2654 7.
1338 2621 1386 2654 Et
1409 2621 1506 2654 mihi.
1555 2622 1647 2656 Edd.
1676 2624 1764 2659 Ven.
1789 2623 1870 2660 483.

1143 2677 1200 2711 86.
1227 2676 1336 2711 Locb.
1352 2697 1397 2702 ——
1411 2683 1626 2722 purgata—
1640 2691 1736 2714 aure.
1762 2682 1870 2715 Gesn.

1142 2733 1177 2766 3.
1202 2751 1250 2758 —
1273 2734 1415 2767 cerebro.
1460 2733 1528 2766 Ms.
1557 2735 1663 2769 Goth.
1690 2755 1736 2761 —
1756 2748 1873 2781 perso-

1142 2794 1216 2823 nat.
1241 2790 1309 2823 Ms.
1325 2790 1472 2823 Dorvin.
1492 2792 1524 2824 1.
1548 2810 1594 2816 —
1623 2793 1666 2826 V.
1691 2793 1726 2826 9.
1752 2793 1790 2826 in
1815 2805 1874 2828 es·-

1143 2850 1298 2880 tremum.
1332 2846 1400 2879 ΜΒ.
1426 2847 1544 2880 Guelf.
1570 2849 1605 2882 2.
1629 2867 1674 2873 —
1697 2849 1776 2896 illa.
1803 2849 1871 2883 Ms-

1143 2902 1251 2936 Goth.
1275 2921 1322 2927 —
1347 2903 1388 2936 V.
1414 2903 1469 2937 10.
1495 2904 1632 2938 ludicra
1653 2909 1777 2939 cetera.
1803 2905 1870 2938 Ms.
