2028 3268
358 268 438 311 112

922 272 1306 310 HORATII
1838 274 1866 313 6

423 383 539 429 Utile
571 385 789 443 proposuit
822 385 942 428 nobis
977 385 1194 443 exemplar
1226 382 1398 442 Uern,

424 461 508 518 Qui
547 461 726 507 domitor
766 461 927 518 'l'rojae
967 462 1191 508 multorum
1229 460 1430 521 providus
1470 461 1583 505 urbis

424 539 485 584 Et
517 553 656 584 mores
689 539 902 584 hominum
934 541 1141 601 inspexit,
1178 541 1391 598 latumque
1430 552 1508 598 per
1533 552 1706 599 aequor,

1815 541 1870 582 20

425 617 537 662 Dum
573 618 676 678 sibi,
724 617 823 662 dum
855 619 977 662 sociis
1011 620 1191 663 reditum
1223 621 1372 678 parat,
1416 631 1569 676 aspera
1607 618 1738 662 multa

425 693 630 755 Pertulit,
665 695 856 740 adversis
887 710 1029 742 rerum
1072 698 1361 742 immersabilis
1402 695 1541 740 undis.

428 770 627 818 Sirenum
658 788 786 820 voces
825 781 868 822 et
909 774 1062 821 Circae
1095 775 1247 836 pocula
1281 775 1420 832 nosti3

361 959 462 1004 Virg.
480 959 659 1005 XXXIH,
690 963 726 997 8.
759 961 868 996 Bach.
903 963 948 997 ad
981 962 1090 997 Ovid.

360 1014 449 1049 Met.
481 1016 521 1059 8,
555 1016 634 1051 583.
677 1018 739 1062 (et
773 1029 860 1063 quos
891 1019 943 1053 ibi
974 1019 1094 1059 laudat

361 1070 494 1104 Ochsn.
513 1071 558 1105 ad
575 1074 607 1117 1,
623 1074 703 1108 266.
730 1078 765 1109 et
780 1076 879 1109 Cort.
899 1076 943 1108 ad
957 1076 1092 1110 Lucan.

361 1128 402 1171 7,
427 1127 536 1171 403.)
576 1129 620 1163 ad
655 1130 740 1165 Tib.
767 1133 807 1175 1,
840 1132 883 1174 3,
917 1133 974 1166 21.
1007 1132 1094 1176 ibiq.

362 1183 519 1217 Huschk.
545 1186 579 1228 6,
596 1186 653 1220 39.
671 1187 704 1230 7,
723 1186 778 1221 14.
810 1187 914 1221 Jahn.
933 1188 978 1222 ad
993 1189 1095 1232 Virg.

362 1241 451 1275 Aen.
476 1242 508 1286 6,
525 1243 605 1276 310.
639 1242 695 1275 ef.
712 1242 806 1277 infra
820 1255 857 1277 v.
874 1244 931 1278 32.
958 1248 992 1278 et
1008 1254 1096 1288 quos

362 1297 483 1332 laudat
498 1297 614 1343 Sillig.
640 1297 678 1331 in
700 1298 803 1338 Jahn.
827 1300 971 1334 Jahrbb.
996 1300 1096 1334 1829.

363 1353 393 1386 Ι.
423 1355 455 1388 1.
480 1365 517 1398 p.
536 1354 607 1397 28.,
634 1353 679 1388 ad
704 1354 779 1388 cir.
805 1355 885 1390 240.
935 1356 1098 1390 Ceterum

362 1410 495 1444 formae
518 1421 646 1444 rursus
670 1415 706 1444 et
729 1422 873 1446 rursum
889 1416 1098 1446 commutan-

364 1470 423 1501 tur
440 1477 498 1511 ap.
517 1465 618 1510 Virg.
631 1465 712 1500 Ecl.
731 1467 785 1511 10,
799 1469 855 1503 63.
872 1469 1099 1513 ibiq.Wagn.

365 1534 424 1568 ap.
436 1522 569 1556 Lucan.
582 1523 613 1566 1,
623 1522 703 1559 391.
730 1523 836 1558 Ovid.
850 1525 937 1559 Met.
948 1526 982 1568 9,
993 1525 1100 1559 42.-—-

361 1579 489 1625 poscit.
536 1579 604 1612 Ms.
632 1579 752 1612 Guelf.
775 1579 810 1614 4.
847 1582 972 1625 possis.
1004 1581 1097 1617 Edd.

365 1636 465 1670 Flor.
482 1634 563 1670 482.
589 1635 680 1668 Ven.
696 1634 776 1669 479.
795 1636 850 1670 83.
868 1637 926 1671 86.

411 1692 457 1725 V.
478 1692 532 1726 18.
585 1689 696 1736 Utile,
727 1702 833 1735 prop.
880 1693 942 1726 Sic
974 1693 1099 1728 incidit

366 1746 637 1790 Wakefieldius‚
662 1751 702 1781 ut
723 1748 812 1782 utile
837 1759 911 1783 cum
935 1761 972 1784 v.
987 1751 1100 1795 possit

364 1805 551 1850 jungatur,
599 1814 669 1848 qua
701 1815 742 1837 re
766 1805 1037 1842 numerosiorem
1068 1811 1104 1840 et

367 1860 598 1906 pulchriorem
610 1860 720 1894 locum
731 1861 916 1894 decurrere
928 1863 1103 1907 opinatur,

367 1917 431 1951 sed
452 1919 541 1951 bene
557 1917 783 1951 Eichstadius
800 1917 844 1950 ad
866 1929 935 1951 van
951 1919 1103 1953 Ommer.

367 1987 405 2020 p.
431 1973 510 2008 215.
528 1973 641 2018 docet,
658 1976 865 2007 structuram
880 1973 999 2018 Epist.
1017 1976 1050 2018 2,
1070 1975 1101 2018 1,

367 2030 426 2065 63.
454 2033 490 2063 et
519 2029 619 2063 Pers.
645 2028 688 2073 8,
723 2030 781 2063 70.
829 2030 983 2074 (quibus
1014 2030 1102 2064 locis

370 2085 511 2119 Wakef.
544 2085 588 2118 ad
613 2096 685 2119 rem
712 2096 806 2119 suam
829 2086 963 2130 utitur)
999 2087 1104 2131 longe

371 2143 472 2177 aliam
496 2153 574 2176 esse
599 2144 703 2186 atque
725 2141 791 2174 hoc
810 2141 900 2176 loco.
947 2143 998 2176 Ut
1019 2143 1106 2176 nihil

371 2211 464 2235 nunc
489 2199 599 2233 dicam
617 2199 660 2231 de
682 2209 787 2232 sensu
809 2197 918 2232 totius
942 2198 1022 2242 loci,
1048 2199 1105 2233 hic

372 2256 474 2292 verbi
491 2267 595 2300 posse
620 2266 704 2290 usus
729 2266 835 2300 saepe
850 2259 885 2287 et
902 2254 987 2289 alibi
1001 2267 1105 2301 repe-

372 2312 475 2355 ritur,
500 2316 540 2345 ut
570 2311 639 2344 Od.
668 2312 707 2354 1,
724 2312 787 2355 26,
807 2312 862 2345 10.
878 2311 966 2356 ibiq.
989 2312 1105 2347 Bentl.

373 2369 408 2412 3,
425 2369 459 2411 4,
478 2368 535 2402 58.
564 2367 603 2410 4,
620 2367 664 2411 4,
682 2368 739 2401 27.
772 2367 816 2401 Α.
840 2367 882 2401 Ρ.
909 2367 990 2403 410.
1018 2369 1106 2414 ibiq.

373 2422 489 2456 Bentl.
505 2442 552 2448 —
565 2423 747 2468 proposui.
779 2423 848 2458 Ed.
865 2424 955 2458 Ven.
971 2424 1052 2460 498.
1063 2444 1109 2451 —

380 2476 520 2512 Ulixen.
566 2478 654 2513 Mss.
673 2491 762 2514 omn.
781 2491 838 2525 ap.
855 2479 949 2514 Pott.
966 2481 1032 2515 Bn.
1063 2482 1108 2516 A.

377 2533 420 2567 C.
449 2533 495 2567 Ε.
522 2535 625 2569 Dess.
654 2537 687 2570 1.
714 2537 750 2570 2.
768 2538 803 2571 3.
844 2537 944 2582 Lips.
970 2538 1002 2571 1.
1019 2538 1055 2572 2.
1073 2538 1109 2575 3.

378 2590 510 2624 Graev.
527 2591 621 2626 Edd.
637 2591 752 2626 Bentl.
767 2593 857 2627 Cun.
875 2593 997 2627 Oberl.
1013 2593 1108 2627 Pott.

382 2646 531 2680 Ulixem.
571 2648 657 2689 Mss.
674 2649 793 2682 Guelf.
812 2661 901 2684 omn.
917 2650 984 2684 Bn.
1002 2650 1046 2683 D.
1065 2650 1110 2684 F.

379 2702 427 2735 G.
444 2702 553 2735 Goth.
571 2704 617 2737 al.
665 2705 759 2739 Edd.
776 2705 887 2740 Loch.
913 2706 1013 2751 LiPS.
1029 2706 1110 2740 492.

379 2759 438 2792 98.
455 2757 502 2791 al.
540 2758 643 2793 Jahn.
677 2761 830 2798 Schmid.
863 2762 909 2797 al.
953 2762 1110 2806 Ulyxem.

381 2813 474 2847 Edd.
492 2813 589 2847 Flor.
605 2815 685 2850 482.
712 2819 802 2852 Ven.
819 2819 898 2854 483.
916 2820 973 2853 86.
991 2821 1047 2854 92.
1065 2819 1110 2853 al.

387 2869 546 2913 Ulyssem.
590 2870 683 2906 Edd.
707 2874 792 2909 San.
825 2875 940 2912 Merv.
976 2874 1111 2916 Valart.

389 2925 555 2971 Ulyssem.
601 2927 693 2963 Edd.
712 2930 801 2964 Ven.
825 2929 904 2966 479.
929 2932 985 2966 81.
1012 2931 1112 2965 Glar.

1146 963 1227 997 Asc.
1266 962 1376 995 Pulm.
1408 960 1476 1003 aL,
1516 959 1617 994 etiam
1648 959 1758 994 Feae.
1811 958 1878 993 Illa

1147 1018 1322 1053 scribendi
1346 1017 1434 1051 ratio
1473 1015 1569 1049 Ulix.
1602 1027 1687 1050 vera
1712 1016 1879 1062 probatur

1150 1087 1194 1110 ex
1215 1072 1392 1108 Plutarch.
1418 1071 1574 1105 Marcell.
1595 1071 1643 1104 11.
1669 1083 1707 1116 p.
1729 1070 1808 1107 444.
1831 1071 1877 1105 R.

1157 1127 1335 1173 Οὐλίξου,
1354 1124 1452 1162 τοῦτ’
1469 1125 1566 1162 ἔστιν
1579 1123 1790 1166 Ὀδυσσέως.
1819 1127 1877 1160 cf.

1151 1187 1262 1222 Pulm.
1279 1186 1324 1220 ad
1342 1185 1410 1219 Od.
1432 1185 1463 1227 1,
1481 1185 1514 1228 6,
1530 1185 1564 1218 7.
1591 1184 1694 1218 Jahn.
1711 1183 1755 1217 ad
1771 1183 1878 1218 Ovid.

1151 1244 1239 1284 Met.
1267 1244 1328 1286 12,
1362 1241 1396 1274 6.
1433 1240 1489 1274 ed.
1519 1239 1657 1284 Gierig.
1693 1240 1812 1284 I-Ieyn.
1846 1244 1882 1274 et

1151 1301 1279 1344 Wagn.
1306 1297 1351 1332 ad
1366 1297 1465 1342 Virg.
1483 1296 1537 1330 Id.
1555 1297 1588 1340 8,
1609 1297 1665 1330 70.
1688 1295 1775 1330 Aen.
1793 1297 1827 1339 2,
1844 1297 1879 1331 7.

1154 1361 1191 1392 et
1213 1367 1303 1402 quos
1328 1354 1448 1388 laudat
1471 1351 1727 1386 Schneidewin.
1752 1352 1796 1386 de
1817 1344 1883 1393 liae

1151 1414 1262 1448 forma
1301 1410 1442 1446 uberius
1483 1409 1658 1443 disserens
1696 1407 1740 1441 ad
1779 1408 1881 1452 Ibyc.

1155 1470 1271 1508 Carm.
1297 1467 1376 1502 Rel.
1402 1479 1438 1511 p.
1468 1465 1545 1500 142.
1587 1464 1644 1498 cf.
1672 1463 1719 1497 Ο.
1744 1464 1883 1512 Miiller.

1153 1523 1379 1572 ‚‚Etrusker“
1403 1522 1452 1556 11.
1477 1534 1512 1567 p.
1531 1521 1610 1556 279.
1653 1520 1785 1565 Recepi
1808 1521 1883 1554 for-

1154 1594 1241 1618 mam
1273 1592 1338 1626 en,
1375 1580 1560 1614 obsecutus
1598 1577 1798 1611 auctoritati
1832 1581 1887 1612 tot

1152 1640 1321 1674 librorum
1338 1647 1434 1678 msa,
1467 1633 1598 1678 quippe
1623 1631 1684 1677 qui
1706 1632 1883 1676 vidissem,

1153 1694 1315 1730 librarios
1339 1691 1478 1736 saepius
1502 1690 1645 1723 formam
1668 1699 1711 1722 en
1736 1692 1887 1724 mutasse

1155 1752 1193 1785 in
1218 1762 1269 1784 em
1286 1750 1343 1794 (nt
1364 1760 1401 1783 v.
1422 1747 1496 1790 12.)
1519 1756 1621 1790 quam
1637 1750 1770 1779 contra.
1807 1745 1885 1787 Me-

1158 1819 1234 1842 cum
1248 1805 1354 1840 sentit
1378 1804 1545 1847 Wagner.
1570 1801 1613 1835 ad
1629 1801 1729 1845 Virg.
1746 1802 1834 1836 Aen.
1854 1803 1886 1847 1,

1157 1864 1216 1903 30.
1263 1862 1320 1896 Cf.
1346 1859 1513 1895 Schneid.
1539 1857 1712 1892 Formenl.
1739 1870 1776 1904 p.
1794 1859 1852 1894 41.

1203 1943 1250 1976 V.
1279 1942 1333 1976 19.
1382 1945 1416 1975 et
1437 1940 1643 1973 multorum.
1673 1936 1743 1970 Ms.
1766 1937 1886 1972 Jaeck.

1157 1997 1193 2033 5.
1209 2017 1256 2022 -
1270 1997 1318 2031 V.
1333 1997 1391 2030 20.
1428 1996 1499 2038 Qui
1514 2005 1636 2028 mores.
1658 1993 1728 2028 Ms.
1745 1994 1889 2029 Corvei.

1158 2054 1205 2088 V.
1228 2055 1287 2088 21.
1340 2051 1438 2085 Dum
1468 2051 1542 2086 tibi.
1588 2050 1658 2090 Ms.
1683 2051 1750 2085 Bn.
1774 2050 1819 2085 A.
1843 2070 1890 2076 --

1160 2120 1240 2144 cum
1255 2108 1365 2142 sociis.
1411 2107 1480 2141 Ms.
1498 2118 1544 2141 un
1559 2107 1703 2150 Bersm.‚
1730 2118 1809 2140 cum
1828 2107 1889 2141 ex'-

1159 2166 1258 2200 hibet
1280 2164 1381 2198 etiam
1405 2163 1482 2198 cod.
1504 2163 1661 2206 Mentel„
1689 2163 1750 2197 sed
1774 2164 1889 2197 incer-

1160 2226 1248 2265 tum,
1276 2225 1388 2255 utrum
1411 2219 1582 2265 hocloco,
1599 2231 1643 2254 an
1657 2220 1786 2265 priore.
1818 2220 1889 2254 Ed.

1161 2278 1306 2314 Erford.
1324 2277 1403 2313 517.
1420 2296 1466 2301 ——
1482 2282 1558 2311 tum
1574 2277 1672 2310 sociis
1687 2275 1755 2309 Ms-
1770 2276 1890 2311 Jaeck.

1163 2335 1196 2370 5.
1212 2354 1260 2360 ——
1285 2346 1412 2379 aspera
1436 2334 1539 2367 bella.
1571 2332 1640 2366 MS.
1658 2332 1693 2371 6.
1711 2343 1768 2377 ap.
1788 2334 1891 2368 eund.

1164 2403 1187 2426 a
1211 2393 1244 2426 1.
1260 2403 1327 2435 m.,
1367 2391 1430 2424 sed
1453 2400 1543 2423 corr.
1566 2388 1604 2422 in
1629 2399 1705 2432 asp.
1737 2391 1839 2423 mult.
1871 2402 1894 2425 a

1163 2448 1199 2481 2.
1231 2458 1276 2480 m.
1309 2465 1356 2471 —
1391 2446 1438 2479 V.
1470 2446 1527 2479 22.
1566 2446 1747 2479 adversus.
1799 2445 1892 2481 Edd.

1165 2503 1255 2537 Ven.
1273 2502 1354 2543 490.
1371 2502 1427 2536 92.
1458 2499 1558 2546 Lips.
1575 2502 1655 2536 492.
1687 2502 1892 2537 Praedicov.

1164 2578 1211 2584 —
1237 2563 1271 2592 et
1294 2557 1533 2591 immersabilis
1555 2557 1642 2592 Mss.
1668 2558 1788 2592 Jaeck.
1804 2558 1839 2593 4.
1857 2558 1892 2593 5.

1167 2615 1201 2649 6.
1242 2618 1350 2648 metro
1386 2614 1605 2655 adversante.
1646 2615 1786 2650 inmers.
1833 2615 1895 2649 sic

1165 2671 1269 2705 Dess.
1301 2670 1401 2715 Lips.
1439 2682 1529 2704 omn.
1565 2675 1600 2706 et
1633 2671 1766 2707 Graev.
1822 2671 1894 2717 Ed.

1166 2726 1327 2762 Praedic.
1361 2727 1418 2761 Cf.
1444 2739 1481 2762 v.
1501 2729 1557 2763 11.

1212 2817 1258 2852 V.
1290 2817 1348 2852 23.
1405 2817 1599 2852 Seirenum.
1629 2790 1716 2852 'Sic
1744 2829 1808 2852 ms.
1834 2829 1893 2854 un.

1167 2874 1300 2908 Bersm.
1343 2873 1446 2908 Dess.
1477 2876 1514 2910 2.
1565 2875 1748 2922 Syr-enum.
1808 2874 1894 2909 Mss.

1168 2930 1270 2966 Dess.
1287 2931 1322 2967 3.
1350 2935 1385 2967 et
1405 2931 1506 2978 Lips.
1523 2933 1558 2968 2.
1574 2933 1610 2968 3.
1645 2931 1711 2971 Illa
1725 2930 1896 2976 scriptura
