2054 3268
322 262 389 291 xn
891 249 1285 304 PRAEFATIO.

322 391 370 421 re
398 377 584 422 codicem
609 378 727 422 illum
754 391 846 421 cum
877 379 1062 424 editione
1090 379 1382 436 consensisse,
1416 376 1524 420 effici
1553 391 1636 422 non
1665 379 1833 436 poterit.

321 466 430 511 Eam
451 469 583 511 amice
607 481 768 512 mecum
793 469 1111 513 communicavit
1135 468 1191 512 L.
1213 467 1263 512 F.
1291 465 1513 520 Hessius,
1539 467 1710 525 collega
1735 467 1834 510 olim

321 556 611 616 doctissimus,
652 571 761 600 nunc
790 556 1039 616 Principalis
1068 557 1343 602 bibliothecae
1374 561 1417 600 et
1448 556 1643 600 tabularii
1673 560 1831 600 custos.

320 646 438 689 Idem
467 646 568 689 mihi
595 646 794 689 utendam
822 646 995 691 tradidit

410 731 468 793 h)
497 733 762 778 Graeviam‘
786 735 965 779 codicis
982 737 1232 780 varietatem
1250 734 1442 778 lectIOnis
1454 748 1481 777 a
1501 733 1628 777 Jano
1643 731 1831 776 Brouk-

320 822 455 867 husio
492 823 664 868 editioni
694 822 952 869 Heinsianae
989 825 1133 884 Lugd.
1167 824 1321 868 Batav.
1361 838 1430 882 ap.
1469 822 1634 867 Ludov.
1676 822 1830 866 Elzev.

324 913 450 956 1612
470 914 710 972 ascriptam.
750 913 831 968 Qui
849 914 956 957 liber
975 918 1209 959 memoratu
1236 913 1509 972 dignissimus
1539 917 1582 956 et
1605 926 1660 956 ex
1677 913 1831 956 biblio—

317 1002 442 1047 theca
469 1002 708 1046 Biiloviana
737 1007 837 1047 ante
862 1003 973 1046 hunc
1001 1017 1154 1046 annum
1184 1007 1448 1061 comparatus
1482 1017 1605 1060 quum
1630 1015 1833 1059 nusquam

316 1092 450 1136 ullum
481 1092 635 1136 codicis
664 1107 744 1135 ms.
767 1106 919 1136 nomen
946 1093 1018 1136 vel
1047 1106 1342 1151 possessorem
1365 1091 1541 1150 indIcet,
1580 1105 1636 1134 ex
1665 1090 1831 1134 discre-

316 1182 460 1240 pantia
488 1183 720 1240 scripturae
743 1181 928 1226 codicem
955 1181 1074 1224 illum
1093 1181 1379 1225 Graevianum
1400 1181 1596 1240 cognovi.
1665 1168 1834 1225 Lauda't

317 1269 426 1314 hunc
446 1268 775 1315 Broukhusius
795 1272 850 1315 ad
869 1271 1064 1329 Propert.
1088 1270 1142 1330 2,
1173 1271 1220 1330 7,
1240 1270 1328 1327 623
1358 1269 1414 1329 8,
1441 1269 1504 1312 28
1522 1274 1602 1313 cet.
1620 1274 1663 1314 et
1683 1268 1830 1312 Bent-

317 1356 437 1418 lejus
477 1365 628 1419 postea
661 1361 840 1405 eundem
872 1361 1053 1419 optimae
1081 1364 1208 1404 notae
1242 1359 1396 1403 librum
1427 1373 1453 1401 a
1481 1358 1666 1403 Graevio
1703 1362 1831 1403 uten-

315 1448 414 1492 dum
439 1451 615 1508 accepit.
662 1450 762 1493 Vid.
791 1450 978 1510 Epistol.
1018 1449 1228 1507 Bentleji,
1267 1448 1442 1492 Graevii
1466 1452 1548 1492 etc.
1585 1448 1652 1492 ed.
1687 1446 1831 1491 Kraft.

317 1538 465 1583 Alton.
492 1538 637 1582 1831.
666 1554 709 1598 p.
733 1539 813 1583 53.
845 1544 888 1584 et
910 1539 1053 1583 Bentl.
1077 1539 1132 1582 ad
1163 1538 1264 1581 edit.
1294 1537 1448 1582 Horat.
1469 1538 1590 1596 Lips.
1623 1536 1769 1581 1764.
1794 1537 1830 1580 Ι.

315 1643 359 1686 p.
380 1628 459 1672 VI.
529 1626 602 1674 Of.
629 1628 731 1672 Jan.
754 1628 791 1671 I.
813 1643 856 1687 p.
877 1629 954 1671 Vl.
978 1628 1123 1672 XVII.
1167 1627 1339 1671 Mitsch.
1363 1627 1400 1670 Ι.
1423 1642 1465 1685 p.
1486 1626 1584 1670 VII.
1625 1625 1831 1682 Ejusdem

314 1717 409 1761 libri
429 1732 508 1761 ms.
539 1718 740 1775 quasdam
757 1718 962 1761 lectiones
990 1719 1177 1762 enotavit
1207 1715 1444 1760 Graevius
1474 1717 1565 1775 ipse
1592 1717 1635 1758 in
1663 1716 1830 1774 margi-

315 1808 434 1851 nibus
460 1806 654 1851 editionis
691 1807 1071 1866 Henricopetrinae
1098 1806 1166 1866 1.,
1209 1820 1314 1864 quae
1351 1810 1547 1849 servatur
1570 1804 1830 1848 Heidelber-

314 1910 400 1956 gae
420 1897 463 1939 in
484 1896 582 1939 bibl.
604 1896 873 1940 Academica.
944 1896 1043 1939 Vid.
1069 1893 1294 1939 Bothium
1318 1895 1373 1939 ad
1392 1894 1473 1939 od.
1505 1894 1557 1953 1,
1585 1894 1640 1952 7,
1670 1893 1730 1936 13
1761 1893 1828 1936 ed.

314 1986 448 2030 Feae.
517 1985 589 2029 Ex
621 1985 770 2030 horum
799 1986 924 2029 trium
959 1986 1162 2029 llbrorum
1190 1986 1417 2029 collatione
1457 1983 1522 2044 (si
1560 1985 1610 2026 iis
1643 1982 1831 2039 Bentleji

313 2076 540 2121 editionem
570 2071 943 2133 annumeraveris)
982 2074 1108 2118 facile
1144 2075 1420 2133 perspicitur,
1463 2077 1536 2117 aut
1565 2069 1831 2131 Bentlejum

313 2179 444 2224 saepe
467 2165 590 2208 nimis
617 2169 692 2208 aut
721 2162 1094 2219 Broukhusium,
1123 2165 1191 2222 qni
1218 2165 1288 2208 vel
1318 2165 1453 2222 ipsam
1483 2163 1830 2222 orthographiam

312 2255 542 2315 diligenter
564 2253 743 2313 indicat,
771 2253 930 2297 vidisse
958 2267 1124 2312 parum.
1195 2253 1318 2298 Multi
1348 2254 1432 2298 loci
1458 2253 1684 2296 collatione
1702 2251 1828 2308 hujus

314 2344 631 2389 Broukhusiani
652 2344 837 2402 exempli
852 2344 1003 2387 melius
1024 2344 1335 2401 perspiciuntur
1356 2346 1399 2386 et
1418 2340 1708 2385 emendantur.
1753 2338 1829 2385 sic

318 2433 646 2477 Broukhusius
668 2434 724 2477 ad
752 2434 833 2478 od.
857 2433 880 2476 1
896 2464 911 2492 ,
930 2432 985 2492 9,
1006 2433 1076 2491 7.,
1107 2433 1176 2476 ubi
1197 2430 1435 2475 Graevius
1458 2432 1706 2489 scripturam
1738 2429 1828 2473 de-

309 2537 435 2582 pone
459 2525 701 2582 annotavit,
730 2523 772 2566 in
788 2523 1005 2582 margine,
1038 2521 1115 2565 sed
1138 2522 1190 2565 ab
1210 2522 1296 2564 alia
1313 2535 1439 2565 manu
1463 2521 1691 2579 deprome
1710 2520 1828 2580 vidit,

316 2626 439 2671 quam
464 2612 515 2656 ob
551 2626 642 2655 rem
669 2611 773 2656 illud
800 2611 981 2671 depone
1011 2624 1067 2654 ex
1093 2623 1222 2654 versu
1254 2611 1444 2669 proxime
1475 2610 1755 2670 praecedente
1786 2611 1829 2654 in

315 2706 479 2747 textum
499 2701 723 2758 irrepsisse
750 2702 959 2759 opinatur.
1030 2698 1107 2746 Sic
1131 2699 1212 2744 Od.
1240 2699 1290 2759 l,
1314 2699 1368 2759 2,
1391 2699 1472 2743 31.
1505 2697 1829 2743 Broukhusius

315 2791 493 2850 indicat,
519 2803 547 2833 a
570 2791 704 2849 prima
721 2805 846 2835 manu
867 2788 1091 2834 candenti
1112 2802 1301 2833 umeros
1323 2790 1523 2848 scriptum
1550 2794 1593 2834 et
1614 2790 1780 2833 literam
1803 2803 1827 2831 s

316 2881 401 2926 alio
428 2882 662 2925 atramento
691 2878 898 2937 adjectam
920 2879 1070 2925 fuisse.
1109 2878 1207 2924 Vid.
1236 2879 1291 2923 ibi
1315 2877 1458 2924 Bentl.
1495 2879 1562 2924 Ac
1591 2891 1646 2923 ne
1674 2878 1826 2922 diutius
