2054 3268
761 290 1163 332 PRAEFATIO.
1637 302 1736 334 xvn

188 428 374 486 lyricum
394 438 576 471 noscere
607 425 675 485 qui
699 425 819 485 cupis
840 430 928 469 etc.
970 423 1065 470 Est
1095 424 1307 470 Carmen
1331 421 1479 467 trium
1500 422 1736 483 stropha-

190 533 312 564 rum.
382 516 590 579 Insigne
615 523 814 578 typogr.
840 515 960 562 Cum
989 516 1116 577 sign.
1153 516 1215 561 17
1246 515 1360 560 linn.
1382 515 1450 560 30
1468 512 1586 575 soll.
1633 514 1737 560 Fol.

190 610 274 656 30.
295 614 466 656 vacat.
488 635 550 642 —
575 608 676 654 Fol.
703 608 742 653 Ι
752 623 786 653 ιι
809 603 906 656 tit..-
943 609 1088 666 Quinti
1113 608 1285 655 Horatii
1320 614 1339 672 Η
1375 607 1523 653 Flacci
1555 606 1736 668 epodos.

190 701 295 746 Fol.
325 702 354 746 2
379 716 413 746 a
442 715 551 746 cum
579 700 708 762 sign.
730 697 839 760 Aiy':
875 699 1021 758 Quinti
1041 699 1220 747 Horacii
1241 700 1388 745 Flacci
1407 697 1588 760 Epodos
1614 704 1633 762 Η
1656 698 1737 743 111-

189 795 292 856 cipit
311 793 384 838 Ad
404 793 726 840 Mecoenatem:
757 791 860 836 Fol.
891 792 957 836 20
983 790 1012 836 ὂ
1042 790 1207 853 infra.-
1245 790 1367 837 Finis
1396 791 1590 851 opusculi
1618 793 1738 838 cuius

190 887 336 931 varius
358 890 427 931 est
451 900 502 930 ac
530 885 634 946 pul-
659 888 678 946 Η
703 872 912 930 cherrim‘)
942 884 1104 931 fructus
1135 889 1180 931 et
1200 884 1361 930 utilitas
1380 884 1563 944 amplior
1581 880 1617 933 (ἶ)
1648 877 1668 936 ΙΙ
1692 887 1741 930 ut

191 978 333 1023 verbis
357 978 536 1038 exprimi
555 977 708 1037 possit.
743 975 848 1021 Fol.
868 976 929 1020 21
955 991 1012 1021 a:
1038 976 1232 1024 Libellus
1253 975 1440 1021 Horatii.
1467 978 1485 1037 Η
1510 975 1613 1020 Jam
1630 989 1739 1021 cen-

190 1083 294 1115 sura
312 1069 463 1130 grauis
491 1073 584 1113 etc.
623 1073 734 1112 sunt
769 1067 866 1112 duo
901 1067 1138 1124 disticha,
1183 1064 1351 1127 quibus
1392 1065 1657 1128 diligentia
1689 1066 1739 1112 in

192 1159 493 1220 castigando
514 1164 650 1205 textu
670 1158 895 1205 adhibita
911 1159 1254 1221 praedicatur.
1276 1158 1518 1218 sequitur:
1539 1158 1739 1205 Michae-

188 1252 246 1298 lis
287 1252 607 1298 'Parchaniotae
648 1251 826 1297 Marulli
870 1257 888 1314 Η
931 1251 1401 1311 Constantinopolitani
1446 1251 1527 1296 viri
1574 1253 1740 1312 patricii

189 1343 277 1404 Epi
301 1349 319 1406 Η
344 1358 540 1405 gramma
568 1343 622 1388 dc
647 1345 786 1404 poetis
816 1344 976 1389 latinis.
1015 1349 1033 1407 Η
1069 1342 1206 1390 Amor
1228 1342 1402 1389 Tibullo
1422 1347 1512 1388 etc.
1544 1343 1740 1391 Joannes

190 1435 455 1482 Cubitensis.
477 1436 638 1481 Viuent
656 1436 856 1497 Virgilii:
887 1437 1034 1481 viuent
1056 1449 1136 1495 quo
1145 1445 1181 1489 q,
1207 1435 1399 1480 carmina
1424 1435 1572 1480 Flacci
1597 1434 1616 1492 ΙΙ
1639 1436 1739 1482 Do-

189 1541 271 1573 nec
290 1529 373 1573 erit
387 1517 575 1588 phoeb‘i:
598 1527 697 1572 dum
714 1528 844 1574 vehet
865 1529 1000 1572 amnis
1023 1541 1155 1588 aquas
1181 1532 1200 1590 Η
1225 1527 1487 1587 Impressum
1508 1528 1552 1572 in
1573 1529 1741 1587 inclyta

187 1620 362 1666 ciuitate
376 1619 571 1679 Liptzgk
607 1625 624 1681 Η
661 1641 705 1675 p.
726 1618 982 1665 Baccalarifi
1001 1618 1193 1666 Martini]
1210 1616 1541 1679 HerbipolEsem
1565 1625 1584 1684 Η
1608 1620 1738 1668 Anno

188 1712 359 1757 salutiS.
378 1710 444 1757 Μ.
466 1708 648 1758 0000.
671 1694 820 1758 XCII.
857 1710 977 1757 Cum
999 1710 1128 1771 sign.
1161 1709 1223 1756 17
1256 1709 1369 1757 linn.
1393 1710 1457 1755 22
1477 1709 1599 1772 foll.
1631 1712 1739 1758 Fol.

189 1803 255 1847 22
278 1807 442 1848 vacat.
459 1828 521 1834 —
543 1800 646 1846 Fol.
663 1801 710 1847 I.
737 1818 770 1848 a
792 1803 888 1849 tit„-
918 1803 1065 1860 Quinti
1085 1802 1263 1848 Horacii
1283 1802 1430 1848 Flacci
1450 1804 1581 1860 carmi
1606 1810 1625 1868 Η
1650 1816 1737 1860 nu}

187 1895 297 1940 liber
330 1898 504 1955 quartus
532 1894 694 1954 incipit.
729 1895 785 1940 ad
820 1903 838 1960 Η
870 1909 1075 1941 venerem
1107 1894 1203 1941 Ode
1234 1895 1265 1939 i.
1294 1893 1477 1941 dicolos,
1512 1894 1619 1940 Fol.
1651 1895 1680 1940 2
1705 1909 1739 1941 a

189 2000 300 2032 enm
322 1985 452 2047 sign.
478 1984 581 2047 Aij:
611 1987 757 2044 Quinti
774 1986 946 2033 Horatii
963 1987 1109 2032 Flacci
1128 1988 1361 2033 carminum
1385 1983 1404 2042 ΙΙ
1428 1987 1537 2032 liber
1564 1992 1739 2048 quartus

188 2078 336 2137 incipit
365 2077 421 2121 ad
449 2092 668 2124 venerem.
704 2086 724 2142 Η
764 2079 858 2125 Ode
886 2079 1066 2126 Dicolos
1098 2080 1129 2124 i.
1154 2078 1260 2124 Fol.
1293 2077 1331 2123 I
1357 2079 1405 2124 9.
1434 2076 1464 2123 b
1486 2078 1568 2124 lin.
1600 2078 1649 2123 4.
1681 2078 1737 2124 5:

189 2166 339 2224 Quinti
361 2167 531 2214 Horatii
557 2170 703 2215 Flacci
721 2170 819 2215 libri
839 2171 977 2230 quarti
1003 2178 1022 2235 Η
1047 2171 1281 2216 carminum
1303 2169 1415 2215 finis.
1466 2170 1585 2216 Cum
1605 2169 1738 2230 sign.

195 2258 257 2304 17
286 2258 398 2303 linn.
428 2259 493 2304 20
510 2258 632 2320 foll.
674 2260 779 2305 Fol.
812 2261 877 2305 20
908 2267 1075 2306 vacat.
1105 2287 1167 2294 —
1203 2259 1310 2305 Fol.
1342 2260 1380 2305 I
1397 2276 1431 2306 a
1462 2261 1565 2308 tit„-
1592 2260 1738 2318 Quinti

188 2349 359 2396 Horatii
392 2351 536 2396 Flacci
567 2351 696 2398 Car·
722 2360 741 2416 Η
766 2354 925 2399 minum
959 2353 1092 2401 Liber
1132 2350 1361 2398 Secundus
1395 2353 1445 2398 ln
1481 2359 1500 2416 Η
1535 2354 1635 2414 cipit
1665 2353 1737 2398 Ad

187 2440 424 2488 Polliones.
470 2443 564 2489 ode
592 2445 623 2488 i.
654 2443 815 2488 F01.2
854 2460 887 2489 a
918 2430 1025 2489 cam
1058 2443 1188 2505 sign.
1219 2440 1330 2504 Azj:
1376 2443 1523 2500 Quinti
1564 2444 1736 2491 Horatii

186 2533 333 2580 Flacci
360 2534 508 2582 Carmi
533 2543 551 2601 Η
576 2551 677 2581 1111111
707 2537 838 2582 Liber
870 2535 1097 2583 Secundus
1123 2537 1284 2596 incipit.
1323 2540 1342 2599 Η
1386 2535 1459 2582 Ad
1486 2537 1735 2597 pollionem.

188 2624 296 2671 ode.
316 2628 346 2671 i.
367 2626 473 2672 Foz.
499 2627 562 2672 19
583 2626 612 2672 b
632 2627 713 2673 lin.
733 2628 762 2672 2
785 2627 985 2690 explicit
1005 2627 1108 2674 Ins.
1128 2633 1331 2688 typogr.
1375 2626 1492 2673 Cum
1513 2627 1644 2689 sign.
1667 2629 1729 2674 17

187 2715 302 2763 linn.
327 2718 393 2763 20
399 2718 519 2781 soll.
553 2719 658 2765 Fol.
682 2720 748 2764 20
768 2726 933 2766 vacat.
959 2747 1020 2754 —
1044 2720 1150 2765 Fol.
1176 2718 1211 2763 I
1218 2734 1250 2764 α
1277 2718 1378 2764 tit..·
1414 2718 1560 2777 Quinti
1578 2720 1732 2766 Hora-

185 2809 238 2853 cii
267 2809 415 2855 Flacci
448 2811 557 2856 liber
582 2818 600 2875 Η
626 2813 786 2858 tercius
816 2813 872 2857 ad
901 2813 1059 2859 choros
1093 2813 1296 2874 virginus
1338 2815 1383 2856 et
1418 2818 1436 2875 Η
1474 2813 1730 2872 puellarum.

185 2899 295 2945 Ode.
314 2901 345 2945 i.
364 2902 556 2948 tricolos.
578 2902 684 2948 Fol.
706 2903 735 2947 2
751 2919 784 2949 a
802 2918 910 2949 cum
933 2904 1063 2965 sign.
1087 2901 1199 2964 Dij:
1222 2903 1367 2962 Quinti
1386 2902 1564 2950 Horacii
1584 2904 1731 2950 Flacci

185 2990 290 3036 liber
312 2994 468 3040 tercius
504 3000 523 3058 Η
557 2995 629 3042 Ad
656 2995 815 3043 choros
837 2997 1068 3059 Virginum
1089 3001 1134 3044 et
1152 2997 1392 3058 puellarum
1417 3002 1436 3060 Η
1463 2995 1572 3043 Ode.
1589 2997 1621 3041 i.
1642 2997 1729 3043 tri-

1395 3070 1429 3106 ιε
