2028 3268
272 229 644 270 COMMENTARII
672 229 726 266 IN
755 224 979 266 HORATII
1005 223 1180 261 EPIST.
1209 223 1355 260 PRIM.
1382 223 1482 259 LIB.
1515 224 1544 258 Ι.
1618 218 1676 260 89

136 344 185 382 de
211 357 289 397 qua
311 357 352 381 re
385 341 538 380 erudite
560 341 736 394 disputat
754 342 920 378 Passov.
941 337 991 376 ad
1011 339 1112 376 Tac.
1131 337 1266 374 Germ.
1292 336 1330 375 1.
1353 348 1394 387 p.
1418 330 1500 382 84„
1525 331 1568 370 h.
1588 334 1676 370 loco

135 421 269 450 tamen
297 413 369 449 vix
401 412 517 449 aliter
551 424 597 448 ac
620 411 780 463 proprio
807 422 928 447 sensu
957 405 1082 460 (inde
1112 403 1340 443 emendatio
1373 402 1546 440 duorum
1580 414 1677 438 mss.

135 480 245 518 Iocus
274 493 346 532 pro
378 478 509 530 sinus)
544 462 722 530 intelligi
742 484 875 530 potest
898 477 1011 514 sinus
1033 474 1242 522 Bajanus,
1276 485 1397 525 quem
1423 473 1521 523 ipsis
1544 471 1678 508 verbis

135 555 450 588 commemorant
472 549 624 586 Statius
650 546 771 599 (silv.
789 546 830 596 3,
855 547 905 594 2,
930 543 1040 596 16.),
1071 543 1289 581 Suetonius
1315 539 1425 592 (Ner.
1445 538 1555 591 27.),
1589 540 1677 577 Pli—

133 619 225 656 nius
248 617 326 670 (H.
353 619 402 655 N.
434 618 486 666 2,
520 616 612 657 103.
639 615 716 664 31,
747 613 815 665 2.)
850 614 932 652 alii.
982 614 1071 650 Huc
1098 609 1272 659 accedit,
1304 608 1413 662 quod
1434 622 1473 646 v.
1500 606 1570 649 84.
1596 621 1678 645 non

134 687 254 737 Bajae
283 688 394 738 ipsae
422 683 718 735 significantur,
761 682 833 722 sed
865 683 1058 731 Bajanus
1087 682 1200 718 sinus
1226 681 1293 717 vel
1327 678 1424 716 litus
1449 678 1674 726 Bajanum.

135 756 263 801 Quare
282 755 418 792 locum
442 766 494 790 ex
525 754 670 790 usitata
699 751 857 790 dicendi
884 752 1080 790 brevitate
1112 746 1459 801 interpretandum
1489 747 1678 784 arbitror.-

137 822 294 860 Nullus
322 829 379 859 est
401 822 512 859 sinus
532 822 645 872 prior
670 844 727 850 ——
749 821 1023 858 amoenissimo
1047 818 1232 865 Bajano,
1264 823 1309 854 ut
1335 818 1501 853 Homer.
1532 816 1580 852 Il.
1614 816 1678 863 17,

139 890 207 930 51.
234 889 356 940 κόμαι
375 887 597 942 χαρίτεσσιν
617 887 773 942 ὁμοῖαι,
803 896 842 926 et
862 887 936 927 Od.
957 888 998 938 3,
1020 888 1067 936 6,
1097 885 1168 928 46.
1226 885 1358 922 Aetas
1370 891 1591 934 parentam
1603 898 1681 934 pe-

126 960 199 1005 jor
217 959 306 995 avis
329 980 380 986 —-
399 959 427 995 i.
453 972 487 995 e.
509 970 676 995 avorum
696 964 840 996 aetate.
898 957 960 995 cf.
982 958 1008 996 2
1023 986 1033 1005 ,
1053 956 1100 1004 6,
1129 953 1197 995 14.
1228 951 1292 1001 14,
1316 954 1383 993 28.
1419 954 1514 990 Juv.
1543 953 1582 1001 3,
1606 950 1676 993 74.

136 1039 261 1063 sermo
280 1048 338 1055 --
357 1026 470 1063 Isaeo
494 1027 727 1072 torrentior,
755 1027 826 1064 ubi
859 1024 1021 1065 Weber.
1063 1024 1124 1076 (p.
1146 1022 1265 1074 161.)
1295 1022 1471 1072 Ruperti
1493 1034 1681 1070 errorem,

138 1106 258 1146 quem
281 1095 316 1131 is
339 1093 391 1131 ad
411 1096 499 1132 Liv.
522 1093 570 1143 5,
592 1094 670 1143 23,
688 1092 730 1135 4.
750 1096 935 1143 evitavit,
966 1100 1073 1131 recte
1094 1089 1294 1129 emendat.
1339 1088 1422 1127 Sed
1442 1091 1483 1126 in
1508 1089 1682 1127 eundem

138 1163 206 1199 alii
227 1163 346 1200 multi
366 1161 613 1211 inciderunt,
638 1170 684 1199 ut
707 1177 851 1215 operae
872 1164 1047 1215 pretium
1067 1163 1137 1208 sit,
1169 1172 1308 1197 eorum
1327 1159 1482 1210 aliquot
1503 1157 1680 1207 laudare,

138 1232 209 1282 qui
229 1229 336 1268 hunc
365 1230 559 1284 loquendi
583 1245 702 1268 usum
731 1233 877 1269 rectius
904 1237 997 1269 sunt
1025 1230 1301 1282 interpretati,
1337 1234 1383 1265 ut
1409 1224 1614 1264 Schaefer.
1638 1228 1680 1264 in

137 1300 291 1338 Melett.
317 1301 404 1337 crit.
427 1314 467 1351 p.
491 1298 559 1340 57.
593 1306 632 1336 et
662 1297 713 1336 ad
739 1301 846 1339 Plin.
875 1301 1005 1351 Epist.
1037 1299 1085 1347 1,
1119 1299 1194 1346 16,
1229 1298 1270 1338 3.
1290 1310 1330 1348 p.
1357 1294 1424 1336 40.
1463 1298 1600 1334 Herm.
1631 1295 1682 1333 ad

138 1368 270 1417 Viger.
294 1381 334 1418 p.
355 1369 466 1416 717.‚
497 1369 690 1418 Heusiug.
712 1374 751 1404 et
769 1369 897 1405 Beier.
920 1366 971 1404 ad
995 1367 1077 1404 Cic.
1100 1365 1176 1403 Off.
1198 1367 1244 1414 1,
1266 1367 1341 1414 22,
1365 1367 1434 1405 76.
1458 1367 1507 1414 2,
1535 1367 1574 1413 7,
1599 1365 1681 1414 26„

139 1435 271 1486 Sillig.
295 1434 347 1472 ad
370 1434 447 1472 Cir.
467 1435 536 1476 39.
564 1443 604 1473 et
634 1448 755 1487 quem
777 1434 916 1473 laudat
938 1432 1103 1473 Walch.
1130 1433 1182 1471 ad
1210 1435 1309 1472 Tac.
1341 1434 1475 1483 Agric.
1500 1448 1541 1485 p.
1569 1434 1681 1483 201„

138 1501 260 1540 Bach.
283 1501 334 1540 ad
353 1501 468 1540 Ovid.
491 1503 586 1541 Met.
611 1505 633 1544 1
647 1534 657 1552 ,
680 1501 777 1544 749.
800 1501 847 1552 4,
869 1503 965 1544 533.
979 1533 990 1553 ,
1030 1503 1076 1539 F.
1095 1502 1257 1540 Jacobs.
1284 1500 1335 1539 ad
1354 1503 1472 1553 Prop.
1495 1502 1533 1550 1,
1555 1502 1593 1550 9,
1617 1503 1681 1542 11.

137 1573 180 1608 in
195 1571 452 1608 Blumenlese
466 1572 515 1608 11.
531 1585 572 1623 p.
591 1572 700 1620 151.‚
725 1572 857 1609 Moeb.
875 1571 927 1609 ad
942 1573 1054 1610 Caes.
1070 1573 1118 1608 B.
1136 1572 1182 1608 G.
1205 1571 1245 1620 3,
1269 1568 1348 1618 14„
1382 1572 1502 1607 Kritz.
1516 1569 1567 1607 ad
1579 1571 1680 1608 Sall.

138 1640 224 1676 Cat.
242 1638 309 1687 51,
325 1637 402 1687 14„
424 1638 602 1677 Kiihuer.
616 1638 667 1676 ad
678 1640 760 1677 cic.
772 1641 895 1678 Tusc.
910 1641 999 1689 1,1‚
1011 1642 1066 1689 2.,
1083 1641 1208 1677 Grub.
1223 1637 1273 1676 ad
1286 1640 1385 1678 Tac.
1400 1639 1534 1676 Germ.
1547 1641 1615 1688 46,
1627 1641 1681 1687 2.,

138 1705 301 1745 Ramsh.
321 1707 389 1746 Gr.
406 1707 476 1745 lat.
497 1721 537 1758 p.
560 1706 657 1748 657.
679 1707 742 1745 ed.
764 1710 797 1745 I.
811 1738 821 1756 ,
852 1710 1015 1761 Zumpt.
1039 1706 1076 1761 ξ.
1097 1710 1218 1755 767.,
1247 1705 1441 1745 Fritzsch.
1458 1708 1633 1758 Conject.
1650 1711 1680 1748 Ι.

138 1789 177 1827 p.
201 1775 223 1815 1
244 1788 331 1827 sqq.
349 1773 478 1827 (Lips.
500 1775 668 1828 1825.)‚
698 1777 903 1815 Wiistem.
928 1777 979 1815 ad
997 1776 1171 1816 Theocr.
1186 1779 1226 1824 2,
1251 1774 1316 1816 15.
1335 1782 1374 1812 et
1388 1789 1428 1826 p.
1441 1773 1538 1816 430.
1560 1782 1680 1828 atque

139 1857 239 1896 quos
251 1845 313 1880 illi
331 1843 497 1880 laudant
518 1845 715 1895 imprimis
732 1844 888 1884 Boekh.
902 1845 954 1884 ad
965 1845 1128 1884 Pindar.
1142 1846 1203 1883 01.
1218 1845 1240 1884 1
1255 1874 1265 1893 ,
1293 1845 1358 1884 11.
1379 1846 1429 1882 ΙΙ.
1449 1846 1488 1884 2.
1509 1859 1549 1896 p.
1571 1842 1681 1892 104„

138 1911 279 1949 Jacob.
300 1910 351 1948 ad
374 1913 540 1949 Lucian.
559 1913 761 1951 Alexand.
782 1928 824 1966 p.
837 1917 906 1955 77.
933 1912 1121 1965 [Nitzsch
1137 1913 1188 1951 ad
1202 1911 1408 1951 Hom.0d.
1420 1913 1458 1964 β,
1483 1911 1680 1962 121.Bk.]

142 1981 254 2030 Ipsos
275 1977 499 2016 divinarum
512 1981 717 2018 literarmn
732 1984 943 2033 scriptores
962 1984 1010 2020 ab
1029 1982 1105 2020 hac
1123 1982 1444 2033 breviloquentia
1461 1994 1541 2018 uon
1557 1981 1682 2018 fuisse

143 2047 296 2084 alienos
314 2054 471 2098 praeter
484 2047 675 2086 Fritzsch.
699 2050 726 2086 l.
738 2051 766 2086 1.
783 2051 964 2100 pluribus
975 2050 1127 2088 indicat
1136 2052 1296 2089 Wiuer.
1316 2051 1359 2086 in
1376 2050 1443 2086 Gr.
1459 2048 1682 2086 d.neutest.

144 2113 457 2166 Sprachidioms.
471 2114 533 2152 ed.
549 2113 589 2155 4.
605 2118 752 2167 p.223.
770 2125 809 2154 et
821 2116 918 2159 541.
939 2141 995 2146 —-
1018 2121 1066 2156 111
1076 2117 1154 2156 hoc
1169 2119 1259 2156 sinu
1281 2117 1332 2155 ad
1352 2129 1526 2168 eumque
1543 2116 1683 2154 aedifi-

142 2182 334 2220 cabantur
351 2183 471 2220 villae
489 2183 743 2234 magnificae,
769 2187 826 2222 ita
843 2193 889 2223 ut
909 2188 1081 2224 molium
1101 2198 1245 2238 aggere
1266 2185 1362 2221 litus
1382 2187 1498 2236 quasi
1518 2192 1684 2235 proten—

142 2249 301 2288 deretur
329 2253 432 2288 mari
464 2252 653 2300 excluso,
696 2265 818 2306 quare
844 2266 883 2290 v.
913 2252 982 2293 84.
1033 2268 1142 2291 mare
1171 2261 1208 2290 et
1236 2253 1351 2289 lacus
1371 2253 1489 2289 sentit
1509 2266 1684 2291 amorem

141 2318 227 2355 heri
249 2319 276 2356 i.
294 2332 330 2356 e.
353 2342 408 2347 ——-
431 2320 542 2357 lacus
562 2321 759 2359 Lucrinus
774 2351 784 2370 ,
816 2322 886 2373 qui
911 2328 994 2358 erat
1018 2335 1143 2373 prope
1168 2322 1308 2371 Bajas;
1338 2319 1421 2357 vid.
1451 2319 1524 2358 Od.
1548 2322 1588 2370 2,
1617 2322 1684 2370 15,

138 2386 180 2426 3.
203 2386 302 2439 ibiq.
331 2387 494 2425 Mitsch.
554 2389 615 2425 Cf.
649 2391 779 2441 Heyn.
822 2388 873 2426 ad
893 2391 1004 2441 Virg.
1031 2391 1104 2427 Ge.
1125 2391 1175 2437 2,
1210 2389 1305 2429 161.
1328 2395 1368 2426 et
1388 2390 1490 2426 Aen.
1513 2391 1561 2438 7,
1584 2391 1681 2431 710.

139 2454 215 2491 Hic
238 2454 346 2492 idem
376 2456 489 2494 locus
514 2457 657 2507 probat
682 2465 860 2495 nostram
885 2456 961 2494 hac
994 2456 1044 2495 de
1074 2471 1116 2494 re
1144 2457 1477 2509 explicationem,
1506 2458 1683 2511 itemque

140 2520 214 2559 Od.
234 2524 275 2571 2,
299 2522 363 2571 18,
384 2525 565 2565 20-22.
586 2525 685 2577 ibiq.
709 2524 867 2563 Peerlk.
885 2526 912 2566 3
925 2555 935 2574 ‚
963 2528 984 2567 1
998 2556 1008 2575 ‚
1030 2526 1234 2573 33-37,,
1264 2525 1305 2574 3,
1325 2523 1395 2575 24,
1425 2526 1465 2567 3.
1485 2525 1527 2567 4.
1540 2557 1551 2576 ,
1575 2529 1681 2566 Plin.

140 2590 267 2640 Epist.
291 2590 340 2638 9,
365 2591 427 2639 7.,
463 2592 606 2629 Senec.
630 2594 760 2645 Epist.
784 2595 852 2634 89.
870 2624 880 2643 ,
912 2595 1100 2631 Controv.
1125 2594 1174 2642 5,
1203 2594 1265 2643 5.,
1295 2595 1456 2633 Petron.
1476 2594 1525 2633 de
1539 2598 1680 2635 Mutat.

141 2658 256 2708 Reip.
283 2658 400 2695 Rom.
431 2659 498 2700 88.
527 2661 626 2714 ibiq.
664 2661 860 2699 Wernsd.
896 2659 967 2713 (P.
988 2664 1036 2700 L.
1056 2663 1113 2699 M.
1138 2663 1209 2700 III.
1238 2675 1280 2714 p.
1301 2662 1391 2715 37.)
1422 2664 1483 2703 Cf.
1505 2665 1680 2703 Gronov.

141 2725 268 2762 Diatr.
299 2726 342 2762 in
371 2726 470 2764 Stat.
499 2728 600 2766 Silv.
619 2731 651 2766 Ι.
681 2742 723 2781 p.
744 2729 829 2770 396
853 2741 914 2781 sq.
939 2729 1004 2767 ed.
1031 2729 1111 2767 Hd.
1149 2730 1258 2768 Cort.
1291 2738 1330 2768 et
1351 2731 1474 2769 Kritz.
1501 2712 1679 2771 818311.

142 2793 227 2830 Cat.
250 2793 315 2843 13,
337 2795 374 2834 1.
432 2796 678 2848 Quapropter
697 2809 781 2834 non
804 2796 1028 2835 audiendus
1050 2804 1110 2835 est
1133 2796 1383 2848 Sanadonus,
1414 2813 1541 2853 quum
1559 2801 1679 2840 dicit:

141 2861 232 2910 „Ce
252 2862 315 2899 lac
344 2868 383 2898 et
411 2869 512 2900 cette
533 2877 620 2902 mer
645 2878 688 2903 se
714 2872 904 2903 trouvent
940 2878 1096 2903 comme
1125 2864 1360 2919 surcharges
1388 2881 1462 2920 par
1484 2869 1524 2907 le
1554 2868 1681 2920 grand

142 2930 309 2967 nombre
331 2928 380 2967 de
403 2932 635 2982 vaisseaux,
664 2930 764 2986 qu’il
793 2947 821 2986 y
842 2934 916 2972 fait
939 2935 1073 2984 venir,
1105 2940 1144 2972 et
1163 2937 1234 2989 qui
1251 2943 1342 2976 sont
1360 2937 1491 2988 pleins
1514 2936 1563 2975 de
1588 2945 1681 2976 tou-—
