2028 3268
281 253 652 294 COMMENTARII
678 253 734 291 IN
761 252 984 291 HORATII
1012 250 1188 289 EPIST.
1210 250 1356 288 PRIM.
1378 250 1480 288 LIB.
1511 252 1545 290 1.
1635 247 1687 290 71

144 364 290 421 αἱρετήν
318 363 478 419 α’σκεῖν,
509 368 692 406 Socrates
721 379 784 418 ap.
816 363 936 404 eund.
966 365 1008 401 in
1040 364 1215 417 Apolog.
1249 364 1313 404 17.
1346 376 1386 414 p.
1411 362 1480 403 56.
1518 362 1691 401 Stallb.:

141 435 243 491 μήτε
261 432 455 489 σωμάτων
472 435 749 489 ἐπιμελεῖσθαι
769 430 867 487 μήτε
887 428 1100 487 χρημάτων
1122 427 1316 485 πρότερον
1336 427 1438 483 μηδὲ
1464 426 1571 471 οὕτω
1590 429 1691 482 σφό-

142 506 231 559 δρα,
244 502 299 553 ὥς
314 505 386 556 τῆς
402 505 552 556 ψυχῆς,
573 499 682 551 ὅπως
701 499 758 550 ω”ς
777 496 918 555 ἆρίστη
938 498 1056 550 ἔσται,
1078 499 1216 554 λέγων,
1239 495 1302 540 ὅτι
1320 493 1396 540 ov’x
1415 497 1458 539 ἐκ
1476 498 1691 553 χρημάτων

141 568 263 626 αἱρετή
290 572 464 625 γίγνεται
493 576 568 606 etc.
600 576 639 606 et
668 570 804 607 Cicero
835 564 1006 623 (parad.
1028 571 1078 619 6,
1101 571 1149 619 2,
1173 564 1296 621 48.);
1335 565 1455 604 nulla
1472 567 1688 618 possessio,

142 630 262 678 hulla
281 641 342 678 vis
366 639 460 676 auri
484 645 522 675 et
542 638 701 690 argenti
715 637 868 688 pluris,
897 651 1021 688 quam
1043 639 1189 683 virtus,
1217 634 1472 674 aestimanda
1491 640 1559 683 est,
1588 635 1687 685 Rep.

141 708 191 758 3,
221 707 262 749 5.
287 708 496 757 justitiam
525 718 608 742 rem
644 705 769 742 multo
799 705 908 741 omni
940 719 1040 743 auro
1075 708 1296 750 cariorem,
1339 703 1495 742 sincero
1529 703 1689 740 virtutis

143 789 279 815 amore
303 773 541 813 inflauunati
566 771 722 823 docent,
751 786 887 810 rursus
917 773 1016 822 alia,
1046 786 1149 825 quae
1174 786 1240 811 vv.
1266 772 1320 813 53
1337 784 1426 824 sqq.
1454 771 1584 824 magis
1613 782 1689 807 ex-

142 846 332 897 planant,
369 856 462 881 suos
501 843 687 894 aequales
723 839 945 891 castigandi
979 854 1099 879 causa
1127 847 1371 894 proponunt.
1430 837 1618 890 Theogn.
1649 851 1687 876 v.

143 911 239 953 519.
264 913 333 953 20.
397 908 575 948 Brunk.:
617 908 778 962 Πλήθει
815 904 850 948 δ’
877 905 1110 962 ἀνθρώπων
1139 903 1261 962 ἆρετῆ
1294 909 1366 961 μία
1394 907 1570 962 γίγνεται
1601 902 1689 958 ἥδε,

141 983 328 1020 πλουτεῖν
341 1009 352 1028 ,
375 981 456 1019 τῶν
476 974 510 1019 δ’
528 975 659 1018 ἄλλων
677 974 798 1019 ου’δὲν
818 973 880 1031 ἄρ’
899 970 954 1030 ἦν
973 973 1120 1027 ὄφελος
1133 998 1191 1005 -—
1208 975 1462 1059 Antiphanes
1485 989 1550 1027 ap.
1574 974 1687 1013 Stob.

142 1049 270 1087 Serm.
295 1049 511 1086 LXXXIX.
539 1060 579 1099 p·
605 1047 701 1087 502.
723 1041 813 1098 ’Ἆρ’
834 1045 915 1086 ἐστι
943 1046 1066 1097 λῆρος
1084 1042 1220 1085 πάντα
1241 1043 1344 1097 πρός
1365 1042 1410 1086 τὸ
1427 1043 1593 1097 χρυσίον
1613 1049 1687 1080 etc.

141 1117 561 1168 ef.P1at.inEryxia
582 1128 623 1166 Ρ.
650 1114 774 1154 1326.
805 1115 848 1151 C.
868 1114 931 1152 ed.
953 1111 1044 1151 ka.
1066 1114 1188 1151 Arist.
1207 1115 1329 1152 Polit.
1355 1115 1400 1162 1,
1427 1111 1466 1151 9.
1485 1117 1525 1148 et
1543 1111 1687 1147 Muret.

139 1186 363 1223 inAristot.
386 1182 517 1221 Ethic.
539 1183 639 1235 Opp.
664 1184 734 1220 III.
754 1195 794 1234 Ρ.
814 1183 909 1222 167.
966 1180 1031 1220 Ad
1051 1195 1136 1219 rem
1159 1183 1359 1234 imprimis
1386 1174 1687 1227 Juv.3,140.

141 1254 338 1291 Pmtenus
354 1252 414 1290 ad
431 1265 618 1296 censum,
656 1250 705 1287 de
722 1249 898 1288 moribus
919 1250 1067 1288 ultima
1085 1250 1166 1299 fiet
1191 1251 1390 1300 Quaestio.
1452 1246 1593 1297 Eurip.
1623 1257 1686 1297 ap.

141 1321 283 1359 Senec.
319 1321 448 1372 Epist.
481 1319 576 1360 115.
607 1318 684 1372 (cf.
719 1318 858 1357 Solan.
888 1317 941 1357 ad
973 1320 1141 1357 Lucian.
1165 1321 1275 1357 Tim.
1301 1321 1334 1356 I.
1368 1331 1408 1370 p.
1433 1314 1531 1357 408.
1550 1314 1688 1367 Bip.),

147 1389 243 1426 Sine
262 1401 324 1425 me
343 1389 479 1425 vocari
488 1389 710 1438 pessimum
722 1414 736 1432 ,
762 1393 808 1424 ut
824 1387 934 1424 dives
951 1401 1090 1435 vocer;
1114 1387 1190 1425 An
1211 1388 1339 1436 dives,
1369 1397 1504 1423 omnes
1528 1384 1688 1434 quaeri-

141 1471 232 1495 mus
248 1472 260 1494 .-
289 1469 401 1494 nemo
427 1469 484 1493 an
508 1454 646 1492 bonus.
692 1454 807 1493 ovid.
833 1457 882 1494 A.
906 1457 954 1494 A.
977 1457 1025 1505 2,
1057 1455 1155 1496 277.
1186 1455 1331 1493 Aurea
1354 1467 1465 1492 nunc.-
1489 1466 1578 1491 vere
1593 1459 1688 1490 sunt

139 1524 302 1562 saecula
316 1539 327 1561 .-
346 1523 554 1575 plurimus
573 1537 673 1560 auro
698 1524 818 1562 Venit
839 1524 976 1562 honos.
1021 1526 1202 1576 Propert.
1225 1525 1273 1574 3,
1299 1525 1372 1573 11,
1394 1521 1449 1564 48
1469 1535 1558 1575 sqq.
1588 1520 1688 1559 Au-

138 1606 230 1629 rum
254 1605 388 1629 omnes
404 1592 511 1629 victa
517 1593 614 1639 jam
630 1593 783 1642 pietate
800 1592 948 1630 colunt.
996 1592 1115 1630 Auro
1125 1592 1252 1644 pulsa
1259 1592 1388 1642 fides,
1407 1604 1506 1628 auro
1525 1589 1687 1627 venalia

127 1663 255 1709 jura.-
284 1659 450 1698 Aurum
467 1659 531 1696 lex
551 1661 746 1710 sequitur,
771 1674 862 1698 mox
878 1661 965 1698 sine
982 1660 1068 1713 lege
1081 1661 1231 1712 pudor.
1292 1658 1410 1698 Adde
1434 1660 1529 1697 Hor.
1550 1659 1686 1710 ipsum

138 1728 211 1767 Od-
233 1730 273 1778 3,
295 1730 361 1777 16,
392 1729 543 1769 1—16.
573 1728 656 1766 Sat.
678 1729 705 1768 2
721 1758 730 1776 ,
753 1730 800 1778 3,
822 1727 877 1770 94
897 1742 984 1782 sqq.
1016 1730 1144 1780 Epist.
1168 1729 1214 1777 1,
1237 1730 1286 1778 6,
1310 1727 1496 1769 36—38.
1525 1728 1684 1764 Lucret.

139 1798 190 1846 5,
217 1799 326 1838 1112
344 1808 432 1849 sqq.
492 1797 597 1834 Cort-
626 1795 677 1833 ad
695 1797 793 1835 Sall.
821 1798 906 1835 Cat.
937 1799 1012 1847 10,
1039 1796 1079 1839 4.
1104 1798 1181 1846 30,
1206 1795 1246 1837 4.
1276 1799 1441 1848 Rupert.
1457 1794 1508 1833 ad
1525 1797 1621 1834 Juv.
1647 1797 1685 1843 1,

142 1866 236 1906 113.
260 1866 432 1916 interpp.
456 1863 507 1901 ad
526 1866 687 1902 Petron.
714 1864 779 1906 14.
803 1866 921 1914 137.,
952 1864 1005 1903 ad
1025 1866 1107 1903 Cic.
1133 1865 1210 1903 Off.
1239 1867 1284 1915 1,
1307 1866 1346 1915 8,
1367 1864 1613 1905 25.-Graev.
1634 1862 1685 1901 ad

140 1931 260 1970 eund.
284 1933 332 1980 2,
353 1934 423 1973 20.
458 1934 546 1970 Liv.
563 1934 603 1981 3,
623 1933 699 1982 26,
719 1935 759 1973 7.
789 1933 998 1980 Quomodo
1016 1932 1117 1972 haec
1147 1935 1235 1986 ipsa
1255 1935 1451 1985 pecuniae
1472 1931 1684 1984 cupiditas,

140 2012 193 2036 ne
214 2000 302 2050 quis
325 2001 492 2038 Poetam
512 2014 535 2038 a
559 2002 737 2038 veritatis
760 2000 839 2039 fide
862 2001 1090 2040 discessisse
1118 2003 1322 2054 opinetur,
1354 2000 1463 2054 apud
1480 2003 1685 2039 Romanos

142 2066 295 2104 infinita
313 2067 417 2104 facta
440 2069 511 2117 sit,
542 2082 756 2119 cognosces
787 2082 840 2107 ex
863 2071 1105 2108 accuratiore
1138 2069 1187 2107 de
1210 2069 1288 2109 hoc
1318 2072 1409 2108 loco
1447 2071 1684 2122 quaestione

141 2137 183 2172 in
211 2133 274 2172 ed.
297 2137 334 2175 1.
363 2149 404 2187 Ρ.
428 2134 494 2177 49.
521 2139 737 2188 proposita.

251 2204 297 2241 V·
324 2202 521 2244 54—56·
579 2206 709 2242 Ianus
731 2219 911 2243 summus
931 2227 980 2233 —
1007 2204 1167 2242 lacerto.
1229 2205 1275 2242 Si
1293 2204 1391 2243 fides
1414 2203 1602 2243 habenda
1625 2213 1685 2244 est

141 2272 192 2308 P.
222 2271 375 2310 Victori
398 2269 567 2321 (Graev.
586 2271 712 2311 Thes.
732 2276 801 2311 ΙΙΙ.
826 2288 864 2325 p.
885 2273 1001 2325 51.):
1031 2273 1132 2309 Jani
1151 2271 1449 2323 quadrifrontes
1477 2273 1688 2312 XXXVI

131 2353 209 2390 per
233 2353 367 2376 omnes
387 2340 566 2391 regiones
588 2341 854 2378 marmoribus
878 2342 1092 2379 incrustati
1114 2347 1151 2377 et
1187 2340 1378 2378 adornati
1395 2342 1582 2393 insigniis
1604 2343 1684 2379 mi·-

137 2406 324 2444 Iitaribus
355 2414 392 2444 et
420 2410 562 2460 signis.
623 2410 720 2447 Duo
747 2410 963 2461 praecipui
981 2409 1041 2447 ad
1065 2410 1221 2447 Arcum
1247 2407 1478 2447 Fabianum
1503 2412 1683 2461 superior

137 2475 390 2526 inferiorque.
426 2499 478 2506 -—
504 2477 638 2514 Ianus
664 2492 845 2515 summus
879 2485 919 2516 et
940 2479 1046 2515 imus
1076 2491 1159 2515 non
1184 2476 1364 2516 indicant
1391 2486 1523 2517 totum
1561 2481 1680 2518 unius

137 2542 237 2591 vici,
266 2543 360 2581 Jani
389 2544 592 2596 insigniti,
624 2547 800 2599 spatium
817 2576 827 2594 ,
857 2553 903 2584 ut
935 2546 1079 2583 volunt
1098 2546 1304 2596 Bentlejus
1333 2554 1372 2585 et
1390 2549 1492 2596 Fea,
1519 2555 1679 2586 auctore
1714 2552 1721 2567 ¹

136 2607 242 2647 Aldo
276 2609 456 2648 Manutio
483 2610 534 2648 ad
566 2613 648 2650 Cic.
683 2613 733 2652 de
767 2613 879 2652 Offic.
910 2615 962 2663 2,
995 2614 1089 2663 25.‚
1118 2627 1251 2665 neque
1273 2628 1412 2654 omues
1440 2616 1559 2653 unius
1583 2617 1680 2654 Jani

137 2677 397 2729 compitalicii
416 2679 443 2716 i.
469 2693 503 2717 e.
525 2680 656 2719 aditus
682 2697 703 2720 e
722 2683 811 2720 vico
833 2683 968 2733 aliquo
994 2683 1037 2719 in
1060 2682 1194 2719 forum
1212 2685 1440 2722 Romanum
1462 2691 1609 2737 partes,
1633 2691 1679 2722 ut

137 2744 391 2784 Heindorfius
417 2749 615 2799 explicat,
643 2749 736 2798 sed,
772 2756 818 2787 ut
840 2752 991 2789 multas
1019 2752 1242 2789 multorum
1265 2751 1315 2789 de
1344 2750 1420 2790 hac
1447 2766 1489 2791 re
1512 2760 1678 2790 senten-

135 2814 211 2851 tias
237 2827 320 2852 non
349 2805 682 2867 commemorem,
713 2817 823 2871 quod
850 2819 932 2857 loci
960 2820 1066 2856 inter
1098 2818 1197 2857 duos
1225 2821 1351 2859 Janos
1375 2821 1474 2870 fuit,
1503 2828 1549 2859 ut
1571 2829 1676 2859 recte

133 2881 320 2920 viderunt
342 2883 574 2935 Lambinus,
593 2887 747 2935 Minos,
771 2888 1009 2925 Torrentius
1030 2893 1069 2924 et
1094 2888 1221 2925 fusius
1245 2887 1532 2928 demonstravit
1546 2891 1674 2928 Beier.

135 2951 178 2987 in
194 2948 425 2990 doctissima
446 2951 498 2990 de
521 2953 628 2992 Jarw
646 2954 775 2993 medio
795 2954 847 2993 ad
866 2956 948 2993 Cic.
966 2955 1077 2994 Offic.
1088 2957 1128 3005 2,
1150 2955 1217 3005 25,
1236 2957 1304 2998 90.
1324 2960 1375 2998 11.
1394 2972 1434 3011 p.
1451 2960 1675 3000 169—176
