2028 3268
17 137 25 142 .
48 87 53 90 ι
24 0 66 73 &Q

499 951 1379 1026 HORATII

346 1127 647 1175 LIBRI
717 1129 755 1174 Ι.

861 1127 1406 1176 EPIS'POLA
1475 1128 1531 1174 11.

706 1277 794 1315 AD
853 1276 1156 1314 LOLLIUM.

225 1618 424 1695 TroJani
461 1629 562 1682 belli
595 1643 876 1704 scriptorem,
917 1634 1103 1688 maxime
1141 1630 1277 1699 Lolli,

225 1710 419 1762 Dum'tu
458 1717 674 1764 declamas
711 1721 906 1782 Romae,
943 1721 1183 1766 Praeneste
1225 1719 1391 1779 relegi3

225 1794 337 1856 Qui,
374 1797 472 1855 quid
507 1799 565 1843 sit
593 1799 842 1862 pulc-hrum,
879 1801 975 1860 quid
1010 1808 1152 1862 turpe,
1192 1799 1290 1859 quid
1324 1799 1452 1856 utile,
1483 1797 1580 1856 quid
1615 1803 1720 1856 n'on',

224 1867 404 1923 Plenius
446 1891 500 1921 ac
535 1879 690 1924 melius
728 1878 982 1943 Chrysippo
1020 1888 1063 1928 et
1101 1880 1318 1928 Crantore
1356 1877 1470 1922 dicit.

202 2031 262 2066 Aa
288 2031 456 2066 Lollium.
488 2032 578 2068 Mss.
596 2034 700 2069 Dess.
717 2035 752 2070 2.
772 2037 908 2072 Graev-

157 2089 261 2134 Lips.
285 2090 321 2124 2.
347 2090 383 2125 3.
417 2091 535 2135 [Dess.
562 2093 595 2125 1.
620 2098 657 2126 et
681 2094 846 2139 Gotting.
874 2097 908 2130 1.

157 2147 273 2187 nullas
292 2147 423 2182 habent
445 2148 710 2194 inseriptiones,
734 2150 839 2185 Dess.
858 2152 909 2196 3.,

156 2205 196 2239 in
219 2216 290 2250 quo
317 2205 403 2239 haec
427 2216 485 2251 ep.
516 2211 552 2239 et
574 2207 701 2241 multae
727 2207 817 2241 aliae
846 2209 910 2242 de-

156 2267 251 2305 sunt,
274 2262 422 2313 rariuss]
469 2263 638 2308 Epistola
662 2276 730 2298 sec.
755 2266 804 2299 ad
824 2266 909 2299 Ma-

157 2320 296 2354 oeimum
328 2319 500 2358 Loilium.
563 2321 659 2355 Edd.
692 2322 793 2357 Flor.
826 2325 906 2358 482.

157 2376 249 2412 Ven.
273 2378 354 2413 483.
378 2379 431 2423 (a.
456 2379 512 2423 b.)
545 2380 601 2414 86.
629 2380 688 2414 92.
713 2381 771 2415 98.
803 2380 905 2426 Lips.

157 2436 239 2471 492.
263 2437 323 2471 98.
357 2436 470 2470 Loch.
505 2437 696 2482 [lollium.].
749 2439 908 2481 Quintus

156 2493 336 2527 Horatius
354 2494 511 2529 Flaccus
529 2495 645 2529 Lollio
663 2496 703 2529 S.
721 2495 790 2529 Ms.
804 2496 906 2530 Gott.

156 2551 195 2586 2.
216 2551 308 2585 Ven.
331 2551 414 2586 479.
439 2553 496 2587 81.
549 2554 620 2597 Qu.
637 2554 727 2587 Hor.
746 2554 804 2587 Fl.
825 2554 909 2586 Lol-

158 2610 210 2643 lio
234 2609 389 2642 maximo
410 2609 450 2643 S.
474 2611 566 2645 Ven.
591 2612 674 2646 520.

205 2666 254 2699 V.
289 2668 324 2701 1.
369 2667 540 2702 maxima.
597 2669 682 2718 Vid.
719 2682 755 2704 v.
790 2673 826 2704 4.
858 2690 905 2695 —

157 2722 207 2758 V.
243 2725 280 2759 2.
339 2724 543 2760 Praeneste.
601 2727 707 2768 Quod
740 2727 903 2771 Heynius

158 2782 204 2816 ad
228 2781 332 2826 Vir'g.
357 2783 447 2816 Aen.
477 2782 516 2827 8,
551 2783 633 2818 561.
669 2784 761 2818 hunc
790 2784 903 2818 locum

158 2832 307 2873 l'audans
347 2840 512 2885 opinatur
548 2840 694 2875 Poiitam
734 2841 904 2875 extulisse

159 2897 248 2931 haec
275 2897 497 2941 Praenestis,
532 2909 652 2932 errare
673 2899 814 2933 videtur
839 2900 905 2933 Vir

158 2964 323 2989 summus.
369 2953 504 2988 Poetae
527 2955 618 2990 enim
648 2956 777 3001 ubique
801 2956 903 3000 hujus

161 3011 309 3045 nominis
334 3011 501 3056 syllabam
526 3013 678 3048 ultimam
704 3014 742 3048 in
766 3025 784 3048 e
807 3013 902 3048 desi-

206 3067 359 3102 ΗοιιΑΤ.
381 3069 412 3103 I.

966 2044 1106 2075 nentem
1131 2035 1349 2082 corripiunt,
1381 2039 1420 2068 ut
1447 2033 1640 2066 Praeneste
1671 2032 1720 2066 sit

965 2097 1093 2130 tertiae
1110 2093 1358 2128 declinationis
1376 2098 1412 2125 et
1430 2095 1601 2135 sequatur
1618 2090 1717 2123 modo

966 2165 1078 2198 genus
1097 2152 1271 2186 nominum
1287 2150 1437 2192 urbium,
1462 2154 1502 2182 ut
1517 2147 1716 2192 Virgiliano

965 2211 1027 2245 illo
1056 2211 1135 2244 loco
1162 2215 1198 2243 et
1220 2209 1302 2243 JuV.
1327 2208 1362 2250 3,
1390 2207 1491 2247 190.‚
1526 2205 1626 2238 modo
1652 2216 1714 2248 ge-

967 2279 1032 2302 nus
1056 2259 1333 2308 terminationis,
1357 2270 1396 2298 ut
1422 2263 1492 2302 Od.
1521 2262 1562 2305 3,
1587 2263 1623 2305 4,
1656 2259 1714 2299 23.

964 2326 1068 2369 Virg.
1086 2325 1176 2358 Aen.
1203 2317 1238 2366 7,
1256 2316 1335 2357 682.
1382 2317 1468 2360 Vid.
1493 2318 1656 2373 Ruddirn.
1682 2315 1713 2352 I.

965 2395 1001 2429 p.
1030 2382 1109 2417 115.
1135 2382 1182 2415 N.
1207 2378 1266 2415 38.
1292 2386 1328 2413 et
1353 2370 1399 2412 cf.
1424 2375 1593 2412 Schneid.
1619 2375 1713 2410 For-

964 2439 1070 2475 menl.
1096 2452 1132 2484 p.
1160 2439 1240 2473 220.
1267 2457 1315 2462 -
1345 2436 1415 2470 Pro
1450 2437 1537 2469 dum
1573 2435 1716 2469 exhibet

965 2509 1046 2532 cum
1072 2507 1136 2529 ms.
1161 2491 1304 2529 Corvei.
1321 2513 1370 2519 —
1393 2494 1439 2528 V.
1467 2494 1502 2529 3.
1533 2493 1714 2537 Quicquid

965 2557 1030 2599 (—-
1046 2555 1126 2598 dq.)
1159 2546 1254 2587 Edd'.
1278 2553 1369 2586 Ven.
1397 2551 1480 2586 483.
1505 2552 1557 2596 (a.
1575 2552 1631 2594 b.)
1654 2552 1711 2586 86.

962 2615 1021 2648 90.
1058 2613 1116 2646 92.
1150 2611 1209 2650 98.
1255 2611 1423 2644 Schurer.
1456 2609 1537 2644 514.
1584 2609 1712 2643 Colon.

963 2671 1045 2705 510.
1062 2689 1110 2694 —
1129 2669 1316 2714 pulcrum.
1350 2668 1413 2702 Sic
1442 2679 1506 2702 ms.
1532 2667 1636 2702 Dess.
1661 2669 1710 2711 2.,

962 2728 1036 2762 vid.
1064 2722 1110 2761 ad
1134 2729 1165 2770 1,
1197 2728 1228 2769 1,
1255 2727 1333 2761 107.

1008 2785 1054 2818 V.
1079 2786 1115 2819 4.
1165 2775 1326 2820 Plenius.
1361 2783 1449 2817 Mss.
1475 2782 1598 2818 Lamb.
1616 2784 1709 2829 plr'q‘.

960 2842 1072 2875 Pulm.
1102 2842 1138 2876 3.
1160 2842 1195 2876 7.
1215 2843 1271 2876 10.
1305 2840 1415 2886 (h'uq.
1437 2843 1468 2884 l,
1487 2841 1591 2875 a—d.
1619 2843 1653 2876 2.
1673 2842 1707 2875 6.

959 2899 996 2934 9.
1031 2899 1235 2934 Ber'smanni
1256 2898 1333 2933 siue
1355 2899 1462 2933 dubio
1487 2911 1578 2933 omn.
1604 2893 1707 2947 quin-

961 2968 1030 3007 que
1048 2969 1105 3002 ap.
1126 2957 1296 2991 Torrent.
1322 2956 1369 2990 al.
1392 2967 1451 3002 ap.
1469 2947 1586 2998 Benti.
1615 2957 1706 3007 pli-q.

959 3014 1072 3051 Feae.
1103 3016 1147 3049 A.
1174 3013 1219 3048 Β.
1245 3014 1305 3104 1).8
1324 3014 1385 3115 R(
1397 3011 1445 3048 G.
1479 3016 1541 3065 ἐᾷ.
1570 3012 1706 3060 οὀωἰ).,
