2028 3268
395 235 478 278 278

969 238 1343 278 HORATIl

1849 245 1906 285 10

461 360 586 405 Mille
618 361 780 403 talenta
814 359 1116 419 rotundentur,
1151 361 1328 405 totidem
1355 362 1517 421 altera,
1554 378 1681 421 porro
1713 368 1755 408 et

463 439 616 482 Tertia
647 437 903 495 succedant,
940 439 983 480 et
1013 451 1121 495 quae
1147 452 1247 496 pars
1275 438 1454 496 quadrat
1479 453 1695 486 acervum.

1847 445 1902 485 35

462 515 638 561 Scilicet
677 529 851 558 uxorem
889 529 982 559 cum
1017 515 1114 559 dote
1151 516 1356 573 fidemque
1392 518 1435 559 et
1469 519 1625 562 amicos

462 594 521 637 Et
550 606 691 653 genus
726 595 769 635 et
799 591 980 636 formam
1010 595 1163 653 regina
1190 596 1368 653 pecunia
1394 595 1538 655 donat,

393 777 558 816 punctum
578 778 714 815 ponunt
733 771 819 815 alqt.
839 771 921 805 edd.
943 775 983 804 ut
1000 772 1124 805 Lamb.

395 827 555 860 Francis.
590 826 682 860 Phil.
715 827 857 860 Wakef.
892 827 1010 860 Wetz.
1042 828 1124 873 Bip.

391 884 482 925 8283
512 893 625 928 neque
646 883 746 926 male,
769 883 799 916 si
818 883 1061 927 negotiatores
1081 885 1124 918 ab

390 939 470 972 aliis
493 938 663 983 pecuniae
685 939 834 984 cupidis,
859 943 898 972 ut
915 940 1126 974 feneratori-

393 996 469 1038 bus,
485 995 708 1039 distinguere
719 996 919 1030 accuratius
933 995 1123 1029 voluerint.

445 1073 489 1105 V.
500 1069 560 1106 34.
587 1084 694 1117 porro
710 1078 753 1107 et.
784 1073 872 1106 Mss.
888 1073 1011 1106 Lainb.
1033 1085 1122 1107 omn.

389 1129 501 1163 Pulm.
533 1130 565 1162 1.
581 1130 613 1163 2.
634 1129 668 1162 3.
691 1130 725 1163 7.
746 1130 801 1163 10.
843 1129 952 1174 Cruq.
981 1130 1014 1172 1,
1036 1134 1124 1162 tres.

388 1185 524 1218 Bersm.
537 1188 625 1218 tres.
639 1185 764 1218 Comb.
781 1197 871 1218 omn.
884 1185 1010 1218 Oberl.
1024 1185 1066 1218 C.
1078 1185 1123 1218 D.

390 1241 454 1274 Fe.
477 1243 508 1283 1,
533 1252 563 1273 c.
583 1241 618 1274 d.
640 1252 675 1284 g.
705 1242 738 1283 2,
758 1241 794 1274 b.
817 1253 846 1274 c.
870 1240 904 1274 d.
928 1253 963 1285 g.
984 1241 1018 1274 h.
1041 1241 1076 1284 3,
1092 1253 1124 1274 a.

388 1309 419 1330 c.
441 1298 476 1330 d.
497 1298 524 1330 f.
561 1295 596 1340 5,
622 1307 655 1330 a.
676 1296 702 1329 f.
735 1298 770 1340 6,
792 1308 824 1330 a.
848 1297 884 1329 b.
915 1297 949 1340 7,
966 1297 1003 1330 b.
1032 1297 1064 1339 9,
1089 1297 1124 1330 d.

386 1353 509 1387 Jaeck.
543 1354 576 1385 1.
597 1353 632 1386 6.
679 1352 778 1386 Pott.
802 1353 918 1397 plerq.
950 1352 1062 1385 Orell.
1085 1352 1124 1385 S.

388 1410 428 1452 (a
441 1410 474 1443 2.
489 1409 553 1451 m.)
581 1407 701 1442 Guelf.
719 1410 751 1444 2.
767 1408 802 1441 3.
833 1409 937 1442 Dess.
955 1409 988 1441 1.
1013 1408 1123 1441 Goth.

388 1466 491 1498 Gott.
518 1466 550 1497 1.
579 1464 680 1509 Lips.
702 1466 734 1498 1.
754 1466 787 1499 2.
816 1464 928 1497 Dorv.
951 1465 984 1497 1.
1025 1463 1123 1497 Mon.

389 1521 422 1553 b.
437 1521 460 1553 l.
480 1521 558 1554 cod.
572 1519 721 1554 Mentel.
750 1520 844 1553 Edd.
865 1521 988 1553 Lamb.
1013 1519 1123 1563 Cruq.

387 1576 474 1609 Min.
510 1576 627 1609 Bentl.
659 1582 696 1608 et.
726 1577 843 1620 plerq.
877 1579 1030 1609 recentt.
1065 1586 1123 1619 qu.

385 1632 506 1664 laudat
526 1632 612 1664 Fea.
648 1632 762 1664 altera
778 1642 884 1675 porro
898 1657 907 1674 ,
934 1636 967 1664 et
990 1630 1123 1664 Tertia.

386 1687 448 1719 Sic
468 1686 613 1730 disting.
627 1686 708 1718 edd.
721 1687 863 1719 Wakef.
876 1687 994 1718 Wetz.
1011 1686 1121 1718 Hunt.

386 1743 494 1775 Doer.
516 1742 606 1774 Zell.
628 1741 710 1785 Bip.
741 1742 820 1776 828.
878 1741 927 1775 At
947 1740 1122 1785 particula

383 1809 489 1842 porro
515 1798 559 1831 ad
592 1797 780 1841 sequentia
809 1797 931 1830 melius
964 1797 1122 1829 refertur

385 1858 424 1886 ut
454 1855 486 1895 1,
510 1854 565 1895 16,
586 1852 643 1887 65.
703 1853 831 1886 Verum
852 1853 923 1896 jam
955 1852 1047 1886 vidit
1073 1853 1120 1884 H.

384 1909 586 1953 Stephanus
610 1909 645 1941 in
670 1908 785 1942 Diatr.
809 1919 880 1941 sec.
902 1921 938 1953 p.
955 1905 1033 1941 149.
1071 1909 1122 1940 al-

384 1970 462 1998 tera
491 1975 608 2008 porra.
657 1964 744 1997 Mss.
776 1964 888 1996 Pulm.
917 1961 952 1997 4.
996 1963 1119 1996 Jaeck.

383 2017 417 2052 4.
433 2018 466 2052 5.
497 2020 594 2052 Pott.
611 2020 645 2052 7.
667 2020 701 2053 8.
718 2020 751 2053 9.
770 2021 824 2053 10.
843 2021 897 2053 16.
930 2019 1044 2052 Orell.
1063 2019 1120 2050 cb.

383 2076 540 2118 (erasum
558 2076 594 2108 in
615 2076 700 2118 hoc)
735 2075 853 2108 Guelf.
876 2076 909 2108 1.
926 2071 961 2108 4.
997 2074 1119 2107 Berol.

384 2133 467 2165 1.2.
519 2132 624 2164 Dess.
657 2133 689 2165 2.
732 2131 832 2176 Lips.
857 2131 892 2164 3.
942 2131 1054 2163 Dorv.
1086 2131 1119 2164 2.

383 2187 528 2220 Corbei.
576 2187 674 2220 Mon.
705 2198 735 2219 c.
757 2199 788 2220 e.
813 2187 838 2220 f.
863 2199 906 2219 m.
952 2186 1118 2219 Rudolst.

384 2247 421 2276 et
436 2248 473 2275 ut
488 2243 630 2276 videtur
647 2243 782 2275 Graev.
803 2243 897 2276 Edd.
912 2247 1002 2275 vett.
1017 2241 1118 2274 Glar.

383 2299 493 2331 Pulm.
516 2298 599 2342 xyl.
624 2299 734 2331 Fabr.
757 2299 804 2331 H.
826 2299 958 2342 steph.
981 2298 1118 2331 Bersm.

383 2355 416 2387 T
421 2366 492 2388 orr.
528 2355 642 2387 Chab.
680 2355 724 2388 al.
767 2358 873 2398 atque
910 2366 929 2387 e
964 2358 1118 2386 recentt.

382 2410 489 2443 Talb.
510 2411 597 2444 Dac.
617 2411 698 2444 Jon.
719 2410 852 2443 Sandb.
868 2411 966 2443 Pott.
980 2409 1118 2453 Camp.;

380 2465 601 2510 distinguunt
628 2466 686 2499 vel
716 2467 849 2499 altera:
884 2475 991 2510 porro
1019 2465 1116 2498 Tert.

382 2522 438 2554 vel
472 2523 585 2555 altera
604 2533 730 2566 porro:
782 2521 879 2554 Ten.
950 2520 1116 2554 Ceterum

382 2578 557 2620 particula
582 2583 634 2620 et,
663 2587 752 2621 quae
775 2577 879 2610 etiam
905 2581 1055 2620 propter
1084 2580 1116 2608 et

380 2644 469 2674 quac
496 2644 530 2666 v.
551 2632 608 2667 35.
647 2633 704 2666 hic
732 2644 829 2666 suum
859 2633 971 2665 locum
996 2633 1115 2673 habet,

381 2688 416 2720 in
447 2689 516 2721 sine
548 2700 671 2722 versus
702 2701 810 2733 saepe
837 2687 964 2722 omissa
993 2692 1048 2721 est
1078 2692 1117 2720 ut

382 2745 397 2776 1
413 2769 422 2785 ,
443 2744 484 2784 7,
507 2745 564 2778 27.
645 2745 701 2778 Cf.
728 2744 846 2778 Bentl.
869 2748 907 2777 et
934 2744 1112 2776 Vanderb.

379 2800 424 2833 ad
443 2799 514 2832 Od.
534 2799 568 2841 3,
587 2801 618 2842 1,
639 2800 697 2834 39.
732 2801 766 2842 8,
783 2801 839 2835 27.
869 2799 962 2833 Jani.
981 2800 1025 2833 ad
1041 2799 1111 2832 od.

377 2856 412 2898 3,
435 2855 490 2897 27,
513 2856 569 2888 22.
627 2855 681 2888 De
702 2855 952 2899 monosyllabis
982 2855 1019 2888 in
1042 2855 1112 2888 fule

379 2921 542 2946 versuum
571 2914 610 2943 ut
637 2922 672 2944 v.
700 2911 756 2944 13.
780 2911 837 2945 31.
876 2911 1004 2956 positis
1036 2911 1109 2945 vid.

1170 778 1290 807 annot.
1313 773 1357 806 ad
1381 775 1413 816 1,
1431 775 1464 816 2,
1485 773 1542 807 30.
1572 773 1746 818 Exempla
1769 773 1904 819 aliquot

1170 829 1366 873 particulae
1407 834 1439 862 et
1479 829 1624 874 collegit
1661 829 1818 862 Orellius
1860 831 1904 863 ad

1171 884 1291 930 Epist.
1321 886 1359 927 1,
1387 886 1450 928 18,
1478 884 1535 919 15.

1227 963 1271 995 V.
1293 961 1452 996 35-37,
1482 963 1675 996 succedent.
1707 961 1855 995 Ms.Fe.
1872 963 1904 1003 2,

1170 1029 1206 1062 g.
1237 1018 1357 1051 Guelf.
1375 1020 1408 1052 1.
1436 1037 1483 1042 —
1505 1029 1590 1062 pars
1609 1028 1711 1060 quae.
1740 1017 1811 1051 Ms.
1836 1017 1903 1051 Fe.

1170 1071 1205 1116 5,
1219 1084 1251 1106 e.
1280 1074 1399 1107 Berol.
1416 1075 1449 1108 1.
1480 1093 1527 1098 —
1563 1074 1722 1116 quadret.
1762 1073 1851 1106 Mss.
1869 1079 1906 1106 et

1171 1129 1252 1162 edd.
1277 1130 1373 1174 vulg.
1388 1155 1398 1172 ,
1427 1142 1446 1162 e
1466 1129 1599 1163 nostris
1619 1139 1701 1162 mss.
1729 1128 1850 1162 Guelf.
1870 1130 1902 1164 2.

1171 1185 1276 1219 Dess.
1299 1187 1331 1218 1.
1349 1187 1380 1220 2.
1411 1186 1530 1218 Berol.
1555 1186 1589 1219 2.
1618 1185 1721 1217 Gott.
1742 1185 1775 1218 2.
1801 1184 1902 1228 Lips.

1173 1241 1206 1273 1.
1227 1239 1262 1274 3.
1293 1241 1406 1274 DorV.
1430 1242 1462 1275 1.
1485 1243 1519 1276 2.
1550 1241 1685 1273 Graev.
1702 1239 1782 1273 cod.
1803 1239 1905 1273 Men-

1172 1295 1233 1329 tel.
1264 1296 1363 1330 Mon.
1385 1308 1417 1330 e.
1438 1297 1462 1330 l.
1478 1307 1523 1330 m.
1548 1295 1710 1329 Rudolst.
1739 1296 1902 1337 quadrat.

1171 1352 1260 1385 Mss.
1285 1353 1363 1385 Val.
1386 1357 1473 1386 tres.
1502 1352 1568 1384 Fe.
1586 1352 1619 1394 1,
1635 1352 1672 1385 b.
1695 1362 1731 1394 g.
1752 1361 1797 1384 m.
1820 1352 1904 1394 p.2,

1170 1419 1203 1441 a.
1228 1419 1260 1441 c.
1284 1419 1317 1442 e.
1348 1408 1384 1451 3,
1410 1421 1441 1442 c.
1465 1408 1500 1441 d.
1530 1406 1563 1450 5,
1583 1418 1615 1440 a.
1639 1408 1665 1440 f.
1695 1408 1730 1448 6,
1754 1417 1775 1439 a
1805 1408 1845 1449 (a
1869 1407 1902 1440 1.

1170 1463 1234 1506 m.)
1256 1463 1292 1497 d.
1317 1465 1352 1508 7,
1373 1476 1405 1497 a.
1434 1464 1468 1507 9,
1486 1463 1521 1497 d.
1543 1466 1699 1496 notatum
1719 1473 1764 1495 ex
1782 1456 1904 1496 ιιιεζίιι

1171 1530 1234 1553 ora
1271 1519 1326 1552 ed.
1362 1519 1443 1553 Ald.
1471 1519 1552 1553 519.
1590 1518 1628 1551 in
1663 1517 1759 1552 Bibl.
1793 1518 1903 1551 Barb.

1170 1575 1291 1608 Schol.
1321 1575 1431 1620 Cruq.
1452 1574 1490 1608 in
1508 1575 1680 1608 lemmate.
1719 1573 1842 1606 Jaeck.
1866 1578 1904 1605 ut

1170 1630 1242 1663 vid.
1261 1642 1351 1663 omn.
1384 1631 1498 1664 Orell.
1517 1630 1603 1663 bSc.
1631 1628 1751 1662 Guelf.
1765 1629 1798 1661 1.
1814 1628 1849 1662 3.
1863 1625 1899 1661 4.

1170 1686 1281 1719 Goth.
1327 1687 1429 1719 Gott.
1461 1688 1492 1719 1.
1545 1685 1690 1718 Corbei.
1726 1683 1827 1727 Lips.
1867 1686 1899 1717 2.

1167 1741 1287 1773 Berol.
1321 1742 1353 1774 1.
1402 1741 1499 1774 Mon.
1524 1742 1560 1774 b.
1583 1753 1614 1773 c.
1636 1741 1662 1773 f.
1711 1739 1806 1772 Edd.
1833 1739 1899 1771 Fe.

1168 1796 1247 1840 (qui
1269 1796 1361 1837 def.)
1399 1797 1522 1830 Jaeck.
1552 1797 1714 1829 Hoched.
1742 1796 1898 1828 Braunh.

1167 1851 1336 1884 Botbius:
1384 1854 1532 1894 quadret
1564 1851 1588 1885 i.
1623 1864 1655 1885 e.
1704 1862 1772 1893 „ea
1803 1861 1900 1894 pars,

1168 1918 1257 1951 quae
1273 1908 1446 1951 quadrare
1466 1918 1627 1940 acervum
1646 1906 1774 1951 possit,
1795 1917 1902 1950 quae-

1167 1973 1311 2006 cumque
1345 1974 1484 2007 semper
1514 1973 1591 1996 eum
1624 1966 1838 1995 consummet
1866 1966 1903 1994 et

1166 2018 1371 2062 perficiatf‘
1428 2019 1475 2051 At
1494 2018 1613 2062 potius
1638 2017 1798 2059 dixerim,
1823 2028 1902 2050 sen-

1166 2074 1314 2108 tentiam
1335 2086 1431 2107 esse:
1459 2075 1625 2107 succedat
1645 2085 1686 2107 ea
1700 2085 1783 2118 pars
1799 2084 1900 2118 quae,

1167 2135 1205 2163 ut
1234 2130 1285 2163 ait
1319 2130 1439 2163 Schol.
1465 2130 1598 2174 Cruq.,
1641 2129 1898 2174 „quadruplum

1164 2185 1251 2219 facit
1270 2186 1473 2219 acervum.“
1522 2186 1597 2219 Tot
1618 2185 1718 2218 libris
1742 2184 1844 2218 bonis
1864 2184 1899 2216 in

1164 2242 1362 2275 Indicativo
1393 2241 1567 2275 servando
1598 2240 1901 2274 consentientibus

1165 2298 1242 2331 sine
1261 2298 1390 2331 idonea
1418 2308 1523 2330 causa
1545 2308 1614 2330 non
1637 2298 1818 2341 quisquam
1837 2296 1898 2328 de-

1164 2354 1311 2397 negabit
1339 2354 1455 2387 fidem.
1500 2353 1551 2385 Et
1580 2364 1623 2386 ne
1655 2362 1826 2386 concursu
1857 2351 1898 2383 li-

1162 2414 1264 2442 terae
1293 2421 1316 2442 a
1345 2407 1560 2450 offendaris,
1597 2407 1671 2441 vid.
1699 2412 1821 2441 annot.
1853 2407 1897 2439 ad

1164 2467 1196 2507 1,
1219 2466 1251 2508 2,
1278 2465 1334 2498 17.
1370 2464 1474 2497 Jahn.
1500 2463 1545 2496 ad
1570 2463 1694 2497 Sabin.
1715 2463 1837 2507 Epist.
1865 2463 1898 2504 1,

1160 2517 1220 2554 44.
1251 2520 1410 2553 laudatus
1427 2518 1607 2552 aLoersio
1623 2520 1668 2552 ad
1683 2519 1792 2552 Ovid.
1806 2519 1895 2551 Her.

1162 2577 1218 2618 19,
1238 2575 1296 2610 63.
1337 2594 1383 2599 —
1432 2575 1476 2607 V.
1499 2575 1557 2609 36.
1596 2576 1706 2618 fidem
1735 2580 1768 2608 et
1796 2574 1894 2607 amic.

1162 2632 1230 2665 ΜΞ.
1257 2631 1376 2664 Guelf.
1413 2631 1444 2663 1.
1480 2632 1656 2674 fidemque
1680 2630 1780 2664 amic.
1824 2628 1894 2662 Ms.

1161 2688 1257 2720 Mon.
1280 2688 1316 2721 b.
1364 2705 1410 2710 —-
1450 2686 1493 2719 V.
1514 2685 1571 2719 37.
1611 2685 1679 2720 Det
1698 2696 1783 2730 gen.
1823 2683 1894 2716 Ms.

1159 2743 1264 2776 Dess.
1290 2744 1323 2777 2.
1373 2761 1419 2766 ——
1471 2741 1622 2775 Pecunia
1651 2742 1734 2774 don.
1781 2739 1895 2782 Maju·

1158 2799 1254 2831 scula
1265 2797 1424 2831 scribunt
1436 2797 1631 2840 complures
1642 2796 1766 2830 edd.ut
1776 2793 1892 2828 Maitt.

1158 2855 1248 2887 Cun.
1265 2854 1343 2887 Val.
1364 2854 1505 2886 Wakes.
1528 2853 1639 2886 Hunt.
1661 2849 1767 2885 Both.
1782 2850 1891 2883 Doer.

1158 2910 1295 2951 Orell.;
1334 2909 1364 2943 si
1397 2910 1526 2943 sactum
1558 2913 1633 2950 cst,
1677 2911 1715 2940 ut
1744 2905 1894 2951 pecunia
