<?xml version="1.0" encoding="UTF-8"?>
<!DOCTYPE html PUBLIC "-//W3C//DTD XHTML 1.0 Transitional//EN"
    "http://www.w3.org/TR/xhtml1/DTD/xhtml1-transitional.dtd">
<html xmlns="http://www.w3.org/1999/xhtml" xml:lang="en" lang="en">
 <head>
  <title>
</title>
<meta http-equiv="Content-Type" content="text/html;charset=utf-8" />
  <meta name='ocr-system' content='tesseract 3.04.00' />
  <meta name='ocr-capabilities' content='ocr_page ocr_carea ocr_par ocr_line ocrx_word'/>
</head>
<body>
  <div class='ocr_page' id='page_1' title='image "./epistolascomment01horauoft_0419.png"; bbox 0 0 2028 3268; ppageno 0'>
   <div class='ocr_carea' id='block_1_1' title="bbox 129 190 1700 270">
    <p class='ocr_par' dir='ltr' id='par_1_1' title="bbox 129 190 1700 270">
     <span class='ocr_line' id='line_1_1' title="bbox 129 190 1700 270; baseline -0.007 0"><span class='ocrx_word' id='word_1_1' title='bbox 129 190 133 194; x_wconf 68' lang='lat'><strong>‘</strong></span> <span class='ocrx_word' id='word_1_2' title='bbox 158 227 240 270; x_wconf 87' lang='lat'><strong>125</strong></span> <span class='ocrx_word' id='word_1_3' title='bbox 298 221 680 264; x_wconf 82' lang='lat' dir='ltr'><strong>COMMENTARII</strong></span> <span class='ocrx_word' id='word_1_4' title='bbox 706 224 766 264; x_wconf 92' lang='lat' dir='ltr'><strong>IN</strong></span> <span class='ocrx_word' id='word_1_5' title='bbox 793 220 1026 262; x_wconf 87' lang='lat' dir='ltr'><strong>HORATII</strong></span> <span class='ocrx_word' id='word_1_6' title='bbox 1055 219 1151 261; x_wconf 88' lang='lat' dir='ltr'><strong>LIB.</strong></span> <span class='ocrx_word' id='word_1_7' title='bbox 1172 220 1203 260; x_wconf 93' lang='grc' dir='ltr'>Ι.</span> <span class='ocrx_word' id='word_1_8' title='bbox 1220 218 1388 259; x_wconf 88' lang='lat' dir='ltr'><strong>EPIST.</strong></span> <span class='ocrx_word' id='word_1_9' title='bbox 1407 218 1555 260; x_wconf 91' lang='lat' dir='ltr'><strong>SEPT.</strong></span> <span class='ocrx_word' id='word_1_10' title='bbox 1613 216 1700 259; x_wconf 88' lang='lat'><strong>397</strong></span> 
     </span>
    </p>
   </div>
   <div class='ocr_carea' id='block_1_2' title="bbox 154 345 1709 2996">
    <p class='ocr_par' dir='ltr' id='par_1_2' title="bbox 154 345 1709 2650">
     <span class='ocr_line' id='line_1_2' title="bbox 156 345 1701 404; baseline -0.004 -16"><span class='ocrx_word' id='word_1_11' title='bbox 156 349 259 404; x_wconf 81' lang='lat' dir='ltr'><strong>quid</strong></span> <span class='ocrx_word' id='word_1_12' title='bbox 285 348 406 388; x_wconf 81' lang='lat' dir='ltr'><strong>illum</strong></span> <span class='ocrx_word' id='word_1_13' title='bbox 434 349 622 387; x_wconf 76' lang='lat' dir='ltr'><strong>miserum</strong></span> <span class='ocrx_word' id='word_1_14' title='bbox 648 361 858 386; x_wconf 87' lang='lat' dir='ltr'><em>memorem</em></span> <span class='ocrx_word' id='word_1_15' title='bbox 886 348 959 400; x_wconf 85' lang='lat' dir='ltr'><strong>qui</strong></span> <span class='ocrx_word' id='word_1_16' title='bbox 979 346 1103 399; x_wconf 82' lang='lat' dir='ltr'><strong>suit?</strong></span> <span class='ocrx_word' id='word_1_17' title='bbox 1149 346 1276 385; x_wconf 84' lang='lat' dir='ltr'><strong>Nunc</strong></span> <span class='ocrx_word' id='word_1_18' title='bbox 1304 353 1342 383; x_wconf 80' lang='lat' dir='ltr'><strong>et</strong></span> <span class='ocrx_word' id='word_1_19' title='bbox 1366 345 1486 383; x_wconf 84' lang='lat' dir='ltr'><strong>illum</strong></span> <span class='ocrx_word' id='word_1_20' title='bbox 1511 345 1701 383; x_wconf 76' lang='lat' dir='ltr'><strong>miserum</strong></span> 
     </span>
     <span class='ocr_line' id='line_1_3' title="bbox 156 413 1694 466; baseline -0.004 -10"><span class='ocrx_word' id='word_1_21' title='bbox 156 426 196 456; x_wconf 76' lang='lat' dir='ltr'><strong>et</strong></span> <span class='ocrx_word' id='word_1_22' title='bbox 229 431 291 456; x_wconf 88' lang='lat' dir='ltr'><strong>me</strong></span> <span class='ocrx_word' id='word_1_23' title='bbox 312 418 509 455; x_wconf 73' lang='lat' dir='ltr'><strong>&#39;miseram</strong></span> <span class='ocrx_word' id='word_1_24' title='bbox 538 424 595 454; x_wconf 79' lang='lat' dir='ltr'><strong>est</strong></span> <span class='ocrx_word' id='word_1_25' title='bbox 623 418 877 456; x_wconf 84' lang='lat' dir='ltr'><strong>nominarier.</strong></span> <span class='ocrx_word' id='word_1_26' title='bbox 932 416 1184 455; x_wconf 79' lang='lat' dir='ltr'><strong>Imitationem</strong></span> <span class='ocrx_word' id='word_1_27' title='bbox 1217 419 1322 453; x_wconf 88' lang='lat' dir='ltr'><strong>reete</strong></span> <span class='ocrx_word' id='word_1_28' title='bbox 1358 418 1476 466; x_wconf 87' lang='lat' dir='ltr'><strong>negat</strong></span> <span class='ocrx_word' id='word_1_29' title='bbox 1507 413 1694 452; x_wconf 74' lang='lat' dir='ltr'><strong>Orellius.</strong></span> 
     </span>
     <span class='ocr_line' id='line_1_4' title="bbox 156 479 1701 538; baseline -0.002 -14"><span class='ocrx_word' id='word_1_30' title='bbox 156 488 404 538; x_wconf 79' lang='lat' dir='ltr'><strong>Quapropter</strong></span> <span class='ocrx_word' id='word_1_31' title='bbox 436 486 486 523; x_wconf 92' lang='lat' dir='ltr'><strong>de</strong></span> <span class='ocrx_word' id='word_1_32' title='bbox 523 485 685 524; x_wconf 89' lang='lat' dir='ltr'><strong>Horatio</strong></span> <span class='ocrx_word' id='word_1_33' title='bbox 721 485 910 523; x_wconf 78' lang='lat' dir='ltr'><strong>imitatore</strong></span> <span class='ocrx_word' id='word_1_34' title='bbox 946 484 1083 522; x_wconf 87' lang='lat' dir='ltr'><strong>iterum</strong></span> <span class='ocrx_word' id='word_1_35' title='bbox 1129 479 1341 534; x_wconf 82' lang='lat' dir='ltr'><strong>iterumque</strong></span> <span class='ocrx_word' id='word_1_36' title='bbox 1374 483 1605 523; x_wconf 87' lang='lat' dir='ltr'><strong>monendum</strong></span> <span class='ocrx_word' id='word_1_37' title='bbox 1639 486 1701 521; x_wconf 89' lang='lat' dir='ltr'><strong>est</strong></span> 
     </span>
     <span class='ocr_line' id='line_1_5' title="bbox 156 551 1698 606; baseline -0.003 -13"><span class='ocrx_word' id='word_1_38' title='bbox 156 555 260 606; x_wconf 82' lang='lat' dir='ltr'><strong>quod</strong></span> <span class='ocrx_word' id='word_1_39' title='bbox 290 554 418 592; x_wconf 89' lang='lat' dir='ltr'><strong>sobrie</strong></span> <span class='ocrx_word' id='word_1_40' title='bbox 443 555 631 605; x_wconf 82' lang='lat' dir='ltr'><strong>praecipit</strong></span> <span class='ocrx_word' id='word_1_41' title='bbox 654 552 974 604; x_wconf 79' lang='lat' dir='ltr'><strong>Wyttenbachius</strong></span> <span class='ocrx_word' id='word_1_42' title='bbox 995 552 1046 589; x_wconf 88' lang='lat' dir='ltr'><strong>ad</strong></span> <span class='ocrx_word' id='word_1_43' title='bbox 1064 552 1165 591; x_wconf 90' lang='lat' dir='ltr'><strong>Plat.</strong></span> <span class='ocrx_word' id='word_1_44' title='bbox 1185 551 1332 590; x_wconf 87' lang='lat' dir='ltr'><strong>Phaed.</strong></span> <span class='ocrx_word' id='word_1_45' title='bbox 1356 566 1396 604; x_wconf 91' lang='lat' dir='ltr'><strong>p.</strong></span> <span class='ocrx_word' id='word_1_46' title='bbox 1420 553 1534 595; x_wconf 68' lang='lat'><strong>132:</strong></span> <span class='ocrx_word' id='word_1_47' title='bbox 1570 551 1698 602; x_wconf 86' lang='lat' dir='ltr'><strong>„Om-</strong></span> 
     </span>
     <span class='ocr_line' id='line_1_6' title="bbox 154 619 1700 671; baseline -0.003 -11"><span class='ocrx_word' id='word_1_48' title='bbox 154 623 220 661; x_wconf 85' lang='lat' dir='ltr'><strong>nia</strong></span> <span class='ocrx_word' id='word_1_49' title='bbox 246 622 320 660; x_wconf 81' lang='lat' dir='ltr'><strong>alia</strong></span> <span class='ocrx_word' id='word_1_50' title='bbox 354 623 453 660; x_wconf 78' lang='lat' dir='ltr'><strong>inter</strong></span> <span class='ocrx_word' id='word_1_51' title='bbox 486 635 529 659; x_wconf 87' lang='lat' dir='ltr'><strong>se</strong></span> <span class='ocrx_word' id='word_1_52' title='bbox 566 623 740 660; x_wconf 80' lang='lat' dir='ltr'><strong>conferre</strong></span> <span class='ocrx_word' id='word_1_53' title='bbox 770 621 927 671; x_wconf 79' lang='lat' dir='ltr'><strong>similia,</strong></span> <span class='ocrx_word' id='word_1_54' title='bbox 963 620 1164 671; x_wconf 79' lang='lat' dir='ltr'><strong>&#39;elegantis</strong></span> <span class='ocrx_word' id='word_1_55' title='bbox 1195 625 1256 659; x_wconf 85' lang='lat' dir='ltr'><strong>est</strong></span> <span class='ocrx_word' id='word_1_56' title='bbox 1290 620 1472 670; x_wconf 87' lang='lat' dir='ltr'><strong>rationis,</strong></span> <span class='ocrx_word' id='word_1_57' title='bbox 1521 619 1700 658; x_wconf 87' lang='lat' dir='ltr'><strong>continuo</strong></span> 
     </span>
     <span class='ocr_line' id='line_1_7' title="bbox 154 688 1702 741; baseline -0.001 -15"><span class='ocrx_word' id='word_1_58' title='bbox 154 689 401 741; x_wconf 84' lang='lat' dir='ltr'><strong>pronuntiare</strong></span> <span class='ocrx_word' id='word_1_59' title='bbox 420 689 601 728; x_wconf 82' lang='lat' dir='ltr'><strong>imitando</strong></span> <span class='ocrx_word' id='word_1_60' title='bbox 632 691 810 741; x_wconf 84' lang='lat' dir='ltr'><strong>formata,</strong></span> <span class='ocrx_word' id='word_1_61' title='bbox 834 694 954 727; x_wconf 88' lang='lat' dir='ltr'><strong>vanae</strong></span> <span class='ocrx_word' id='word_1_62' title='bbox 975 688 1244 728; x_wconf 79' lang='lat' dir='ltr'><strong>temeritatis.“</strong></span> <span class='ocrx_word' id='word_1_63' title='bbox 1301 689 1481 726; x_wconf 90' lang='lat' dir='ltr'><strong>Ceterum</strong></span> <span class='ocrx_word' id='word_1_64' title='bbox 1498 692 1541 726; x_wconf 87' lang='lat' dir='ltr'><strong>ut</strong></span> <span class='ocrx_word' id='word_1_65' title='bbox 1562 688 1702 726; x_wconf 89' lang='lat' dir='ltr'><strong>Graeci</strong></span> 
     </span>
     <span class='ocr_line' id='line_1_8' title="bbox 155 753 1703 811; baseline -0.001 -14"><span class='ocrx_word' id='word_1_66' title='bbox 155 758 370 811; x_wconf 82' lang='lat' dir='ltr'><strong>(Plutarch.</strong></span> <span class='ocrx_word' id='word_1_67' title='bbox 411 757 570 797; x_wconf 87' lang='lat' dir='ltr'><strong>Consol.</strong></span> <span class='ocrx_word' id='word_1_68' title='bbox 601 760 649 797; x_wconf 91' lang='lat' dir='ltr'><strong>ad</strong></span> <span class='ocrx_word' id='word_1_69' title='bbox 687 772 796 798; x_wconf 87' lang='lat' dir='ltr'><strong>uxor.</strong></span> <span class='ocrx_word' id='word_1_70' title='bbox 824 757 926 796; x_wconf 91' lang='lat' dir='ltr'><strong>VIII.</strong></span> <span class='ocrx_word' id='word_1_71' title='bbox 966 771 1006 809; x_wconf 92' lang='lat' dir='ltr'><strong>p.</strong></span> <span class='ocrx_word' id='word_1_72' title='bbox 1038 755 1140 797; x_wconf 86' lang='lat'><strong>400.</strong></span> <span class='ocrx_word' id='word_1_73' title='bbox 1179 753 1223 797; x_wconf 82' lang='grc' dir='ltr'><strong>τὸ</strong></span> <span class='ocrx_word' id='word_1_74' title='bbox 1255 754 1328 797; x_wconf 80' lang='grc' dir='ltr'><strong>σόν</strong></span> <span class='ocrx_word' id='word_1_75' title='bbox 1359 753 1487 808; x_wconf 68' lang='grc' dir='ltr'><strong><em>ὄνομα</em></strong></span> <span class='ocrx_word' id='word_1_76' title='bbox 1515 754 1703 808; x_wconf 81' lang='grc' dir='ltr'>θέσθαι),</span> 
     </span>
     <span class='ocr_line' id='line_1_9' title="bbox 155 824 1700 877; baseline -0.002 -12"><span class='ocrx_word' id='word_1_77' title='bbox 155 827 209 865; x_wconf 84' lang='lat' dir='ltr'><strong>ita</strong></span> <span class='ocrx_word' id='word_1_78' title='bbox 229 826 358 876; x_wconf 88' lang='lat' dir='ltr'><strong>Latini</strong></span> <span class='ocrx_word' id='word_1_79' title='bbox 382 838 532 877; x_wconf 81' lang='lat' dir='ltr'><strong>ponere</strong></span> <span class='ocrx_word' id='word_1_80' title='bbox 557 840 711 867; x_wconf 85' lang='lat' dir='ltr'><strong>nomen.</strong></span> <span class='ocrx_word' id='word_1_81' title='bbox 768 826 853 865; x_wconf 89' lang='lat' dir='ltr'><strong>Vid.</strong></span> <span class='ocrx_word' id='word_1_82' title='bbox 883 825 1043 864; x_wconf 83' lang='lat' dir='ltr'><strong>Passov.</strong></span> <span class='ocrx_word' id='word_1_83' title='bbox 1074 826 1125 863; x_wconf 89' lang='lat' dir='ltr'><strong>ad</strong></span> <span class='ocrx_word' id='word_1_84' title='bbox 1150 826 1234 864; x_wconf 80' lang='lat' dir='ltr'><strong>Sat.</strong></span> <span class='ocrx_word' id='word_1_85' title='bbox 1268 827 1321 875; x_wconf 90' lang='lat'><strong>1,</strong></span> <span class='ocrx_word' id='word_1_86' title='bbox 1349 826 1404 876; x_wconf 80' lang='lat'><strong>3,</strong></span> <span class='ocrx_word' id='word_1_87' title='bbox 1437 824 1506 868; x_wconf 84' lang='lat'><strong>42.</strong></span> <span class='ocrx_word' id='word_1_88' title='bbox 1565 824 1700 864; x_wconf 78' lang='lat' dir='ltr'><strong>Heins-</strong></span> 
     </span>
     <span class='ocr_line' id='line_1_10' title="bbox 156 892 1704 945; baseline -0.001 -12"><span class='ocrx_word' id='word_1_89' title='bbox 156 895 206 933; x_wconf 89' lang='lat' dir='ltr'><strong>ad</strong></span> <span class='ocrx_word' id='word_1_90' title='bbox 235 895 350 933; x_wconf 90' lang='lat' dir='ltr'><strong>Ovid.</strong></span> <span class='ocrx_word' id='word_1_91' title='bbox 380 893 491 933; x_wconf 85' lang='lat' dir='ltr'><strong>Fast.</strong></span> <span class='ocrx_word' id='word_1_92' title='bbox 519 895 560 945; x_wconf 90' lang='lat'><strong>5,</strong></span> <span class='ocrx_word' id='word_1_93' title='bbox 586 896 655 936; x_wconf 87' lang='grc'><strong>73.</strong></span> <span class='ocrx_word' id='word_1_94' title='bbox 713 894 844 933; x_wconf 76' lang='grc' dir='ltr'>ΚῦΙιη.</span> <span class='ocrx_word' id='word_1_95' title='bbox 871 898 911 932; x_wconf 84' lang='lat' dir='ltr'><strong>et</strong></span> <span class='ocrx_word' id='word_1_96' title='bbox 928 894 1061 933; x_wconf 88' lang='lat' dir='ltr'><strong>Klotz.</strong></span> <span class='ocrx_word' id='word_1_97' title='bbox 1091 894 1141 931; x_wconf 91' lang='lat' dir='ltr'><strong>ad</strong></span> <span class='ocrx_word' id='word_1_98' title='bbox 1164 894 1247 932; x_wconf 90' lang='lat' dir='ltr'><strong>Cic.</strong></span> <span class='ocrx_word' id='word_1_99' title='bbox 1270 893 1390 932; x_wconf 86' lang='lat' dir='ltr'><strong>Tusc.</strong></span> <span class='ocrx_word' id='word_1_100' title='bbox 1410 894 1453 944; x_wconf 88' lang='lat'><strong>3,</strong></span> <span class='ocrx_word' id='word_1_101' title='bbox 1484 894 1526 943; x_wconf 81' lang='grc'>5,</span> <span class='ocrx_word' id='word_1_102' title='bbox 1558 892 1624 935; x_wconf 90' lang='grc'>10.</span> <span class='ocrx_word' id='word_1_103' title='bbox 1644 915 1704 922; x_wconf 91' lang='lat'><strong>—-</strong></span> 
     </span>
     <span class='ocr_line' id='line_1_11' title="bbox 154 960 1704 1012; baseline -0.001 -12"><span class='ocrx_word' id='word_1_104' title='bbox 154 963 205 1002; x_wconf 90' lang='lat' dir='ltr'><strong>V.</strong></span> <span class='ocrx_word' id='word_1_105' title='bbox 234 960 304 1002; x_wconf 84' lang='grc'>94.</span> <span class='ocrx_word' id='word_1_106' title='bbox 335 962 403 1004; x_wconf 88' lang='grc'><strong>95.</strong></span> <span class='ocrx_word' id='word_1_107' title='bbox 469 962 589 1012; x_wconf 80' lang='lat' dir='ltr'><strong>Quod</strong></span> <span class='ocrx_word' id='word_1_108' title='bbox 614 969 652 999; x_wconf 81' lang='lat' dir='ltr'><strong>te</strong></span> <span class='ocrx_word' id='word_1_109' title='bbox 675 966 750 1000; x_wconf 89' lang='lat' dir='ltr'><strong>etc.</strong></span> <span class='ocrx_word' id='word_1_110' title='bbox 810 961 854 1000; x_wconf 92' lang='lat' dir='ltr'><strong>In</strong></span> <span class='ocrx_word' id='word_1_111' title='bbox 878 961 948 1000; x_wconf 84' lang='lat' dir='ltr'><strong>hac</strong></span> <span class='ocrx_word' id='word_1_112' title='bbox 969 963 1121 1012; x_wconf 80' lang='lat' dir='ltr'><strong>jurandi</strong></span> <span class='ocrx_word' id='word_1_113' title='bbox 1146 962 1308 1000; x_wconf 88' lang='lat' dir='ltr'><strong>formula</strong></span> <span class='ocrx_word' id='word_1_114' title='bbox 1336 967 1376 1000; x_wconf 89' lang='lat' dir='ltr'><strong>et</strong></span> <span class='ocrx_word' id='word_1_115' title='bbox 1403 963 1536 1001; x_wconf 84' lang='lat' dir='ltr'><strong>eximia</strong></span> <span class='ocrx_word' id='word_1_116' title='bbox 1559 962 1704 1000; x_wconf 86' lang='lat' dir='ltr'><strong>sancti-</strong></span> 
     </span>
     <span class='ocr_line' id='line_1_12' title="bbox 156 1030 1703 1081; baseline -0.002 -11"><span class='ocrx_word' id='word_1_117' title='bbox 156 1037 217 1071; x_wconf 88' lang='lat' dir='ltr'><strong>tas</strong></span> <span class='ocrx_word' id='word_1_118' title='bbox 244 1036 284 1070; x_wconf 88' lang='lat' dir='ltr'><strong>et</strong></span> <span class='ocrx_word' id='word_1_119' title='bbox 308 1031 496 1080; x_wconf 87' lang='lat' dir='ltr'><strong>demissa,</strong></span> <span class='ocrx_word' id='word_1_120' title='bbox 534 1042 634 1080; x_wconf 92' lang='lat' dir='ltr'><strong>quae</strong></span> <span class='ocrx_word' id='word_1_121' title='bbox 661 1031 701 1068; x_wconf 93' lang='lat' dir='ltr'><strong>in</strong></span> <span class='ocrx_word' id='word_1_122' title='bbox 723 1030 903 1081; x_wconf 89' lang='lat' dir='ltr'><strong>parvulos</strong></span> <span class='ocrx_word' id='word_1_123' title='bbox 929 1030 1086 1069; x_wconf 90' lang='lat' dir='ltr'><strong>clientes</strong></span> <span class='ocrx_word' id='word_1_124' title='bbox 1111 1031 1309 1080; x_wconf 84' lang='lat' dir='ltr'><strong>convenit,</strong></span> <span class='ocrx_word' id='word_1_125' title='bbox 1347 1030 1537 1069; x_wconf 83' lang='lat' dir='ltr'><strong>humilitas</strong></span> <span class='ocrx_word' id='word_1_126' title='bbox 1567 1030 1703 1068; x_wconf 87' lang='lat' dir='ltr'><strong>obser·</strong></span> 
     </span>
     <span class='ocr_line' id='line_1_13' title="bbox 158 1097 1703 1151; baseline -0.002 -13"><span class='ocrx_word' id='word_1_127' title='bbox 158 1101 281 1139; x_wconf 84' lang='lat' dir='ltr'><strong>vanda</strong></span> <span class='ocrx_word' id='word_1_128' title='bbox 307 1097 393 1147; x_wconf 69' lang='lat' dir='ltr'><strong>est;</strong></span> <span class='ocrx_word' id='word_1_129' title='bbox 430 1098 586 1151; x_wconf 85' lang='lat' dir='ltr'><strong>proprie</strong></span> <span class='ocrx_word' id='word_1_130' title='bbox 615 1099 715 1137; x_wconf 89' lang='lat' dir='ltr'><strong>enim</strong></span> <span class='ocrx_word' id='word_1_131' title='bbox 743 1099 843 1137; x_wconf 88' lang='lat' dir='ltr'><strong>servi</strong></span> <span class='ocrx_word' id='word_1_132' title='bbox 863 1098 1043 1149; x_wconf 84' lang='lat' dir='ltr'><strong>jurabant</strong></span> <span class='ocrx_word' id='word_1_133' title='bbox 1065 1112 1136 1150; x_wconf 87' lang='lat' dir='ltr'><strong>per</strong></span> <span class='ocrx_word' id='word_1_134' title='bbox 1164 1100 1318 1150; x_wconf 86' lang='lat' dir='ltr'><strong>genium</strong></span> <span class='ocrx_word' id='word_1_135' title='bbox 1347 1100 1583 1138; x_wconf 90' lang='lat' dir='ltr'><strong>dominorum</strong></span> <span class='ocrx_word' id='word_1_136' title='bbox 1611 1098 1703 1150; x_wconf 88' lang='lat' dir='ltr'><strong>(Se-</strong></span> 
     </span>
     <span class='ocr_line' id='line_1_14' title="bbox 156 1165 1704 1220; baseline -0.003 -13"><span class='ocrx_word' id='word_1_137' title='bbox 156 1181 242 1207; x_wconf 90' lang='lat' dir='ltr'><strong>nec.</strong></span> <span class='ocrx_word' id='word_1_138' title='bbox 263 1167 389 1220; x_wconf 88' lang='lat' dir='ltr'><strong>Epist.</strong></span> <span class='ocrx_word' id='word_1_139' title='bbox 415 1169 481 1210; x_wconf 86' lang='lat'><strong>12.</strong></span> <span class='ocrx_word' id='word_1_140' title='bbox 525 1166 703 1219; x_wconf 90' lang='lat' dir='ltr'><strong>Propert.</strong></span> <span class='ocrx_word' id='word_1_141' title='bbox 730 1167 771 1218; x_wconf 88' lang='grc'><strong>4,</strong></span> <span class='ocrx_word' id='word_1_142' title='bbox 801 1169 843 1218; x_wconf 90' lang='grc'><strong>8,</strong></span> <span class='ocrx_word' id='word_1_143' title='bbox 873 1165 942 1207; x_wconf 89' lang='grc'>69.</span> <span class='ocrx_word' id='word_1_144' title='bbox 989 1167 1124 1206; x_wconf 83' lang='lat' dir='ltr'><strong>Heins.</strong></span> <span class='ocrx_word' id='word_1_145' title='bbox 1147 1167 1197 1205; x_wconf 88' lang='lat' dir='ltr'><strong>ad</strong></span> <span class='ocrx_word' id='word_1_146' title='bbox 1222 1167 1379 1206; x_wconf 88' lang='lat' dir='ltr'><strong>Petron.</strong></span> <span class='ocrx_word' id='word_1_147' title='bbox 1407 1168 1476 1209; x_wconf 86' lang='lat'><strong>28.</strong></span> <span class='ocrx_word' id='word_1_148' title='bbox 1505 1180 1546 1218; x_wconf 92' lang='lat' dir='ltr'><strong>p.</strong></span> <span class='ocrx_word' id='word_1_149' title='bbox 1572 1165 1704 1217; x_wconf 86' lang='lat'><strong>100.)‚</strong></span> 
     </span>
     <span class='ocr_line' id='line_1_15' title="bbox 157 1233 1701 1286; baseline -0.003 -10"><span class='ocrx_word' id='word_1_150' title='bbox 157 1237 230 1276; x_wconf 85' lang='lat' dir='ltr'><strong>sed</strong></span> <span class='ocrx_word' id='word_1_151' title='bbox 258 1240 299 1275; x_wconf 89' lang='lat' dir='ltr'><strong>et</strong></span> <span class='ocrx_word' id='word_1_152' title='bbox 326 1236 390 1274; x_wconf 89' lang='lat' dir='ltr'><strong>alii</strong></span> <span class='ocrx_word' id='word_1_153' title='bbox 418 1235 601 1286; x_wconf 90' lang='lat' dir='ltr'><strong>imprimis</strong></span> <span class='ocrx_word' id='word_1_154' title='bbox 624 1236 797 1274; x_wconf 90' lang='lat' dir='ltr'><strong>homines</strong></span> <span class='ocrx_word' id='word_1_155' title='bbox 823 1248 953 1274; x_wconf 88' lang='lat' dir='ltr'><strong>amore</strong></span> <span class='ocrx_word' id='word_1_156' title='bbox 982 1234 1054 1273; x_wconf 88' lang='lat' dir='ltr'><strong>sibi</strong></span> <span class='ocrx_word' id='word_1_157' title='bbox 1082 1236 1271 1286; x_wconf 88' lang='lat' dir='ltr'><strong>devincti,</strong></span> <span class='ocrx_word' id='word_1_158' title='bbox 1319 1240 1363 1274; x_wconf 87' lang='lat' dir='ltr'><strong>ut</strong></span> <span class='ocrx_word' id='word_1_159' title='bbox 1388 1235 1550 1274; x_wconf 83' lang='lat' dir='ltr'><strong>Terent.</strong></span> <span class='ocrx_word' id='word_1_160' title='bbox 1580 1233 1701 1272; x_wconf 85' lang='lat' dir='ltr'><strong>Andr.</strong></span> 
     </span>
     <span class='ocr_line' id='line_1_16' title="bbox 161 1302 1703 1356; baseline -0.001 -13"><span class='ocrx_word' id='word_1_161' title='bbox 161 1307 200 1355; x_wconf 90' lang='lat'><strong>1,</strong></span> <span class='ocrx_word' id='word_1_162' title='bbox 228 1304 270 1356; x_wconf 80' lang='lat'><strong>5,</strong></span> <span class='ocrx_word' id='word_1_163' title='bbox 299 1302 370 1346; x_wconf 81' lang='lat'><strong>54.</strong></span> <span class='ocrx_word' id='word_1_164' title='bbox 415 1304 536 1355; x_wconf 81' lang='lat' dir='ltr'><strong>Quod</strong></span> <span class='ocrx_word' id='word_1_165' title='bbox 552 1310 589 1341; x_wconf 83' lang='lat' dir='ltr'><strong>te</strong></span> <span class='ocrx_word' id='word_1_166' title='bbox 609 1318 679 1356; x_wconf 79' lang='lat' dir='ltr'><strong>ego</strong></span> <span class='ocrx_word' id='word_1_167' title='bbox 700 1319 776 1356; x_wconf 79' lang='lat' dir='ltr'><strong>per</strong></span> <span class='ocrx_word' id='word_1_168' title='bbox 794 1304 975 1355; x_wconf 79' lang='lat' dir='ltr'><strong>dextram</strong></span> <span class='ocrx_word' id='word_1_169' title='bbox 997 1303 1105 1342; x_wconf 76' lang='lat' dir='ltr'><strong>hanc</strong></span> <span class='ocrx_word' id='word_1_170' title='bbox 1125 1318 1192 1342; x_wconf 91' lang='lat' dir='ltr'><strong>oro</strong></span> <span class='ocrx_word' id='word_1_171' title='bbox 1217 1311 1256 1341; x_wconf 80' lang='lat' dir='ltr'><strong>et</strong></span> <span class='ocrx_word' id='word_1_172' title='bbox 1274 1318 1349 1356; x_wconf 84' lang='lat' dir='ltr'><strong>per</strong></span> <span class='ocrx_word' id='word_1_173' title='bbox 1376 1305 1550 1342; x_wconf 78' lang='lat' dir='ltr'><strong>Genium</strong></span> <span class='ocrx_word' id='word_1_174' title='bbox 1575 1310 1703 1341; x_wconf 84' lang='lat' dir='ltr'><strong>tuum.</strong></span> 
     </span>
     <span class='ocr_line' id='line_1_17' title="bbox 157 1371 1702 1426; baseline -0.002 -14"><span class='ocrx_word' id='word_1_175' title='bbox 157 1373 251 1412; x_wconf 86' lang='lat' dir='ltr'><strong>Tib.</strong></span> <span class='ocrx_word' id='word_1_176' title='bbox 277 1371 329 1424; x_wconf 82' lang='grc'><strong>,4,</strong></span> <span class='ocrx_word' id='word_1_177' title='bbox 364 1371 416 1423; x_wconf 87' lang='grc'>5,</span> <span class='ocrx_word' id='word_1_178' title='bbox 455 1371 498 1412; x_wconf 88' lang='grc'><strong>8.</strong></span> <span class='ocrx_word' id='word_1_179' title='bbox 557 1373 717 1425; x_wconf 77' lang='lat' dir='ltr'><strong>Perque</strong></span> <span class='ocrx_word' id='word_1_180' title='bbox 744 1380 832 1411; x_wconf 77' lang='lat' dir='ltr'><strong>tuos</strong></span> <span class='ocrx_word' id='word_1_181' title='bbox 864 1373 1001 1411; x_wconf 78' lang='lat' dir='ltr'><strong>oculos</strong></span> <span class='ocrx_word' id='word_1_182' title='bbox 1029 1386 1103 1424; x_wconf 80' lang='lat' dir='ltr'><strong>per</strong></span> <span class='ocrx_word' id='word_1_183' title='bbox 1134 1374 1389 1426; x_wconf 76' lang='lat' dir='ltr'><strong>Geniumque</strong></span> <span class='ocrx_word' id='word_1_184' title='bbox 1413 1387 1524 1425; x_wconf 81' lang='lat' dir='ltr'><strong>rogo.</strong></span> <span class='ocrx_word' id='word_1_185' title='bbox 1586 1371 1702 1410; x_wconf 91' lang='lat' dir='ltr'><strong>Conf.</strong></span> 
     </span>
     <span class='ocr_line' id='line_1_18' title="bbox 157 1439 1703 1495; baseline -0.002 -15"><span class='ocrx_word' id='word_1_186' title='bbox 157 1440 286 1480; x_wconf 91' lang='lat' dir='ltr'><strong>Plaut.</strong></span> <span class='ocrx_word' id='word_1_187' title='bbox 311 1439 465 1491; x_wconf 83' lang='lat' dir='ltr'><strong>Captiv.</strong></span> <span class='ocrx_word' id='word_1_188' title='bbox 497 1439 548 1492; x_wconf 90' lang='grc'><strong>5,</strong></span> <span class='ocrx_word' id='word_1_189' title='bbox 579 1443 631 1493; x_wconf 90' lang='grc'>2,</span> <span class='ocrx_word' id='word_1_190' title='bbox 661 1441 732 1484; x_wconf 84' lang='grc'>24.</span> <span class='ocrx_word' id='word_1_191' title='bbox 760 1464 819 1473; x_wconf 86' lang='grc'><strong>--</strong></span> <span class='ocrx_word' id='word_1_192' title='bbox 845 1442 1104 1494; x_wconf 83' lang='lat' dir='ltr'><strong>dextramque</strong></span> <span class='ocrx_word' id='word_1_193' title='bbox 1127 1442 1188 1495; x_wconf 90' lang='lat' dir='ltr'><strong>(ut</strong></span> <span class='ocrx_word' id='word_1_194' title='bbox 1215 1443 1309 1482; x_wconf 87' lang='lat' dir='ltr'><strong>fidei</strong></span> <span class='ocrx_word' id='word_1_195' title='bbox 1337 1439 1581 1494; x_wconf 86' lang='lat' dir='ltr'><strong>symbolum).</strong></span> <span class='ocrx_word' id='word_1_196' title='bbox 1638 1439 1703 1477; x_wconf 89' lang='lat' dir='ltr'><strong>Sic</strong></span> 
     </span>
     <span class='ocr_line' id='line_1_19' title="bbox 156 1507 1706 1563; baseline -0.001 -16"><span class='ocrx_word' id='word_1_197' title='bbox 156 1509 266 1560; x_wconf 85' lang='lat' dir='ltr'><strong>Virg.</strong></span> <span class='ocrx_word' id='word_1_198' title='bbox 287 1507 386 1548; x_wconf 83' lang='lat' dir='ltr'><strong>Aen·</strong></span> <span class='ocrx_word' id='word_1_199' title='bbox 407 1507 450 1558; x_wconf 83' lang='grc'>4,</span> <span class='ocrx_word' id='word_1_200' title='bbox 479 1507 576 1551; x_wconf 81' lang='grc'>314.</span> <span class='ocrx_word' id='word_1_201' title='bbox 636 1512 720 1549; x_wconf 90' lang='lat' dir='ltr'><strong>Per</strong></span> <span class='ocrx_word' id='word_1_202' title='bbox 746 1525 817 1563; x_wconf 78' lang='lat' dir='ltr'><strong>ego</strong></span> <span class='ocrx_word' id='word_1_203' title='bbox 845 1510 921 1549; x_wconf 78' lang='lat' dir='ltr'><strong>lias</strong></span> <span class='ocrx_word' id='word_1_204' title='bbox 946 1511 1138 1548; x_wconf 75' lang='lat' dir='ltr'><strong>lacrimas</strong></span> <span class='ocrx_word' id='word_1_205' title='bbox 1161 1511 1420 1562; x_wconf 83' lang='lat' dir='ltr'><strong>dextramque</strong></span> <span class='ocrx_word' id='word_1_206' title='bbox 1446 1517 1560 1547; x_wconf 85' lang='lat' dir='ltr'><strong>tuam</strong></span> <span class='ocrx_word' id='word_1_207' title='bbox 1589 1516 1626 1546; x_wconf 79' lang='lat' dir='ltr'><strong>te</strong></span> <span class='ocrx_word' id='word_1_208' title='bbox 1646 1529 1706 1537; x_wconf 90' lang='lat'><strong>——</strong></span> 
     </span>
     <span class='ocr_line' id='line_1_20' title="bbox 156 1574 1706 1630; baseline -0.003 -12"><span class='ocrx_word' id='word_1_209' title='bbox 156 1578 256 1618; x_wconf 89' lang='lat' dir='ltr'><strong>Ibid.</strong></span> <span class='ocrx_word' id='word_1_210' title='bbox 276 1579 320 1629; x_wconf 88' lang='lat'><strong>7,</strong></span> <span class='ocrx_word' id='word_1_211' title='bbox 341 1574 438 1620; x_wconf 81' lang='lat'><strong>234.</strong></span> <span class='ocrx_word' id='word_1_212' title='bbox 498 1577 580 1616; x_wconf 90' lang='lat' dir='ltr'><strong>Cic.</strong></span> <span class='ocrx_word' id='word_1_213' title='bbox 600 1590 660 1629; x_wconf 89' lang='lat' dir='ltr'><strong>pr.</strong></span> <span class='ocrx_word' id='word_1_214' title='bbox 680 1577 811 1630; x_wconf 86' lang='lat' dir='ltr'><strong>Dejot.</strong></span> <span class='ocrx_word' id='word_1_215' title='bbox 832 1578 876 1618; x_wconf 87' lang='lat'><strong>9.</strong></span> <span class='ocrx_word' id='word_1_216' title='bbox 934 1581 1018 1618; x_wconf 91' lang='lat' dir='ltr'><strong>Per</strong></span> <span class='ocrx_word' id='word_1_217' title='bbox 1044 1580 1226 1618; x_wconf 81' lang='lat' dir='ltr'><strong>dextram</strong></span> <span class='ocrx_word' id='word_1_218' title='bbox 1253 1585 1289 1615; x_wconf 79' lang='lat' dir='ltr'><strong>te</strong></span> <span class='ocrx_word' id='word_1_219' title='bbox 1318 1580 1438 1616; x_wconf 77' lang='lat' dir='ltr'><strong>istam</strong></span> <span class='ocrx_word' id='word_1_220' title='bbox 1465 1592 1552 1624; x_wconf 82' lang='lat' dir='ltr'><strong>oro,</strong></span> <span class='ocrx_word' id='word_1_221' title='bbox 1580 1588 1706 1629; x_wconf 84' lang='lat' dir='ltr'><strong>quam</strong></span> 
     </span>
     <span class='ocr_line' id='line_1_21' title="bbox 157 1643 1706 1698; baseline 0.001 -15"><span class='ocrx_word' id='word_1_222' title='bbox 157 1647 246 1697; x_wconf 84' lang='lat' dir='ltr'><strong>regi</strong></span> <span class='ocrx_word' id='word_1_223' title='bbox 271 1647 466 1694; x_wconf 83' lang='lat' dir='ltr'><strong>Dejotaro</strong></span> <span class='ocrx_word' id='word_1_224' title='bbox 498 1643 649 1696; x_wconf 76' lang='lat' dir='ltr'><strong>hospiti</strong></span> <span class='ocrx_word' id='word_1_225' title='bbox 668 1649 895 1697; x_wconf 77' lang='lat' dir='ltr'><strong>porrexisti.</strong></span> <span class='ocrx_word' id='word_1_226' title='bbox 954 1648 1016 1686; x_wconf 90' lang='lat' dir='ltr'><strong>Cf.</strong></span> <span class='ocrx_word' id='word_1_227' title='bbox 1047 1648 1158 1686; x_wconf 89' lang='lat' dir='ltr'><strong>Cort.</strong></span> <span class='ocrx_word' id='word_1_228' title='bbox 1181 1649 1231 1686; x_wconf 94' lang='lat' dir='ltr'><strong>ad</strong></span> <span class='ocrx_word' id='word_1_229' title='bbox 1255 1648 1349 1687; x_wconf 92' lang='lat' dir='ltr'><strong>Sall.</strong></span> <span class='ocrx_word' id='word_1_230' title='bbox 1369 1648 1459 1698; x_wconf 88' lang='lat' dir='ltr'><strong>Jug.</strong></span> <span class='ocrx_word' id='word_1_231' title='bbox 1489 1647 1560 1696; x_wconf 87' lang='grc'>10,</span> <span class='ocrx_word' id='word_1_232' title='bbox 1585 1646 1626 1686; x_wconf 90' lang='grc'><strong>3.</strong></span> <span class='ocrx_word' id='word_1_233' title='bbox 1648 1667 1706 1675; x_wconf 90' lang='lat'><strong>—-—</strong></span> 
     </span>
     <span class='ocr_line' id='line_1_22' title="bbox 160 1713 1707 1768; baseline -0.001 -15"><span class='ocrx_word' id='word_1_234' title='bbox 160 1715 328 1767; x_wconf 75' lang='lat' dir='ltr'><strong>deosque</strong></span> <span class='ocrx_word' id='word_1_235' title='bbox 357 1713 527 1752; x_wconf 74' lang='lat' dir='ltr'><strong>Penatis</strong></span> <span class='ocrx_word' id='word_1_236' title='bbox 564 1713 627 1765; x_wconf 88' lang='lat' dir='ltr'><strong>(ut</strong></span> <span class='ocrx_word' id='word_1_237' title='bbox 660 1715 939 1755; x_wconf 89' lang='lat' dir='ltr'><strong>sanctissimum</strong></span> <span class='ocrx_word' id='word_1_238' title='bbox 974 1717 1117 1755; x_wconf 89' lang='lat' dir='ltr'><strong>tutelae</strong></span> <span class='ocrx_word' id='word_1_239' title='bbox 1146 1714 1339 1768; x_wconf 87' lang='lat' dir='ltr'><strong>signum),</strong></span> <span class='ocrx_word' id='word_1_240' title='bbox 1388 1715 1472 1753; x_wconf 90' lang='lat' dir='ltr'><strong>Cic.</strong></span> <span class='ocrx_word' id='word_1_241' title='bbox 1510 1714 1631 1752; x_wconf 86' lang='lat' dir='ltr'><strong>Acad.</strong></span> <span class='ocrx_word' id='word_1_242' title='bbox 1662 1715 1707 1765; x_wconf 86' lang='grc'>2,</span> 
     </span>
     <span class='ocr_line' id='line_1_23' title="bbox 160 1782 1706 1836; baseline 0 -15"><span class='ocrx_word' id='word_1_243' title='bbox 160 1784 234 1834; x_wconf 85' lang='grc'>20,</span> <span class='ocrx_word' id='word_1_244' title='bbox 258 1782 327 1824; x_wconf 87' lang='lat'><strong>65.</strong></span> <span class='ocrx_word' id='word_1_245' title='bbox 346 1784 534 1830; x_wconf 86' lang='lat' dir='ltr'><strong>jurarem</strong></span> <span class='ocrx_word' id='word_1_246' title='bbox 555 1795 633 1832; x_wconf 80' lang='lat' dir='ltr'><strong>per</strong></span> <span class='ocrx_word' id='word_1_247' title='bbox 659 1782 799 1820; x_wconf 74' lang='lat' dir='ltr'><strong>Iovem</strong></span> <span class='ocrx_word' id='word_1_248' title='bbox 825 1783 994 1835; x_wconf 81' lang='lat' dir='ltr'><strong>deosque</strong></span> <span class='ocrx_word' id='word_1_249' title='bbox 1019 1785 1207 1822; x_wconf 76' lang='lat' dir='ltr'><strong>Penates.</strong></span> <span class='ocrx_word' id='word_1_250' title='bbox 1269 1783 1420 1823; x_wconf 85' lang='lat' dir='ltr'><strong>Similes</strong></span> <span class='ocrx_word' id='word_1_251' title='bbox 1445 1784 1599 1836; x_wconf 88' lang='lat' dir='ltr'><strong>jurandi</strong></span> <span class='ocrx_word' id='word_1_252' title='bbox 1625 1784 1706 1821; x_wconf 87' lang='lat' dir='ltr'><strong>for-</strong></span> 
     </span>
     <span class='ocr_line' id='line_1_24' title="bbox 159 1849 1709 1905; baseline -0.001 -16"><span class='ocrx_word' id='word_1_253' title='bbox 159 1849 281 1889; x_wconf 84' lang='lat' dir='ltr'><strong>mulas</strong></span> <span class='ocrx_word' id='word_1_254' title='bbox 319 1851 396 1889; x_wconf 89' lang='lat' dir='ltr'><strong>vid.</strong></span> <span class='ocrx_word' id='word_1_255' title='bbox 432 1863 498 1902; x_wconf 88' lang='lat' dir='ltr'><strong>ap.</strong></span> <span class='ocrx_word' id='word_1_256' title='bbox 534 1850 710 1890; x_wconf 88' lang='lat' dir='ltr'><strong>Brisson.</strong></span> <span class='ocrx_word' id='word_1_257' title='bbox 748 1852 797 1890; x_wconf 90' lang='lat' dir='ltr'><strong>de</strong></span> <span class='ocrx_word' id='word_1_258' title='bbox 830 1852 961 1895; x_wconf 87' lang='lat' dir='ltr'><strong>Form.</strong></span> <span class='ocrx_word' id='word_1_259' title='bbox 993 1855 1045 1905; x_wconf 84' lang='grc'>8,</span> <span class='ocrx_word' id='word_1_260' title='bbox 1081 1852 1263 1896; x_wconf 21' lang='lat'><strong>1—19..</strong></span> <span class='ocrx_word' id='word_1_261' title='bbox 1286 1857 1329 1891; x_wconf 87' lang='lat' dir='ltr'><strong>et</strong></span> <span class='ocrx_word' id='word_1_262' title='bbox 1361 1854 1462 1893; x_wconf 91' lang='lat' dir='ltr'><strong>conf.</strong></span> <span class='ocrx_word' id='word_1_263' title='bbox 1491 1853 1709 1904; x_wconf 77' lang='lat' dir='ltr'><strong>Hartungi</strong></span> 
     </span>
     <span class='ocr_line' id='line_1_25' title="bbox 160 1912 1708 1975; baseline 0.001 -19"><span class='ocrx_word' id='word_1_264' title='bbox 160 1917 321 1970; x_wconf 80' lang='lat' dir='ltr'><strong>„Relig.</strong></span> <span class='ocrx_word' id='word_1_265' title='bbox 351 1918 422 1957; x_wconf 88' lang='lat' dir='ltr'><strong>der</strong></span> <span class='ocrx_word' id='word_1_266' title='bbox 445 1917 625 1957; x_wconf 75' lang='lat' dir='ltr'><strong>R3mer‘⁶</strong></span> <span class='ocrx_word' id='word_1_267' title='bbox 652 1919 685 1958; x_wconf 94' lang='lat' dir='ltr'><strong>I.</strong></span> <span class='ocrx_word' id='word_1_268' title='bbox 714 1932 754 1970; x_wconf 86' lang='lat' dir='ltr'><strong>p.</strong></span> <span class='ocrx_word' id='word_1_269' title='bbox 782 1920 854 1961; x_wconf 85' lang='lat'><strong>37.</strong></span> <span class='ocrx_word' id='word_1_270' title='bbox 913 1920 1035 1972; x_wconf 85' lang='lat' dir='ltr'><strong>Sillig.</strong></span> <span class='ocrx_word' id='word_1_271' title='bbox 1064 1912 1114 1961; x_wconf 44' lang='lat' dir='ltr'><strong>&#39;ad</strong></span> <span class='ocrx_word' id='word_1_272' title='bbox 1141 1921 1248 1972; x_wconf 88' lang='lat' dir='ltr'><strong>Virg.</strong></span> <span class='ocrx_word' id='word_1_273' title='bbox 1281 1921 1361 1975; x_wconf 88' lang='lat' dir='ltr'><strong>Cir.</strong></span> <span class='ocrx_word' id='word_1_274' title='bbox 1391 1923 1489 1964; x_wconf 87' lang='lat'><strong>272.</strong></span> <span class='ocrx_word' id='word_1_275' title='bbox 1524 1919 1708 1960; x_wconf 79' lang='lat' dir='ltr'><strong>Schmid.</strong></span> 
     </span>
     <span class='ocr_line' id='line_1_26' title="bbox 161 1984 1708 2040; baseline 0.001 -16"><span class='ocrx_word' id='word_1_276' title='bbox 161 1986 213 2024; x_wconf 90' lang='lat' dir='ltr'><strong>ad</strong></span> <span class='ocrx_word' id='word_1_277' title='bbox 239 1985 282 2029; x_wconf 89' lang='lat' dir='ltr'><strong>h.</strong></span> <span class='ocrx_word' id='word_1_278' title='bbox 309 1984 335 2024; x_wconf 84' lang='lat' dir='ltr'><strong>l.</strong></span> <span class='ocrx_word' id='word_1_279' title='bbox 391 1984 509 2024; x_wconf 83' lang='lat' dir='ltr'><strong>Errat</strong></span> <span class='ocrx_word' id='word_1_280' title='bbox 537 1991 666 2027; x_wconf 91' lang='lat' dir='ltr'><strong>autem</strong></span> <span class='ocrx_word' id='word_1_281' title='bbox 703 1987 906 2039; x_wconf 79' lang='lat' dir='ltr'><strong>Cruquius</strong></span> <span class='ocrx_word' id='word_1_282' title='bbox 918 2016 934 2034; x_wconf 86' lang='lat'>,</span> <span class='ocrx_word' id='word_1_283' title='bbox 972 2002 1090 2039; x_wconf 93' lang='lat' dir='ltr'><strong>quum</strong></span> <span class='ocrx_word' id='word_1_284' title='bbox 1114 1990 1205 2028; x_wconf 90' lang='lat' dir='ltr'><strong>illud</strong></span> <span class='ocrx_word' id='word_1_285' title='bbox 1238 1990 1357 2040; x_wconf 82' lang='lat' dir='ltr'><strong>Quod</strong></span> <span class='ocrx_word' id='word_1_286' title='bbox 1379 1988 1708 2040; x_wconf 85' lang='lat' dir='ltr'><strong>interpretandum</strong></span> 
     </span>
     <span class='ocr_line' id='line_1_27' title="bbox 162 2054 1707 2106; baseline 0.001 -13"><span class='ocrx_word' id='word_1_287' title='bbox 162 2057 296 2094; x_wconf 83' lang='lat' dir='ltr'><strong>censet</strong></span> <span class='ocrx_word' id='word_1_288' title='bbox 327 2077 357 2103; x_wconf 89' lang='lat'>„</span> <span class='ocrx_word' id='word_1_289' title='bbox 368 2065 484 2104; x_wconf 87' lang='lat' dir='ltr'><strong>quam</strong></span> <span class='ocrx_word' id='word_1_290' title='bbox 503 2066 607 2104; x_wconf 88' lang='lat' dir='ltr'><strong>rem,</strong></span> <span class='ocrx_word' id='word_1_291' title='bbox 651 2055 755 2105; x_wconf 93' lang='lat' dir='ltr'><strong>quod</strong></span> <span class='ocrx_word' id='word_1_292' title='bbox 782 2054 1032 2106; x_wconf 84' lang='lat' dir='ltr'><strong>beneficium,</strong></span> <span class='ocrx_word' id='word_1_293' title='bbox 1078 2058 1252 2095; x_wconf 90' lang='lat' dir='ltr'><strong>nimirum</strong></span> <span class='ocrx_word' id='word_1_294' title='bbox 1278 2063 1323 2096; x_wconf 86' lang='lat' dir='ltr'><strong>ut</strong></span> <span class='ocrx_word' id='word_1_295' title='bbox 1349 2071 1411 2096; x_wconf 93' lang='lat' dir='ltr'><strong>me</strong></span> <span class='ocrx_word' id='word_1_296' title='bbox 1437 2057 1578 2095; x_wconf 86' lang='lat' dir='ltr'><strong>reddas</strong></span> <span class='ocrx_word' id='word_1_297' title='bbox 1606 2057 1707 2094; x_wconf 84' lang='lat' dir='ltr'><strong>vitae</strong></span> 
     </span>
     <span class='ocr_line' id='line_1_28' title="bbox 160 2115 1708 2175; baseline 0 -15"><span class='ocrx_word' id='word_1_298' title='bbox 160 2121 326 2175; x_wconf 76' lang='lat' dir='ltr'><strong>priori-‘⁶</strong></span> <span class='ocrx_word' id='word_1_299' title='bbox 382 2121 458 2159; x_wconf 87' lang='lat' dir='ltr'><strong>Est</strong></span> <span class='ocrx_word' id='word_1_300' title='bbox 485 2122 585 2160; x_wconf 90' lang='lat' dir='ltr'><strong>enim</strong></span> <span class='ocrx_word' id='word_1_301' title='bbox 611 2121 809 2160; x_wconf 87' lang='lat' dir='ltr'><strong>relativum</strong></span> <span class='ocrx_word' id='word_1_302' title='bbox 834 2123 1043 2174; x_wconf 88' lang='lat' dir='ltr'><strong>infinitum,</strong></span> <span class='ocrx_word' id='word_1_303' title='bbox 1086 2129 1129 2163; x_wconf 87' lang='lat' dir='ltr'><strong>ut</strong></span> <span class='ocrx_word' id='word_1_304' title='bbox 1155 2115 1239 2163; x_wconf 76' lang='lat' dir='ltr'><strong>fere</strong></span> <span class='ocrx_word' id='word_1_305' title='bbox 1266 2125 1388 2175; x_wconf 89' lang='lat' dir='ltr'><strong>idem,</strong></span> <span class='ocrx_word' id='word_1_306' title='bbox 1422 2125 1525 2175; x_wconf 92' lang='lat' dir='ltr'><strong>quod</strong></span> <span class='ocrx_word' id='word_1_307' title='bbox 1545 2130 1708 2175; x_wconf 81' lang='lat' dir='ltr'><strong>propter</strong></span> 
     </span>
     <span class='ocr_line' id='line_1_29' title="bbox 163 2187 1708 2244; baseline 0.003 -16"><span class='ocrx_word' id='word_1_308' title='bbox 163 2190 277 2243; x_wconf 84' lang='lat' dir='ltr'><strong>quod</strong></span> <span class='ocrx_word' id='word_1_309' title='bbox 303 2189 366 2242; x_wconf 89' lang='lat' dir='ltr'><strong>(ut</strong></span> <span class='ocrx_word' id='word_1_310' title='bbox 394 2190 631 2228; x_wconf 88' lang='lat' dir='ltr'><strong>Graecorum</strong></span> <span class='ocrx_word' id='word_1_311' title='bbox 669 2187 715 2240; x_wconf 78' lang='grc' dir='ltr'>ὅ,</span> <span class='ocrx_word' id='word_1_312' title='bbox 765 2191 814 2228; x_wconf 89' lang='lat' dir='ltr'><strong>de</strong></span> <span class='ocrx_word' id='word_1_313' title='bbox 851 2203 927 2241; x_wconf 89' lang='lat' dir='ltr'><strong>quo</strong></span> <span class='ocrx_word' id='word_1_314' title='bbox 957 2192 1033 2233; x_wconf 82' lang='lat' dir='ltr'><strong>vid.</strong></span> <span class='ocrx_word' id='word_1_315' title='bbox 1059 2191 1267 2230; x_wconf 88' lang='lat' dir='ltr'><strong>Hermann.</strong></span> <span class='ocrx_word' id='word_1_316' title='bbox 1303 2193 1353 2230; x_wconf 88' lang='lat' dir='ltr'><strong>ad</strong></span> <span class='ocrx_word' id='word_1_317' title='bbox 1379 2193 1509 2243; x_wconf 85' lang='lat' dir='ltr'><strong>Viger.</strong></span> <span class='ocrx_word' id='word_1_318' title='bbox 1537 2206 1577 2244; x_wconf 92' lang='lat' dir='ltr'><strong>p.</strong></span> <span class='ocrx_word' id='word_1_319' title='bbox 1610 2192 1708 2232; x_wconf 88' lang='lat'><strong>706.</strong></span> 
     </span>
     <span class='ocr_line' id='line_1_30' title="bbox 162 2255 1707 2313; baseline 0 -16"><span class='ocrx_word' id='word_1_320' title='bbox 162 2264 244 2297; x_wconf 84' lang='lat' dir='ltr'><strong>not.</strong></span> <span class='ocrx_word' id='word_1_321' title='bbox 267 2255 328 2309; x_wconf 87' lang='lat'><strong>4.)</strong></span> <span class='ocrx_word' id='word_1_322' title='bbox 354 2262 394 2296; x_wconf 90' lang='lat' dir='ltr'><strong>et</strong></span> <span class='ocrx_word' id='word_1_323' title='bbox 412 2257 461 2296; x_wconf 93' lang='lat' dir='ltr'><strong>ob</strong></span> <span class='ocrx_word' id='word_1_324' title='bbox 491 2271 575 2296; x_wconf 89' lang='lat' dir='ltr'><strong>eam</strong></span> <span class='ocrx_word' id='word_1_325' title='bbox 598 2271 750 2296; x_wconf 89' lang='lat' dir='ltr'><strong>causam</strong></span> <span class='ocrx_word' id='word_1_326' title='bbox 779 2259 950 2297; x_wconf 90' lang='lat' dir='ltr'><strong>formulis</strong></span> <span class='ocrx_word' id='word_1_327' title='bbox 973 2262 1124 2311; x_wconf 84' lang='lat' dir='ltr'><strong>jurandi</strong></span> <span class='ocrx_word' id='word_1_328' title='bbox 1145 2274 1261 2313; x_wconf 86' lang='lat' dir='ltr'><strong>saepe</strong></span> <span class='ocrx_word' id='word_1_329' title='bbox 1279 2262 1559 2312; x_wconf 88' lang='lat' dir='ltr'><strong>praemittatur.</strong></span> <span class='ocrx_word' id='word_1_330' title='bbox 1597 2260 1707 2299; x_wconf 89' lang='lat' dir='ltr'><strong>Hanc</strong></span> 
     </span>
     <span class='ocr_line' id='line_1_31' title="bbox 162 2326 1703 2379; baseline 0.001 -14"><span class='ocrx_word' id='word_1_331' title='bbox 162 2327 437 2378; x_wconf 89' lang='lat' dir='ltr'><strong>interpretandi</strong></span> <span class='ocrx_word' id='word_1_332' title='bbox 465 2327 650 2365; x_wconf 87' lang='lat' dir='ltr'><strong>rationem</strong></span> <span class='ocrx_word' id='word_1_333' title='bbox 677 2326 810 2364; x_wconf 89' lang='lat' dir='ltr'><strong>duram</strong></span> <span class='ocrx_word' id='word_1_334' title='bbox 831 2328 947 2366; x_wconf 84' lang='lat' dir='ltr'><strong>videri</strong></span> <span class='ocrx_word' id='word_1_335' title='bbox 968 2329 1210 2367; x_wconf 76' lang='lat' dir='ltr'><strong>Ruhnkenio</strong></span> <span class='ocrx_word' id='word_1_336' title='bbox 1234 2330 1281 2367; x_wconf 86' lang='lat' dir='ltr'><strong>ad</strong></span> <span class='ocrx_word' id='word_1_337' title='bbox 1299 2329 1460 2367; x_wconf 90' lang='lat' dir='ltr'><strong>Terent.</strong></span> <span class='ocrx_word' id='word_1_338' title='bbox 1484 2331 1523 2379; x_wconf 87' lang='lat'><strong>1,</strong></span> <span class='ocrx_word' id='word_1_339' title='bbox 1551 2329 1593 2378; x_wconf 83' lang='lat'><strong>5,</strong></span> <span class='ocrx_word' id='word_1_340' title='bbox 1617 2326 1703 2378; x_wconf 63' lang='lat'><strong>54„</strong></span> 
     </span>
     <span class='ocr_line' id='line_1_32' title="bbox 162 2394 1707 2450; baseline 0 -16"><span class='ocrx_word' id='word_1_341' title='bbox 162 2394 227 2434; x_wconf 91' lang='lat' dir='ltr'><strong>ubi</strong></span> <span class='ocrx_word' id='word_1_342' title='bbox 251 2394 392 2432; x_wconf 85' lang='lat' dir='ltr'><strong>mavult</strong></span> <span class='ocrx_word' id='word_1_343' title='bbox 422 2396 491 2445; x_wconf 83' lang='lat' dir='ltr'><strong>„in</strong></span> <span class='ocrx_word' id='word_1_344' title='bbox 519 2408 611 2445; x_wconf 83' lang='lat' dir='ltr'><strong>quo,</strong></span> <span class='ocrx_word' id='word_1_345' title='bbox 641 2395 681 2432; x_wconf 90' lang='lat' dir='ltr'><strong>in</strong></span> <span class='ocrx_word' id='word_1_346' title='bbox 709 2407 784 2446; x_wconf 87' lang='lat' dir='ltr'><strong>qua</strong></span> <span class='ocrx_word' id='word_1_347' title='bbox 805 2396 894 2445; x_wconf 82' lang='lat' dir='ltr'><strong>re,“</strong></span> <span class='ocrx_word' id='word_1_348' title='bbox 916 2409 1011 2436; x_wconf 89' lang='lat' dir='ltr'><strong>sane</strong></span> <span class='ocrx_word' id='word_1_349' title='bbox 1036 2399 1164 2436; x_wconf 87' lang='lat' dir='ltr'><strong>miror.</strong></span> <span class='ocrx_word' id='word_1_350' title='bbox 1220 2399 1318 2437; x_wconf 88' lang='lat' dir='ltr'><strong>Rem</strong></span> <span class='ocrx_word' id='word_1_351' title='bbox 1345 2399 1469 2450; x_wconf 87' lang='lat' dir='ltr'><strong>ipsam</strong></span> <span class='ocrx_word' id='word_1_352' title='bbox 1495 2402 1534 2435; x_wconf 89' lang='lat' dir='ltr'><strong>et</strong></span> <span class='ocrx_word' id='word_1_353' title='bbox 1560 2398 1707 2435; x_wconf 86' lang='lat' dir='ltr'><strong>ratione</strong></span> 
     </span>
     <span class='ocr_line' id='line_1_33' title="bbox 165 2462 1704 2518; baseline 0.001 -16"><span class='ocrx_word' id='word_1_354' title='bbox 165 2468 205 2502; x_wconf 85' lang='lat' dir='ltr'><strong>et</strong></span> <span class='ocrx_word' id='word_1_355' title='bbox 227 2462 409 2514; x_wconf 82' lang='lat' dir='ltr'><strong>exemplis</strong></span> <span class='ocrx_word' id='word_1_356' title='bbox 440 2464 652 2502; x_wconf 86' lang='lat' dir='ltr'><strong>enodarunt</strong></span> <span class='ocrx_word' id='word_1_357' title='bbox 676 2463 906 2502; x_wconf 78' lang='lat' dir='ltr'><strong>Schmidius</strong></span> <span class='ocrx_word' id='word_1_358' title='bbox 929 2465 978 2502; x_wconf 89' lang='lat' dir='ltr'><strong>ad</strong></span> <span class='ocrx_word' id='word_1_359' title='bbox 1000 2465 1036 2502; x_wconf 91' lang='lat' dir='ltr'><strong>h.</strong></span> <span class='ocrx_word' id='word_1_360' title='bbox 1061 2465 1086 2503; x_wconf 94' lang='lat' dir='ltr'><strong>l.</strong></span> <span class='ocrx_word' id='word_1_361' title='bbox 1113 2471 1153 2505; x_wconf 87' lang='lat' dir='ltr'><strong>et</strong></span> <span class='ocrx_word' id='word_1_362' title='bbox 1175 2467 1380 2518; x_wconf 81' lang='lat' dir='ltr'><strong>Forbiger.</strong></span> <span class='ocrx_word' id='word_1_363' title='bbox 1411 2467 1460 2503; x_wconf 91' lang='lat' dir='ltr'><strong>ad</strong></span> <span class='ocrx_word' id='word_1_364' title='bbox 1481 2466 1585 2516; x_wconf 89' lang='lat' dir='ltr'><strong>Virg.</strong></span> <span class='ocrx_word' id='word_1_365' title='bbox 1607 2465 1704 2504; x_wconf 90' lang='lat' dir='ltr'><strong>Aen.</strong></span> 
     </span>
     <span class='ocr_line' id='line_1_34' title="bbox 165 2530 1708 2587; baseline 0.002 -18"><span class='ocrx_word' id='word_1_366' title='bbox 165 2533 218 2581; x_wconf 88' lang='grc'>2,</span> <span class='ocrx_word' id='word_1_367' title='bbox 261 2530 357 2572; x_wconf 81' lang='lat'><strong>141.</strong></span> <span class='ocrx_word' id='word_1_368' title='bbox 414 2532 543 2576; x_wconf 87' lang='lat' dir='ltr'><strong>Quare</strong></span> <span class='ocrx_word' id='word_1_369' title='bbox 572 2531 712 2570; x_wconf 87' lang='lat' dir='ltr'><strong>abeant</strong></span> <span class='ocrx_word' id='word_1_370' title='bbox 736 2532 822 2582; x_wconf 86' lang='lat' dir='ltr'><strong>qui,</strong></span> <span class='ocrx_word' id='word_1_371' title='bbox 851 2532 904 2570; x_wconf 82' lang='lat' dir='ltr'><strong>uti</strong></span> <span class='ocrx_word' id='word_1_372' title='bbox 938 2533 1133 2572; x_wconf 79' lang='lat' dir='ltr'><strong>Valartus</strong></span> <span class='ocrx_word' id='word_1_373' title='bbox 1160 2548 1200 2586; x_wconf 92' lang='lat' dir='ltr'><strong>p.</strong></span> <span class='ocrx_word' id='word_1_374' title='bbox 1231 2534 1353 2586; x_wconf 55' lang='lat'><strong>346„</strong></span> <span class='ocrx_word' id='word_1_375' title='bbox 1381 2535 1708 2587; x_wconf 90' lang='lat' dir='ltr'><strong>praepositionem</strong></span> 
     </span>
     <span class='ocr_line' id='line_1_35' title="bbox 158 2598 774 2650; baseline 0.003 -14"><span class='ocrx_word' id='word_1_376' title='bbox 158 2606 326 2650; x_wconf 82' lang='lat' dir='ltr'><strong>propter</strong></span> <span class='ocrx_word' id='word_1_377' title='bbox 353 2598 604 2650; x_wconf 87' lang='lat' dir='ltr'><strong>supplendam</strong></span> <span class='ocrx_word' id='word_1_378' title='bbox 632 2601 774 2638; x_wconf 90' lang='lat' dir='ltr'><strong>dicunt.</strong></span> 
     </span>
    </p>

    <p class='ocr_par' dir='ltr' id='par_1_3' title="bbox 165 2665 1709 2996">
     <span class='ocr_line' id='line_1_36' title="bbox 277 2665 1707 2718; baseline 0.003 -13"><span class='ocrx_word' id='word_1_379' title='bbox 277 2666 323 2705; x_wconf 89' lang='lat' dir='ltr'><strong>V.</strong></span> <span class='ocrx_word' id='word_1_380' title='bbox 355 2665 554 2709; x_wconf 58' lang='lat'><strong>96—98.</strong></span> <span class='ocrx_word' id='word_1_381' title='bbox 621 2669 703 2718; x_wconf 81' lang='lat' dir='ltr'><strong>Qui</strong></span> <span class='ocrx_word' id='word_1_382' title='bbox 729 2668 851 2706; x_wconf 83' lang='lat' dir='ltr'><strong>semel</strong></span> <span class='ocrx_word' id='word_1_383' title='bbox 877 2691 932 2698; x_wconf 83' lang='lat'><strong>—-</strong></span> <span class='ocrx_word' id='word_1_384' title='bbox 961 2676 1028 2711; x_wconf 75' lang='lat' dir='ltr'><strong>est,</strong></span> <span class='ocrx_word' id='word_1_385' title='bbox 1086 2670 1322 2707; x_wconf 85' lang='lat' dir='ltr'><strong>Sententiam</strong></span> <span class='ocrx_word' id='word_1_386' title='bbox 1349 2669 1447 2708; x_wconf 86' lang='lat' dir='ltr'><strong>hanc</strong></span> <span class='ocrx_word' id='word_1_387' title='bbox 1472 2683 1707 2709; x_wconf 90' lang='lat' dir='ltr'><strong>communem</strong></span> 
     </span>
     <span class='ocr_line' id='line_1_37' title="bbox 165 2735 1707 2789; baseline 0.002 -15"><span class='ocrx_word' id='word_1_388' title='bbox 165 2736 214 2774; x_wconf 86' lang='lat' dir='ltr'><strong>ab</strong></span> <span class='ocrx_word' id='word_1_389' title='bbox 251 2737 337 2788; x_wconf 89' lang='lat' dir='ltr'><strong>ipso</strong></span> <span class='ocrx_word' id='word_1_390' title='bbox 364 2735 526 2774; x_wconf 85' lang='lat' dir='ltr'><strong>Horatio</strong></span> <span class='ocrx_word' id='word_1_391' title='bbox 565 2735 787 2788; x_wconf 81' lang='grc' dir='ltr'><strong><em>ε’πιμυθίου</em></strong></span> <span class='ocrx_word' id='word_1_392' title='bbox 824 2737 908 2776; x_wconf 91' lang='lat' dir='ltr'><strong>loco</strong></span> <span class='ocrx_word' id='word_1_393' title='bbox 948 2738 1161 2788; x_wconf 86' lang='lat' dir='ltr'><strong>adjectam,</strong></span> <span class='ocrx_word' id='word_1_394' title='bbox 1203 2752 1280 2776; x_wconf 90' lang='lat' dir='ltr'><strong>nou</strong></span> <span class='ocrx_word' id='word_1_395' title='bbox 1311 2751 1336 2776; x_wconf 87' lang='lat' dir='ltr'><strong>a</strong></span> <span class='ocrx_word' id='word_1_396' title='bbox 1362 2738 1539 2789; x_wconf 90' lang='lat' dir='ltr'><strong>Philippo</strong></span> <span class='ocrx_word' id='word_1_397' title='bbox 1567 2739 1707 2777; x_wconf 89' lang='lat' dir='ltr'><strong>Menae</strong></span> 
     </span>
     <span class='ocr_line' id='line_1_38' title="bbox 165 2804 1709 2858; baseline 0.002 -16"><span class='ocrx_word' id='word_1_398' title='bbox 165 2804 363 2855; x_wconf 88' lang='lat' dir='ltr'><strong>praecepti</strong></span> <span class='ocrx_word' id='word_1_399' title='bbox 389 2805 510 2842; x_wconf 85' lang='lat' dir='ltr'><strong>instar</strong></span> <span class='ocrx_word' id='word_1_400' title='bbox 539 2804 689 2854; x_wconf 82' lang='lat' dir='ltr'><strong>datam,</strong></span> <span class='ocrx_word' id='word_1_401' title='bbox 734 2806 828 2844; x_wconf 87' lang='lat' dir='ltr'><strong>mire</strong></span> <span class='ocrx_word' id='word_1_402' title='bbox 859 2808 1006 2844; x_wconf 76' lang='lat' dir='ltr'><strong>vexavit</strong></span> <span class='ocrx_word' id='word_1_403' title='bbox 1045 2806 1142 2843; x_wconf 84' lang='lat' dir='ltr'><strong>salsa</strong></span> <span class='ocrx_word' id='word_1_404' title='bbox 1170 2807 1359 2858; x_wconf 81' lang='lat' dir='ltr'><strong>scriptura</strong></span> <span class='ocrx_word' id='word_1_405' title='bbox 1386 2807 1521 2844; x_wconf 74' lang='lat' dir='ltr'><strong>simul.</strong></span> <span class='ocrx_word' id='word_1_406' title='bbox 1584 2809 1709 2852; x_wconf 85' lang='lat' dir='ltr'><strong>Quam</strong></span> 
     </span>
     <span class='ocr_line' id='line_1_39' title="bbox 168 2872 1707 2926; baseline 0.001 -16"><span class='ocrx_word' id='word_1_407' title='bbox 168 2874 231 2922; x_wconf 91' lang='lat' dir='ltr'><strong>qui</strong></span> <span class='ocrx_word' id='word_1_408' title='bbox 264 2872 447 2922; x_wconf 79' lang='lat' dir='ltr'><strong>retinent,</strong></span> <span class='ocrx_word' id='word_1_409' title='bbox 475 2875 673 2923; x_wconf 85' lang='lat' dir='ltr'><strong>postrema</strong></span> <span class='ocrx_word' id='word_1_410' title='bbox 696 2873 814 2912; x_wconf 88' lang='lat' dir='ltr'><strong>verba</strong></span> <span class='ocrx_word' id='word_1_411' title='bbox 841 2876 923 2912; x_wconf 85' lang='lat' dir='ltr'><strong>fere</strong></span> <span class='ocrx_word' id='word_1_412' title='bbox 951 2887 974 2911; x_wconf 93' lang='lat' dir='ltr'><strong>a</strong></span> <span class='ocrx_word' id='word_1_413' title='bbox 1002 2873 1175 2925; x_wconf 85' lang='lat' dir='ltr'><strong>Philippo</strong></span> <span class='ocrx_word' id='word_1_414' title='bbox 1205 2874 1342 2914; x_wconf 89' lang='lat' dir='ltr'><strong>Menae</strong></span> <span class='ocrx_word' id='word_1_415' title='bbox 1370 2876 1483 2926; x_wconf 89' lang='lat' dir='ltr'><strong>idque</strong></span> <span class='ocrx_word' id='word_1_416' title='bbox 1513 2875 1561 2913; x_wconf 92' lang='lat' dir='ltr'><strong>de</strong></span> <span class='ocrx_word' id='word_1_417' title='bbox 1580 2876 1707 2912; x_wconf 83' lang='lat' dir='ltr'><strong>Lam-</strong></span> 
     </span>
     <span class='ocr_line' id='line_1_40' title="bbox 169 2938 1708 2996; baseline 0.003 -18"><span class='ocrx_word' id='word_1_418' title='bbox 169 2938 255 2978; x_wconf 74' lang='lat' dir='ltr'><strong>him·</strong></span> <span class='ocrx_word' id='word_1_419' title='bbox 281 2940 472 2979; x_wconf 86' lang='lat' dir='ltr'><strong>sententia</strong></span> <span class='ocrx_word' id='word_1_420' title='bbox 500 2940 554 2979; x_wconf 82' lang='lat' dir='ltr'><strong>ita</strong></span> <span class='ocrx_word' id='word_1_421' title='bbox 579 2944 718 2992; x_wconf 86' lang='lat' dir='ltr'><strong>putant</strong></span> <span class='ocrx_word' id='word_1_422' title='bbox 745 2943 847 2981; x_wconf 89' lang='lat' dir='ltr'><strong>dicta</strong></span> <span class='ocrx_word' id='word_1_423' title='bbox 875 2954 982 2981; x_wconf 90' lang='lat' dir='ltr'><strong>esse:</strong></span> <span class='ocrx_word' id='word_1_424' title='bbox 1032 2969 1059 2993; x_wconf 88' lang='lat'>„</span> <span class='ocrx_word' id='word_1_425' title='bbox 1070 2943 1171 2993; x_wconf 84' lang='lat' dir='ltr'><strong>Qui,</strong></span> <span class='ocrx_word' id='word_1_426' title='bbox 1213 2941 1431 2996; x_wconf 86' lang='lat' dir='ltr'><strong>Philippus,</strong></span> <span class='ocrx_word' id='word_1_427' title='bbox 1481 2944 1708 2996; x_wconf 90' lang='lat' dir='ltr'><strong>simulatque</strong></span> 
     </span>
    </p>
   </div>
  </div>
 </body>
</html>
