2028 3268
120 227 179 273 49
266 227 650 272 commNTARn
676 231 736 272 IN
764 229 988 273 HonA'rn
1016 229 1116 272 Lm.
1140 231 1172 272 1.
1191 231 1358 273 ErlsT.
1379 231 1531 271 snxr.
1586 230 1671 273 321

48 346 71 403 ,ζ’
120 356 328 396 Mercurio
337 383 355 402 ,
400 357 472 408 qui
508 370 569 394 me
607 358 652 395 in
679 358 944 395 mercimoniis
970 359 1089 396 Iuvit
1112 357 1313 410 lucrisque
1340 357 1674 411 quadruplicavit

60 415 61 418 Ἴ
119 438 204 465 rem
243 439 374 466 meam
410 426 566 478 (grates
590 426 752 477 habeo).
809 425 1057 477 Quapropter
1096 428 1280 466 dissentio
1318 441 1342 466 a
1389 428 1592 466 Torrentio
1631 432 1671 466 et

8 502 15 551 J
119 493 355 534 Hockedero
366 522 385 541 ,
422 497 487 546 qui
515 496 576 534 hic
606 507 758 547 quoque
786 494 1065 545 perfectionem
1097 498 1330 547 quaternarii
1358 499 1563 548 opinantur
1590 498 1674 548 sig-

13 576 16 627 ζ
45 594 60 614 -„
117 563 328 617 nificatum,
358 578 518 616 quorum
547 564 609 602 ille
635 565 686 602 ad
714 565 754 602 id
781 576 854 601 nos
883 568 1053 623 revocat,
1087 567 1191 615 quod
1219 568 1269 604 de
1295 567 1441 616 quadro
1460 580 1530 605 seu
1549 570 1672 605 tetra-

117 647 221 687 gono
250 639 291 674 et
317 634 415 674 cubo
442 636 598 673 tradant
632 635 866 684 geometrae.
931 632 1132 684 Cruquius
1170 635 1310 685 respici
1350 638 1462 686 putat
1493 648 1672 673 acervum

118 703 412 755 Chrysippeum,
444 704 509 754 qui
536 715 616 741 non
642 701 883 749 rotundetur,
911 700 938 738 i.
960 713 994 739 e.
1023 702 1063 739 in
1087 715 1130 740 se
1151 703 1286 740 redeat
1312 702 1385 740 nisi
1413 707 1505 754 post
1530 702 1671 742 multas

42 775 43 778 ’
115 772 300 824 ambages
328 774 370 811 in
398 772 498 810 hanc
525 784 606 809 rem
633 769 794 808 laudans
818 767 926 807 Pers.
954 770 1005 819 6,
1036 772 1091 811 78
1118 792 1168 797 —
1191 770 1259 811 80.
1317 771 1493 810 Eundem
1529 771 1670 822 locum,

51 847 53 851 ’
117 842 179 880 cui
204 843 255 880 de
291 839 564 893 progressione
591 836 773 876 orationis
801 836 892 874 addi
923 842 1055 888 potest
1083 838 1170 876 Juv.
1203 835 1271 888 14,
1300 839 1384 880 323
1403 863 1452 869 ——
1471 841 1556 890 26.‚
1586 853 1672 878 cum

8 887 18 924 ἰ’
44 924 55 971 *¹4
118 908 331 948 Horatiano
371 912 570 960 comparat
603 903 865 944 casaubonus
898 919 938 956 p.
970 906 1065 947 558.
1127 906 1188 944 Cf.
1218 907 1399 946 Beroald.
1438 911 1569 946 annot.
1601 921 1672 960 ap—

46 998 54 1017 1
115 979 234 1029 pend.
266 990 300 1016 c.
331 976 372 1016 9.
398 979 439 1015 in
467 977 579 1014 Grut.
609 973 747 1024 Lamp.
779 974 863 1012 crit.
894 973 926 1012 Ι.
957 988 997 1026 p.
1026 975 1123 1015 318.
1185 975 1331 1014 Contra
1357 976 1593 1013 Perizonius
1621 977 1672 1015 ad

51 1028 59 1070 s
116 1045 215 1084 Sctii
242 1045 405 1084 Minerv.
436 1045 487 1095 3,
515 1045 557 1085 3.
586 1043 620 1082 1.
651 1056 690 1094 p.
721 1042 817 1083 515.
847 1043 896 1080 Β.
926 1042 1068 1094 quadr.
1097 1057 1228 1081 acerv.
1264 1045 1357 1082 dicit
1384 1049 1559 1095 quartam
1589 1045 1672 1095 ejus

11 1100 48 1138 ⁷·
115 1117 267 1166 partem
295 1114 527 1153 constituere
551 1127 621 1152 seu
653 1113 807 1160 facere,
857 1115 900 1149 ut
931 1116 1094 1161 quatuor
1123 1110 1296 1162 partibus
1321 1117 1485 1152 constet.
1542 1113 1673 1150 Dori-

31 1189 46 1236 s.
111 1180 250 1234 gladio
263 1209 282 1228 ,
321 1182 381 1220 cui
408 1194 526 1221 naves
556 1180 606 1218 ob
636 1180 768 1219 oculos
798 1178 1026 1218 obversatae
1058 1184 1172 1230 sunt,
1211 1180 1287 1218 sic:
1332 1193 1438 1231 „una
1466 1181 1573 1219 navis
1602 1180 1673 1220 tibi

115 1250 233 1293 6200
261 1250 440 1288 denarios
470 1250 693 1302 suppeditet
721 1247 774 1300 (v.
806 1246 896 1299 34),
926 1252 966 1287 et
990 1253 1127 1299 quarta
1152 1249 1259 1287 navis
1290 1251 1454 1300 quadret
1483 1249 1673 1288 cumulum

28 1309 55 1370 [Δ
113 1319 300 1370 pecuniae
329 1317 597 1357 numeratae.“
654 1317 773 1356 Tales
807 1317 978 1366 argutias
1015 1317 1207 1355 indicasse
1237 1319 1332 1356 satis
1365 1317 1501 1357 habeo.
1562 1319 1673 1364 Quae

2 1367 8 1403 γ’
39 1392 42 1422 “,
114 1388 166 1426 de
198 1386 358 1424 talentis
386 1386 448 1425 hic
477 1382 659 1439 disputat*
679 1386 922 1436 Desprezius
933 1413 951 1431 ,
998 1397 1135 1436 parum
1163 1386 1306 1425 habent
1332 1386 1445 1434 fidei3
1494 1391 1674 1426 accurate

35 1462 44 1478 ·’
114 1460 248 1494 autem
273 1456 323 1494 de
351 1458 434 1494 tota
454 1468 497 1493 re
526 1456 606 1506 egit
623 1453 854 1491 Boeeklzius
881 1454 921 1492 in
948 1453 1185 1504 „Metrolog.
1202 1454 1551 1507 Untersuchungen
1578 1455 1673 1493 iiber

32 1523 40 1546 ³>
117 1523 339 1574 Gewichte,
377 1523 636 1562 Miinzfxisse‘6
666 1528 740 1562 etc.
770 1522 874 1562 Berl.
907 1522 1033 1564 1838.
1061 1535 1101 1573 p.
1134 1521 1231 1564 298.
1264 1522 1386 1574 299.‚
1427 1536 1591 1574 quocum
1621 1524 1671 1562 cf.

111 1593 383 1632 Hartmann:
431 1591 752 1642 „Tabellarische
781 1590 1013 1630 Uebersicht
1051 1593 1120 1629 der
1157 1590 1484 1641 gewo'hnlichsten
1519 1591 1671 1630 altrt‘im.

113 1659 313 1700 Miinzen“
336 1664 410 1699 etc.
435 1659 571 1712 Leipz.
605 1661 727 1702 1828.
757 1673 797 1710 p.
820 1659 889 1701 58.
947 1658 1005 1696 Ex
1032 1663 1167 1696 nostra
1198 1658 1315 1708 igitur
1343 1659 1586 1709 computandi
1609 1671 1673 1696 ra-

112 1730 219 1768 tione
247 1729 359 1767 mille
387 1727 542 1766 talenta
571 1727 742 1766 efficiunt
760 1727 994 1778 1‚225‚000
1012 1726 1181 1764 thaleros
1208 1725 1359 1764 boruss.
1396 1725 1515 1764 Paulo
1542 1727 1674 1765 differt

6 1795 7 1798 '
40 1810 43 1818 ’
111 1797 184 1836 Η.
216 1795 407 1835 Schultze
426 1797 467 1834 in
496 1795 655 1834 Passov.
685 1793 817 1836 Lexic.
849 1809 909 1847 gr.
938 1794 989 1834 ΙΙ.
1019 1808 1059 1848 p.
1091 1796 1159 1836 76.
1190 1795 1357 1847 append.
1390 1794 1439 1833 cf.
1472 1794 1593 1834 Orell.
1619 1796 1671 1834 ad

26 1853 31 1882 ³
109 1864 193 1905 Sat.
223 1867 275 1915 2,
305 1866 358 1915 7,
385 1864 455 1907 89.

49 1938 52 1943 '
223 1931 270 1971 V.
299 1933 516 1974 36—38.
581 1933 746 1971 Scilicet
769 1956 826 1965 -·
850 1935 1078 1985 Venusque.
1137 1932 1360 1971 Sententia:
1389 1930 1568 1982 „Magna
1596 1931 1671 1970 sci-

48 2005 52 2012 ’
112 2001 206 2040 licet
233 2005 324 2040 sunt
353 2001 570 2040 divitiarum
595 2004 820 2052 commoda,
869 2005 910 2040 at
939 2015 1037 2052 quae
1068 2001 1156 2039 illae
1193 2000 1403 2052 praebent,
1452 2013 1530 2039 non
1558 1999 1671 2038 nobis

11 2092 35 2114 η
109 2069 235 2123 (quod
263 2068 415 2120 planius
441 2069 537 2106 dicit
565 2069 760 2106 Juvenalis
784 2069 825 2118 5,
858 2067 986 2119 136.)‚
1015 2070 1084 2107 sed
1110 2068 1251 2106 divitiis
1279 2068 1375 2118 ipsis
1401 2066 1672 2106 exhibentur.“

4 2160 6 2162 -
109 2159 169 2168 --
189 2151 350 2175 uxorem
375 2149 468 2174 eum
495 2136 597 2184 dote,
624 2141 686 2174 est
707 2135 823 2173 beata
848 2150 947 2174 uxor
967 2136 1093 2187 Epist.
1126 2137 1165 2184 1,
1195 2137 1236 2184 2,
1266 2131 1334 2175 44.
1364 2134 1428 2172 ubi
1452 2135 1551 2173 wide.
1608 2133 1671 2172 De

3 2220 12 2253 ,j
40 2211 45 2257 ιῑ
110 2219 230 2246 uxore
251 2206 406 2256 quidem
427 2209 569 2255 negata
585 2203 742 2242 Petron.
762 2203 857 2243 137.
924 2202 1116 2253 Quisquis
1135 2201 1256 2239 habet
1275 2215 1459 2240 nummos
1477 2224 1535 2231 -ν
1563 2201 1671 2238 Uxo-

3 2272 5 2274 ’
45 2299 73 2316 .-
110 2287 196 2312 rem
228 2273 354 2311 ducat
394 2272 576 2310 Danaen
614 2276 688 2310 etc.
725 2271 818 2322 ibiq.
861 2270 1042 2309 Wernsd.
1078 2270 1144 2309 III.
1187 2283 1227 2321 p.
1260 2271 1330 2310 64.
1360 2290 1418 2299 -—-
1442 2269 1669 2320 fidemque,
1714 2314 1717 2315 ⁷

5 2335 8 2337 Δ
36 2359 41 2377 z
110 2342 228 2394 quia,
256 2344 300 2380 ut
327 2342 382 2379 ait
403 2340 487 2378 Sat.
520 2341 560 2390 1,
591 2341 630 2390 1,
659 2341 744 2389 62.‚
777 2339 898 2384 tanti,
929 2345 1126 2390 quantum
1155 2337 1324 2384 habeas,
1348 2338 1415 2376 sis.
1470 2337 1606 2375 Juven.
1625 2337 1668 2386 3,

110 2404 207 2450 143.
275 2409 482 2459 Quantum
516 2409 684 2460 quisque
711 2420 787 2445 sua
815 2419 1070 2443 nummorum
1098 2413 1232 2443 servat
1269 2406 1313 2442 in
1342 2418 1463 2454 area,
1511 2410 1670 2441 tantum

110 2475 236 2514 habet
260 2483 298 2514 et
323 2476 443 2526 fidei.
502 2475 662 2515 Philem.
688 2475 756 2513 Fr.
787 2474 868 2513 XV.
930 2470 1134 2526 Πρόσεστι
1162 2471 1206 2513 δὲ
1226 2476 1282 2528 τῷ
1307 2472 1450 2524 πένητι
1478 2467 1666 2514 cintoria·

49 2587 59 2605 ‚¹
110 2566 171 2575 —·
201 2542 314 2598 α’νήρ
343 2543 388 2586 δὲ
412 2549 612 2596 πλουτῶν,
641 2542 720 2585 κόἱν
749 2540 853 2595 ἄγαν
882 2542 1143 2598 ψευδηγορῇ,
1176 2542 1291 2582 δοκεῖ
1314 2557 1352 2581 τι
1382 2537 1553 2595 φράζειν
1583 2545 1670 2589 τοῖς

111 2609 339 2655 α’κούουσιν
362 2610 556 2664 α’σφαλές.
586 2635 645 2643 --
681 2619 719 2650 et
753 2612 917 2651 amicos.
976 2609 1101 2649 Plaut.
1134 2610 1255 2648 Stich.
1285 2607 1334 2660 4,
1382 2611 1431 2659 1,
1481 2611 1547 2651 16.
1614 2610 1670 2647 Ut

2 2683 5 2699 ³
61 2710 64 2730 r
110 2682 256 2733 cuique
298 2679 453 2718 homini
494 2695 556 2719 res
598 2689 751 2733 parata
794 2686 874 2726 est,
911 2678 1032 2727 firmi
1071 2678 1196 2714 amici
1235 2683 1340 2714 sunt.
1401 2677 1560 2717 Philem.
1594 2675 1665 2716 Fr.

4 2778 14 2797 ¹-
32 2744 68 2783 ⁵-
113 2751 287 2803 Πτερυγ.
319 2749 350 2788 1.
379 2751 497 2790 τοῦτο
527 2747 588 2797 (τό
618 2745 834 2803 ἀργύριον)
864 2743 898 2787 δ’
919 2744 972 2787 ὄῖν
999 2745 1102 2801 ἔχῃς,
1137 2744 1224 2798 λέγε
1251 2741 1353 2797 πρός
1381 2740 1499 2786 ῒῡῧθ’
1521 2742 1544 2787 ὅ
1565 2742 1667 2799 fioni-

110 2819 185 2868 ζει,
215 2813 349 2858 πάντα
378 2828 442 2858 σοι
467 2814 688 2871 γενήσεται,
718 2818 844 2868 φίλοι,
870 2813 1035 2867 βοηθοὶ,
1068 2809 1279 2866 μάρτυρες,
1307 2814 1522 2855 συνοικίαι.
1579 2813 1666 2852 Me-

111 2886 248 2924 nandr.
266 2885 334 2924 Fr.
359 2885 453 2926 165.
509 2882 606 2926 Ἐοἳν
625 2881 660 2926 δ’
688 2886 838 2939 ἔχωμεν
857 2878 1047 2937 χρήμαθ’,
1077 2880 1217 2932 ἕξομεν
1236 2882 1392 2932 φίλους.
1447 2882 1547 2921 Ibid.
1568 2882 1664 2924 500·

114 2951 212 2994 558.
270 2954 330 2992 Id.
351 2953 427 2992 inc.
448 2952 545 2992 Fab.
563 2953 630 2992 Fr.
659 2954 708 2992 X.
732 2967 772 3006 p.
794 2953 862 2994 56.
892 2949 1058 3003 (Diibn.)
1087 2954 1126 2988 et
1155 2949 1332 3000 Theogn.
1353 2950 1452 2994 929.
1473 2951 1535 2990 ed.
1554 2948 1665 3002 Lips.

0 3020 5 3021 ’
40 3019 59 3043 ¹·
158 3017 307 3056 Honn.
334 3018 365 3054 Ῑ.
1241 3015 1297 3058 21
1325 3016 1390 3069 (4)
