2028 3268
128 268 190 312 ‚11

612 263 755 304 LIBRI
791 264 818 304 Ι.
876 261 1141 303 EPISTOLA
1171 263 1235 302 VI.

1607 259 1694 302 279

202 395 270 443 Ac
303 395 414 440 bene
447 394 712 438 nummatum
748 393 927 438 decorat
963 390 1161 439 Suadela
1193 389 1446 449 Venusque.

203 475 433 534 Mancipiis
467 474 664 532 locuples
691 476 797 532 eget
824 475 942 518 aeris
972 470 1284 531 Cappadocum
1309 483 1411 514 rex:

204 555 276 600 Ne
305 553 439 598 fueris
467 554 536 598 hic
565 555 631 597 tu.
703 551 975 611 Ghlamydes
1001 551 1240 610 Lucullus,
1276 551 1325 594 ut
1359 552 1496 610 ajunt,

1636 548 1691 590 40

206 633 258 682 Si
287 636 461 694 posset,
504 637 676 679 centum
703 646 862 678 scenae
894 633 1105 692 praebere
1140 635 1344 693 rogatus,

136 818 204 854 pro
220 816 378 852 persona
391 805 599 849 haberetur,
620 805 813 849 assentior,
835 804 891 838 sin

136 876 203 911 pro
225 864 306 907 dea,
338 862 530 898 dissentio.
571 861 655 897 Vid.
672 862 829 910 Rupert.
852 866 891 896 et

138 921 327 956 Heinrich.
359 921 417 955 ad.
447 921 531 955 Juv.
565 920 609 964 1,
641 919 723 954 113.
770 924 809 953 et
840 920 888 954 cf.

139 978 256 1013 Orell.
282 978 328 1012 ad
347 978 384 1012 h.
405 978 430 1013 l.

938 805 1009 839 Ms.
1027 804 1198 839 Rudolst.
1257 803 1330 837 Ed.
1349 803 1451 849 Lips.
1478 798 1561 837 492.
1600 802 1690 835 ven.

936 862 996 897 92.
1040 881 1088 886 -—
1126 861 1254 895 Mane.
1276 861 1406 906 locupl.
1439 880 1485 884 —
1524 872 1584 905 eg.
1618 869 1692 892 aer.

937 920 1050 964 Capp.
1082 930 1145 953 rex
1174 937 1230 943 —-
1269 917 1324 952 Ne
1340 918 1481 962 fueris!
1524 917 1590 950 Hic
1620 914 1694 949 Tu:

936 977 1074 1010 Chlam.
1133 974 1196 1008 Sic
1226 974 1284 1009 ed.
1310 974 1477 1009 Praedic.
1524 974 1695 1007 ceterum

199 1047 241 1082 v,
252 1046 312 1082 38,
343 1046 394 1079 Ac
407 1046 505 1080 hene,
534 1043 626 1078 MSS,
639 1047 677 1078 et
692 1043 775 1079 edd·
789 1044 891 1090 vulg,
930 1037 1051 1079 fueris
1070 1032 1125 1066 hic
1147 1033 1193 1066 ob
1214 1031 1286 1065 vim
1315 1032 1408 1066 arsis
1432 1031 1470 1065 in
1486 1041 1636 1065 caesura
1657 1034 1697 1062 ut

138 1108 285 1138 tuentur
305 1102 424 1137 Schm.
444 1107 483 1136 et
504 1102 643 1136 Groeb.
674 1101 772 1136 Nam
791 1101 890 1135 bene.

137 1161 210 1196 Ms.
230 1161 298 1195 Fe.
321 1161 354 1203 2,
367 1160 404 1193 h.
436 1159 552 1193 Orell.
575 1158 616 1192 S.
638 1159 704 1193 sed
728 1170 892 1204 superse.

138 1219 202 1253 Ac.
226 1217 386 1252 Athene.
412 1216 484 1251 Ms.
506 1216 573 1250 Fe.
597 1215 632 1259 3,
653 1215 690 1251 d.
724 1216 773 1250 Et
791 1217 891 1250 bene.

139 1275 232 1310 Mss.
254 1275 324 1308 Fe.
347 1275 380 1318 1,
397 1286 432 1309 o.
455 1286 491 1320 q.
527 1273 591 1306 Sic
612 1272 702 1307 citat
721 1273 814 1307 hunc
840 1272 894 1306 lo-

140 1343 218 1366 cum
238 1331 402 1365 Turneb.
426 1331 464 1364 in
483 1330 577 1365 Adv.
601 1331 658 1374 22,
681 1331 715 1366 8.
750 1349 799 1355 -
829 1341 895 1364 nu-

139 1394 288 1423 matum.
333 1388 396 1422 Sic
416 1399 481 1422 ms.
505 1385 684 1422 Guelfjl.
726 1387 828 1422 Mon.
855 1387 893 1420 b.

139 1445 308 1480 Rudolst.
330 1445 402 1479 Ed.
417 1444 576 1479 Meinek.
597 1464 646 1469 -—
671 1446 805 1479 deceat.
821 1443 893 1478 Ms.

140 1502 241 1537 Mon.
259 1514 293 1537 e.
317 1521 366 1527 —-
388 1503 493 1537 suad.
506 1513 693 1546 venusque.
717 1501 779 1535 Sic
790 1512 897 1547 prae-

139 1565 200 1594 ter
219 1559 302 1594 edd.
321 1563 414 1593 vett.
427 1559 538 1593 Both.
575 1559 680 1592 suad.
698 1558 894 1602 Venusque.

139 1616 236 1651 Edd.
249 1615 331 1650 Ald.
349 1615 430 1651 501.
445 1616 502 1650 19.
523 1620 560 1649 et
573 1615 705 1650 multae
721 1615 767 1650 al.
806 1614 894 1648 Sed.

139 1673 216 1708 vid.
234 1673 434 1708 Comment.
482 1673 587 1707 Hunc
610 1683 753 1706 versum
773 1671 897 1706 laudat

139 1730 318 1766 Priscian.
341 1726 377 1774 4,
400 1731 434 1774 1,
454 1728 489 1765 5.
518 1731 548 1765 I.
577 1742 614 1776 p.
638 1726 720 1764 143.
749 1730 817 1764 Kr.

198 1799 245 1833 V.
271 1798 332 1834 39.
355 1795 416 1833 40.
468 1797 685 1843 Mancupiis.
735 1797 800 1831 Sic
830 1809 896 1832 ms.

143 1857 280 1891 Graev.
315 1875 365 1881 —
409 1856 586 1900 locuplex.
631 1855 703 1889 Ms.
731 1855 836 1900 Lips.
860 1856 894 1889 1.

141 1913 239 1948 Edd.
255 1913 359 1948 Flor.
374 1909 458 1947 482.
486 1912 579 1946 Ven.
598 1908 682 1947 483.
703 1913 762 1946 86.
790 1911 895 1958 Lips.

141 1966 226 2006 492.
262 1970 376 2004 Loch.
396 1966 481 2003 498.
526 1970 586 2003 cf.
608 1970 648 2013 1,
675 1971 714 2012 1,
739 1969 798 2003 93.
842 1989 891 1993 —

141 2027 374 2072 capadocum.
452 2025 515 2058 Sic
547 2037 631 2060 mss·
664 2025 769 2070 Lips.
801 2038 895 2060 omn.

143 2083 266 2117 Guelf.
277 2082 314 2116 3.
341 2082 447 2116 Dess.
464 2083 499 2117 2.
529 2083 636 2116 Gott.
654 2084 687 2117 2.
715 2082 787 2116 Ed.
803 2083 896 2115 Ven.

142 2136 226 2175 481.
297 2139 354 2173 De
394 2138 494 2173 exitu
531 2139 635 2183 hujus
663 2150 792 2172 versus
819 2139 896 2173 vid.

141 2197 296 2231 Kirchn.
321 2196 367 2230 ad
391 2196 472 2229 Sat.
494 2207 532 2240 p.
551 2195 706 2230 LXXII.
738 2200 776 2229 et
805 2196 899 2229 For-

140 2253 220 2299 big.
241 2253 288 2287 ad
307 2254 412 2298 Virg.
428 2254 499 2286 Ge.
526 2254 559 2296 1,
584 2254 665 2287 181.
698 2272 747 2277 —
777 2253 824 2286 V.
836 2249 897 2286 40.

142 2310 356 2355 Necsucris.
393 2309 485 2344 Mss.
508 2310 576 2344 Fe.
604 2311 621 2344 1
637 2336 647 2353 ,
672 2321 705 2343 a.
730 2311 757 2343 f.
794 2309 836 2353 3,
865 2321 897 2342 c.

141 2367 268 2402 Jaeck.
294 2368 330 2403 6.
371 2367 489 2401 Orell.
510 2368 548 2401 b.
587 2367 709 2401 Gnelf.
731 2363 767 2400 4.
795 2366 899 2410 Lips.

144 2426 180 2460 1.
207 2425 311 2459 Mon.
327 2425 366 2459 b.
400 2423 620 2469 Nonfuert's.
646 2424 797 2459 Ms.1‹*e.
814 2421 849 2466 5,
866 2435 899 2456 e.

142 2481 466 2526 Hictunefueris.
511 2480 582 2515 Ms.
609 2481 732 2515 Guelf.
769 2482 803 2515 1.
848 2499 897 2504 —

146 2538 335 2572 Clamides.
376 2538 468 2572 Mss.
488 2538 600 2573 Torr.
623 2539 693 2573 duo
709 2537 901 2571 vetustiss,

145 2594 270 2629 Guelf.
298 2597 332 2630 2.
358 2594 395 2629 3.
435 2595 558 2630 Berol.
587 2597 621 2631 1.
664 2597 773 2630 Dess.
803 2596 837 2629 1.
866 2596 901 2629 2.

146 2651 262 2686 Goth.
280 2652 385 2686 Gott.
400 2651 434 2686 1.
452 2651 492 2695 (a
503 2653 536 2687 1.
548 2654 614 2696 m.)
632 2654 744 2687 Goth.
764 2654 901 2686 GraeV.

146 2707 250 2753 Lips.
265 2719 358 2742 omn.
379 2708 547 2744 Rudolst.
576 2711 771 2755 Clamydes.
809 2709 901 2743 Mss.

145 2765 193 2799 al.
206 2769 246 2798 ut
258 2765 364 2799 Gott.
379 2766 460 2800 2.et
470 2766 503 2799 1.
515 2767 555 2811 (a
570 2768 603 2801 2.
614 2767 680 2810 m.)
697 2767 795 2800 Edd.
807 2765 903 2800 vari-

146 2826 210 2856 ant
244 2821 283 2856 in
315 2821 500 2868 scriptura
535 2824 707 2867 clamydes
732 2825 901 2868 (Venett.

147 2878 262 2914 Loch.
301 2879 433 2922 Flor.)
500 2879 699 2915 Chlamides
735 2882 902 2926 (Bersm.

147 2935 332 2981 Dorigh.)
381 2936 577 2970 chlamides
624 2937 754 2984 (Lips.
787 2937 902 2982 516).

151 2991 360 3038 chlamydas
380 2993 439 3028 ed.
457 2993 614 3039 Cuning.
634 3013 683 3020 —
711 3001 774 3030 aut
790 2997 904 3040 ajunt.

940 1090 1021 1124 Sat.
1055 1091 1088 1133 1,
1105 1089 1140 1133 3,
1157 1090 1192 1124 7.
1234 1086 1270 1132 4,
1288 1090 1346 1124 82.
1382 1088 1416 1133 5,
1437 1090 1497 1124 90.
1527 1089 1562 1131 9,
1580 1088 1638 1123 21.
1661 1089 1695 1130 2,

942 1148 975 1191 1,
1001 1148 1059 1182 82.
1097 1148 1131 1191 2,
1147 1143 1208 1181 47.
1225 1143 1285 1181 74.
1322 1147 1358 1191 3,
1383 1148 1417 1181 1.
1437 1147 1518 1182 260.
1554 1144 1588 1188 5,
1612 1145 1694 1178 101.

939 1205 996 1239 De
1018 1203 1141 1250 lyricis
1158 1204 1204 1238 cf.
1226 1204 1347 1239 Bentl.
1367 1204 1413 1238 ad
1430 1203 1503 1237 od.
1521 1202 1556 1245 3,
1569 1203 1626 1245 16,
1636 1203 1693 1236 26.

940 1261 1031 1307 ibiq.
1051 1262 1129 1295 Fea
1155 1266 1192 1295 et
1207 1261 1317 1295 Both.
1355 1261 1516 1295 Aliorum
1533 1259 1698 1304 exempla

942 1319 1003 1365 qui
1028 1318 1171 1364 cupiet,
1208 1319 1315 1352 adeat
1334 1319 1469 1362 Wagn.
1498 1317 1570 1358 Qu.
1588 1316 1694 1360 Virg.

942 1376 1028 1411 XII.
1042 1380 1079 1410 et
1091 1387 1182 1421 quae
1198 1376 1345 1410 laudant
1356 1376 1558 1409 Weichert.
1571 1374 1695 1419 Epist.

943 1433 1026 1468 crit.
1048 1445 1085 1478 p.
1101 1433 1160 1469 73.
1207 1433 1370 1468 Huschk.
1394 1433 1440 1467 ad
1456 1432 1544 1466 Tib.
1569 1431 1695 1474 2,2‚5.

942 1491 1054 1526 Bach.
1072 1495 1110 1524 et
1121 1491 1258 1525 Ochsn.
1275 1492 1319 1525 ad
1338 1491 1450 1524 Ovid.
1462 1490 1555 1524 Met.
1568 1491 1600 1533 1,
1615 1484 1696 1522 114.

943 1549 1073 1583 Loers.
1091 1548 1137 1582 ad
1156 1548 1267 1582 Ovid.
1282 1547 1434 1582 Heroid.
1457 1548 1492 1591 6,
1508 1547 1569 1581 31.

1000 1627 1047 1661 V.
1062 1623 1123 1662 41.
1149 1633 1277 1673 posset.
1317 1627 1409 1662 Mss.
1436 1631 1474 1661 et
1496 1626 1580 1660 edd.
1599 1625 1697 1670 vulg.

943 1683 1064 1729 possit.
1106 1684 1197 1719 Mss.
1219 1685 1358 1719 Bersm.
1386 1685 1471 1718 duo.
1502 1684 1628 1719 Jaeck.
1663 1683 1698 1716 l.

945 1741 1074 1775 Oberl.
1093 1741 1137 1775 C.
1155 1741 1278 1776 Guelf.
1294 1743 1327 1776 1.
1353 1742 1461 1775 Dess.
1479 1742 1513 1775 1.
1532 1743 1566 1776 2.
1595 1739 1698 1784 Lips.

945 1799 978 1832 1.
1020 1798 1117 1833 Edd.
1148 1799 1278 1834 Colon.
1296 1794 1380 1833 541.
1408 1799 1505 1833 Bas.
1522 1796 1608 1832 555.
1647 1816 1695 1820 —

942 1860 1082 1890 centum
1094 1861 1224 1900 posset.
1252 1856 1324 1890 Ms.
1337 1856 1403 1890 Fe.
1420 1855 1457 1900 3,
1473 1868 1505 1890 c.
1525 1855 1564 1899 (a
1582 1856 1615 1888 1.
1633 1854 1699 1896 m.)

945 1931 994 1937 —
1034 1925 1197 1947 scaenae.
1254 1913 1316 1948 Sic
1344 1925 1428 1947 mss.
1459 1914 1548 1947 Des.
1595 1913 1628 1945 1.
1665 1912 1699 1946 2.

942 1968 1047 2014 Lips.
1075 1971 1110 2004 1.
1162 1970 1268 2004 Hanc
1297 1970 1483 2005 scribendi
1509 1969 1700 2011 rationem,

945 2036 1050 2070 quam
1069 2027 1223 2061 Bothius
1253 2028 1298 2061 ad
1321 2028 1394 2062 Od.
1418 2029 1452 2071 2,
1477 2023 1535 2070 14,
1554 2028 1612 2062 28.
1641 2026 1699 2059 ed.

944 2082 1013 2116 Fe.
1036 2083 1303 2118 intolerabilem
1326 2084 1417 2118 dicit
1445 2089 1483 2118 et
1511 2082 1702 2128 Zumptius

945 2139 991 2172 ad
1015 2139 1094 2173 Cic.
1112 2141 1219 2174 Verr.
1236 2141 1271 2183 3,
1289 2142 1347 2175 79.
1370 2146 1568 2185 argenteae
1589 2139 1701 2173 aetati

945 2196 1130 2240 assignat,
1164 2202 1313 2231 tuentur
1337 2199 1414 2231 Fea
1451 2197 1532 2243 (qui
1559 2198 1702 2239 servat)

945 2252 992 2286 ad
1008 2253 1088 2286 Sat.
1108 2254 1140 2296 2,
1159 2255 1192 2297 1,
1209 2255 1268 2289 71.
1286 2259 1324 2288 et
1340 2255 1477 2288 Osann.
1496 2254 1541 2288 ad
1556 2253 1700 2299 Apulej.

946 2310 993 2343 de
1008 2310 1235 2355 Diphthong.
1263 2324 1301 2356 p.
1320 2311 1400 2346 123.
1443 2311 1534 2355 Qui,
1566 2316 1606 2344 ut
1629 2312 1702 2344 De—

948 2367 1134 2412 sprezius,
1171 2374 1323 2413 rogatus
1352 2380 1419 2413 pro
1452 2368 1702 2413 interrogatus

948 2423 1130 2469 accipiunt
1143 2450 1152 2467 ,
1182 2429 1284 2459 recte
1313 2431 1399 2470 post
1423 2431 1539 2471 posset
1557 2437 1628 2459 non
1646 2425 1702 2458 in-

949 2481 1074 2515 cidunt
1088 2507 1097 2525 ,
1123 2486 1164 2515 ut
1190 2483 1371 2527 particula
1390 2482 1421 2516 si
1440 2495 1482 2516 ea
1497 2483 1547 2516 sit
1562 2482 1702 2527 signifi-

949 2539 1093 2572 catione
1106 2565 1116 2582 ,
1155 2539 1201 2572 de
1228 2551 1297 2584 qua
1317 2540 1488 2573 dixerunt
1508 2540 1703 2574 Lambinus

949 2596 996 2630 ad
1012 2595 1134 2640 Epist.
1153 2597 1186 2639 1,
1203 2596 1238 2639 3,
1255 2597 1315 2631 30.
1334 2601 1371 2630 et
1388 2597 1589 2631 Schmidius
1606 2598 1651 2631 ad
1666 2598 1702 2640 7,

949 2653 1010 2686 39.
1043 2654 1090 2686 cf.
1110 2653 1253 2687 Ruhnk.
1282 2654 1340 2688 ad.
1360 2654 1472 2689 Ovid.
1487 2655 1642 2689 Heroid.
1667 2654 1703 2698 5,

948 2709 1008 2744 93.
1039 2710 1172 2754 Wagn.
1199 2716 1237 2744 et
1252 2711 1406 2756 Forbig.
1429 2712 1474 2746 ad
1488 2712 1594 2756 Virg.
1611 2712 1702 2746 Aen.

951 2768 985 2809 1,
1005 2768 1085 2802 181.
1111 2763 1148 2810 4,
1167 2768 1247 2802 110.
1281 2769 1356 2802 Sed
1371 2769 1506 2803 rectius
1520 2769 1702 2814 interpre-

950 2829 1006 2858 tes
1023 2823 1188 2868 Vossius,
1216 2825 1439 2870 Schellerus,
1464 2827 1661 2861 Passovius
1676 2826 1707 2859 si

949 2893 1016 2926 pro
1034 2880 1187 2926 simplici
1196 2882 1377 2927 particula
1389 2883 1625 2918 conditionali
1641 2885 1702 2917 ha-

949 2940 1059 2982 bent,
1090 2940 1242 2974 verbum
1266 2946 1421 2987 rogatus
1447 2953 1490 2975 ea
1519 2941 1702 2986 significa-

948 2995 1049 3030 tione
1075 2996 1297 3042 accipientes
1312 3024 1322 3042 ,
1359 3010 1461 3045 quam
1492 2998 1530 3033 id
1555 3000 1704 3033 verbum
