2028 3268
425 246 507 287 320
573 245 942 286 COMMENTARII
970 246 1028 285 IN
1055 245 1277 287 ΗΟΒΑΤΠ
1306 245 1402 285 LIB.
1422 247 1452 286 I.
1471 246 1632 286 EPIST.
1652 247 1798 286 SEXT.
1880 245 1934 289 48

419 372 540 409 marit.
571 371 665 411 560.
692 371 738 407 de
769 368 998 407 commerciis
1028 367 1176 417 quidem
1202 369 1356 406 mutuis:
1385 367 1525 420 hicque
1556 370 1759 408 Massiliae
1786 369 1936 407 incolae

422 438 682 488 Negotiorum
707 449 821 484 saepe
845 433 1058 471 versabant
1086 435 1201 473 vices.
1259 434 1318 472 De
1338 435 1451 472 verbo
1477 437 1716 482 occupandi,
1745 433 1935 488 φθάνειν,

423 505 497 541 od.
524 508 569 552 2,
610 506 681 552 12,
723 506 787 545 28.
815 505 987 542 dixerunt
1015 502 1138 539 Schm.
1167 501 1215 537 ad
1243 501 1278 537 h.
1306 501 1332 538 l.
1360 502 1498 539 Heind.
1526 505 1576 540 ad
1600 503 1678 540 Sat.
1711 506 1756 553 1,
1801 503 1851 552 9,
1895 506 1937 544 6.

421 571 456 608 T
461 575 599 608 orrent.
629 571 676 607 ad
706 571 826 620 Epist.
859 573 896 619 1,
927 572 967 619 7,
997 570 1062 609 66.
1092 573 1131 605 et
1154 567 1279 604 Fabri.
1310 567 1358 603 ad
1380 565 1464 604 Liv.
1495 569 1572 618 21,
1602 569 1680 618 39,
1710 571 1776 610 10.
1833 571 1938 614 Qua-

419 642 576 687 propter
607 637 804 673 Dacerius
833 641 935 674 recte
963 635 1187 685 improbavit
1215 635 1577 684 interpretationem:
1619 638 1818 686 „portoria
1846 651 1937 675 con-

421 703 600 740 ducere.“
658 703 790 753 Talia,
831 705 855 740 i.
886 717 918 741 e.
947 702 1145 751 Bithynica
1172 700 1368 749 vectigalia
1396 701 1433 738 h.
1466 714 1500 738 v.
1530 702 1738 752 significata
1763 705 1936 754 opinatus

420 775 480 807 est
519 769 746 820 Rappoltus
773 785 810 820 p.
841 768 935 810 594.
971 769 1120 806 laudato
1150 768 1230 805 Cic.
1261 767 1299 804 in
1332 767 1454 817 Epist.
1485 769 1533 805 ad
1567 767 1653 806 Div.
1681 769 1757 818 13,
1804 769 1843 811 9,
1881 793 1938 800 —-

426 835 650 886 Cibyratica
676 838 830 887 negotia
857 839 1029 874 dicuntur
1053 849 1075 874 a
1109 834 1273 885 Cibyra,
1310 834 1403 872 urbe
1433 834 1617 886 Phrygiae
1645 837 1819 886 majoris,
1849 837 1938 874 civi-

419 908 539 941 tatum
562 903 667 940 XXV
695 907 879 941 conventu
906 903 1045 951 nobili,
1087 915 1164 940 non
1189 901 1363 951 Ciliciae,
1401 906 1441 938 ut
1470 903 1669 952 opinantur
1694 902 1935 948 Lambinus,

420 971 652 1020 Rodellius,
696 971 768 1008 alii.
796 971 879 1007 Vid.
914 983 1007 1019 quos
1036 969 1190 1007 laudant
1217 968 1401 1006 Wieland.
1432 970 1479 1006 ad
1508 969 1544 1007 h.
1575 969 1600 1008 l.
1632 973 1671 1007 et
1697 970 1857 1020 Rupert.
1889 973 1940 1009 ad

421 1038 516 1076 Tac.
545 1037 642 1075 Ann.
671 1035 711 1086 4,
747 1038 812 1086 13,
846 1040 882 1077 1.
941 1037 1001 1074 Cf.
1031 1037 1217 1074 Mannert.
1245 1035 1388 1084 Geogr.
1418 1035 1586 1074 Kleinas.
1615 1034 1679 1075 VI.
1710 1038 1750 1077 3.
1789 1051 1827 1087 p.
1856 1036 1938 1078 143

420 1118 506 1155 sqq.
542 1110 580 1142 et
606 1105 804 1142 Onomast.
836 1104 937 1142 Tull.
970 1117 1009 1154 p.
1043 1101 1136 1143 146.
1194 1103 1252 1141 De
1282 1101 1475 1152 Bithynia
1506 1101 1618 1141 Asiae
1647 1104 1801 1141 minoris
1840 1106 1938 1142 inter

420 1170 602 1222 Propont.
632 1177 670 1209 et
696 1170 808 1208 Pont.
837 1170 931 1208 Eux.
961 1170 1115 1219 regione
1153 1181 1228 1205 non
1270 1166 1391 1206 solum
1431 1169 1556 1207 multis
1594 1169 1749 1208 urbibus
1785 1171 1937 1220 insigni,

420 1252 549 1276 verum
582 1239 694 1276 etiam
734 1243 943 1276 mercatura
974 1235 1090 1276 nobili
1129 1234 1222 1272 dixit
1255 1234 1356 1272 idem
1393 1234 1638 1274 Wielandius.
1696 1237 1756 1274 Cf.
1784 1237 1936 1276 Mitsch.

421 1311 461 1344 et
490 1305 608 1344 Orell,
639 1306 690 1342 ad
719 1305 793 1343 Od.
823 1306 876 1355 3,
913 1307 961 1353 7,
999 1304 1039 1343 3.
1066 1307 1104 1340 et
1136 1303 1180 1351 1,
1222 1300 1299 1350 35,
1337 1303 1378 1341 7.
1437 1302 1637 1341 Onomast.
1667 1303 1770 1342 Tull.
1797 1317 1836 1355 p.
1868 1304 1936 1344 95.

421 1373 609 1410 Mannert.
638 1370 700 1410 VI.
731 1372 770 1411 3.
800 1384 839 1420 p.
869 1369 949 1409 545
976 1382 1059 1418 sqq.
1118 1369 1202 1406 Hoc
1230 1368 1380 1418 quidem
1403 1372 1575 1419 tempore
1599 1370 1623 1407 i.
1648 1383 1681 1409 e.
1712 1383 1809 1408 anno
1839 1370 1935 1412 734.

422 1438 614 1489 Augustus
643 1439 725 1488 ipse
753 1439 793 1475 in
820 1437 994 1485 Bithynia
1017 1435 1136 1484 affuit,
1165 1435 1239 1473 vid.
1269 1433 1409 1473 Walth.
1431 1437 1479 1473 ad
1500 1437 1594 1474 Tac.
1615 1435 1712 1476 Ann.
1737 1439 1774 1486 1,
1799 1435 1868 1488 74,
1899 1441 1936 1478 1.

532 1504 578 1542 V.
606 1503 673 1544 34.
704 1506 771 1545 35.
829 1503 950 1540 Mille
979 1502 1127 1539 talenta
1154 1524 1208 1530 —
1237 1515 1432 1541 acervum.
1489 1503 1680 1542 Describit
1697 1504 1791 1542 Hor.
1819 1505 1858 1542 in
1879 1505 1937 1542 his

421 1584 511 1610 suae
540 1573 674 1609 aetatis
687 1571 982 1619 Rothschildios,
1011 1571 1074 1620 qui
1100 1570 1140 1606 in
1167 1569 1447 1619 multiplicando
1475 1583 1589 1608 censu
1617 1584 1765 1609 omnem
1792 1576 1937 1622 ponunt

422 1652 588 1691 operam.
647 1638 742 1676 Sunt
767 1639 830 1688 qui
862 1638 931 1674 hos
961 1648 1091 1674 versus
1119 1637 1167 1672 ad
1200 1639 1467 1674 antecedentes
1495 1639 1684 1687 referant,
1733 1642 1772 1675 at
1809 1639 1935 1688 potius

422 1705 664 1752 crediderim,
694 1703 852 1742 Poetam
879 1703 937 1740 vel
965 1704 1014 1739 ad
1042 1702 1181 1752 solam,
1226 1703 1445 1752 ubicumque
1475 1704 1524 1741 sit
1551 1705 1677 1753 facta,
1721 1718 1801 1743 rem
1829 1707 1935 1742 fene-

421 1773 529 1810 brem
561 1771 621 1808 vel
657 1772 705 1808 ad
737 1772 996 1820 redemptores
1024 1769 1256 1818 publicorum
1282 1770 1472 1820 progredi.
1528 1769 1612 1808 Vid.
1641 1770 1763 1821 Epist.
1796 1773 1842 1820 1,
1895 1774 1934 1821 1,

422 1841 473 1881 52
494 1860 550 1867 ——
570 1838 637 1877 56.
669 1837 736 1876 80.
766 1838 834 1876 77.
892 1835 992 1885 Apte
1012 1840 1137 1873 autem
1161 1836 1277 1874 utitur
1304 1837 1418 1874 verbo
1458 1837 1703 1874 rotundandi
1738 1837 1786 1874 ob
1815 1838 1934 1875 mille-

420 1906 514 1944 narii
541 1904 683 1942 numeri
710 1904 1000 1953 perfectionem,
1043 1907 1085 1940 ut
1112 1903 1209 1940 bene
1236 1903 1412 1942 observat
1448 1905 1671 1941 Torrentius
1683 1918 1700 1951 ;
1747 1904 1808 1941 alii
1837 1906 1935 1942 enim

420 1970 701 2010 translationem
722 1973 857 2019 putant
876 1974 1064 2019 sumptam
1082 1982 1104 2005 a
1122 1970 1242 2007 forma
1259 1973 1421 2008 rotunda
1439 1970 1497 2007 vel
1515 1971 1695 2020 pecuniae
1714 1971 1774 2008 vel
1793 1971 1936 2018 acervi3

421 2051 537 2088 quare
565 2035 741 2073 ridiculus
770 2039 829 2072 est
856 2035 1099 2080 Ascensius,
1140 2049 1254 2086 quum
1281 2037 1390 2075 dicit:
1435 2037 1623 2083 „talenta
1648 2037 1674 2075 i.
1703 2050 1736 2076 e.
1765 2039 1934 2088 pondera

421 2106 532 2153 aeris,
559 2103 818 2140 retundentur
835 2103 860 2138 i.
878 2115 910 2139 e.
935 2103 1122 2152 accipiant
1141 2104 1299 2141 formam
1317 2105 1509 2154 pecuniae,
1537 2117 1632 2155 quae
1650 2106 1812 2141 rotunda
1831 2105 1935 2142 est.“

420 2171 574 2209 Petron.
605 2171 671 2210 76.
701 2168 807 2220 (ibiq.
836 2169 999 2218 interpp.
1030 2169 1070 2204 in
1098 2169 1158 2206 ed.
1185 2170 1313 2206 Burm.
1341 2183 1380 2220 p.
1415 2169 1531 2222 381.)
1593 2169 1675 2206 Cito
1706 2171 1788 2218 fit,
1829 2171 1938 2222 quod

420 2238 497 2275 Dii
522 2236 683 2273 volunt:
715 2249 792 2271 uno
821 2248 940 2271 cursu
971 2236 1112 2273 centies
1143 2237 1357 2273 sestertium
1386 2236 1674 2274 corrotundavi.
1695 2259 1744 2266 —
1776 2238 1934 2274 totidem

419 2305 558 2343 altera.
619 2302 796 2340 Laudant
821 2301 957 2339 Catull.
977 2302 1016 2350 5,
1047 2304 1085 2342 6.
1143 2303 1215 2340 Da
1243 2303 1342 2339 mihi
1369 2302 1482 2340 basia
1509 2309 1662 2340 centum
1672 2318 1690 2350 ,·
1715 2303 1769 2340 da
1797 2304 1935 2341 deinde

419 2372 546 2408 altera
574 2376 739 2407 centum.
797 2369 954 2406 Terent.
981 2369 1119 2407 Heaut.
1151 2368 1192 2419 4,
1219 2368 1260 2419 4,
1289 2370 1329 2409 3.
1387 2370 1530 2406 Mna-9
1558 2370 1715 2420 quidem
1742 2372 1836 2419 jam
1864 2371 1933 2408 de-

420 2453 501 2476 cem
529 2436 647 2474 habet
673 2450 699 2472 a
722 2449 783 2472 me
798 2435 897 2483 filia
921 2456 970 2463 —
996 2436 1133 2472 ,Hasce
1156 2442 1438 2486 consequentur
1459 2434 1618 2473 alterae.
1675 2436 1778 2487 Virg.
1799 2437 1932 2487 Eclog.

419 2507 460 2554 3,
487 2507 555 2545 71.
612 2503 752 2541 Aurea
780 2502 890 2538 mala
920 2501 1050 2538 decem
1078 2503 1192 2549 misi5
1222 2516 1309 2539 eras
1330 2502 1456 2539 altera
1479 2504 1632 2540 mittam
1643 2518 1660 2550 ;
1688 2509 1790 2542 recte
1809 2510 1934 2542 autem

419 2572 594 2608 observat
628 2570 884 2607 Hoehederas
894 2597 910 2615 ,
947 2570 1006 2607 hic
1034 2575 1190 2620 propter
1213 2571 1398 2619 adjectum
1428 2569 1584 2606 totidem
1611 2574 1757 2608 tantum
1783 2570 1933 2608 talenta

418 2639 586 2687 intelligi.
616 2660 671 2666 —-
699 2637 743 2674 V.
772 2637 838 2676 35.
869 2643 904 2672 et
931 2649 1032 2686 quae
1059 2650 1156 2686 pars
1196 2636 1369 2687 quadrat
1405 2649 1602 2676 acervum.
1659 2638 1764 2676 Haec
1804 2638 1932 2687 verba,

417 2706 455 2742 in
485 2705 617 2754 quibus
640 2705 842 2742 haeserunt
864 2703 991 2752 multi,
1021 2702 1110 2739 nihil
1137 2702 1236 2739 aliud
1260 2704 1425 2742 indicant
1446 2709 1597 2754 praeter
1624 2704 1718 2742 hoc:
1758 2706 1931 2754 „sensim

418 2773 574 2808 accedat
602 2773 704 2820 quod
734 2770 898 2822 complet
926 2775 1085 2820 quatuor
1111 2769 1264 2808 millium
1292 2770 1517 2809 talentorum
1546 2783 1743 2820 acervum,
1778 2775 1821 2808 ut
1849 2771 1930 2809 Sat.

420 2840 466 2887 1,
519 2839 564 2886 1,
610 2835 678 2877 44.
711 2845 954 2875 constructus
974 2850 1139 2874 acervus
1166 2844 1205 2874 et
1234 2839 1282 2885 2,
1339 2837 1387 2886 5,
1435 2840 1501 2880 22.
1530 2839 1708 2888 aerisque
1732 2850 1849 2874 ruam
1876 2857 1932 2865 —-

416 2917 584 2942 acervos:
642 2904 684 2942 ln
719 2917 799 2942 rem
835 2904 963 2942 laudat
998 2902 1177 2942 Groebel.
1208 2903 1328 2941 Plaut.
1358 2904 1475 2942 Stich.
1506 2905 1553 2954 3,
1606 2907 1654 2954 1,
1700 2905 1740 2944 3.
1801 2902 1936 2940 Simul
