2028 3268
10 1357 22 1374 3,
6 1247 30 1347 s'aaeane'j.
13 1225 18 1227 ν

130 279 193 324 ’89
279 278 658 322 COMMENTARII
686 280 746 320 IN
774 279 998 321 HORATII
1025 279 1126 320 LIB.
1145 280 1176 320 Ι.
1196 278 1363 320 EPIST.
1384 279 1532 320 SEPT.
1593 278 1675 323 361

131 414 277 459 pwoet
303 405 388 445 Sat.
421 408 461 457 1,
491 405 532 458 4,
564 407 675 457 127„
704 407 730 445 i.
751 420 787 447 e.
818 406 1075 458 „valetudinis
1106 419 1221 445 causa
1253 406 1355 445 domi
1384 419 1446 446 me
1475 408 1678 446 continebo

137 480 289 528 tempus
318 475 484 527 legendo
516 475 667 514 fallens.
681 475 711 499 “
767 476 906 515 Utrum
933 475 1115 515 Horatius
1146 475 1221 514 hoc
1248 475 1369 526 frigus
1397 477 1582 514 vitaturus
1619 477 1679 514 fe—

138 546 234 584 cerit
260 558 333 584 nec
360 559 433 596 ne,
483 559 528 584 ex
558 543 676 583 verbo
711 550 938 582 contractus
967 545 1142 595 quidem,
1192 544 1295 595 quod
1322 542 1382 581 vel
1424 543 1463 580 in
1490 543 1681 594 publicum

115 614 357 671 «prodeunti,
382 614 443 653 vel
467 613 622 652 liberius
649 613 806 664 vaganti
831 613 1100 664 remissiusque
1125 611 1384 651 obambulanti
1410 612 1537 664 Epist.
1569 615 1609 663 2,
1639 615 1681 662 2,

127 682 210 735 ,80.
240 683 376 735 jocose
415 684 643 735 opponitur,
694 682 794 720 effici
827 682 972 733 nequit.
1031 682 1210 720 Similiter
1238 679 1397 719 Lucian.
1429 680 1582 732 Nigrin.
1616 681 1682 723 18.

139 749 347 806 οἰκουρεῖν
376 749 562 804 εἱλόμην,
616 751 687 793 καὶ
715 751 808 805 βίον
834 747 926 791 τινὰ
955 751 1100 791 τοῦτον
1138 744 1372 803 γυναικώδη
1410 748 1479 789 καὶ
1508 747 1684 803 ἄτολμον

139 822 226 868 τοῖς
252 822 418 868 πολλοῖς
447 820 647 861 δοκοῦντα
674 817 982 874 προτιθέμενος,
1011 814 1117 875 αὐτῇ
1145 817 1370 873 φιλοσοφίᾳ
1400 817 1468 858 καὶ
1489 816 1684 860 Πλάτωνι

139 885 211 928 καὶ
240 883 418 944 ἀληθείᾳ
450 891 674 945 προσλαλῷ.
731 887 824 927 Aliis
854 892 983 926 autem
1010 888 1119 926 nimis
1144 888 1253 925 anxie
1282 899 1318 923 v.
1341 893 1567 925 contractus
1593 901 1685 940 pre-

140 955 330 995 mentibus
358 955 481 996 Poeta
514 958 667 1009 frigoris
700 957 815 996 etiam
853 956 1034 995 levissimi
1070 956 1215 994 vitandi
1241 967 1355 993 causa
1380 955 1550 994 vestibus
1576 956 1686 994 invo-

141 1023 244 1064 lutus
274 1029 334 1077 et,
364 1025 455 1064 dum
485 1025 683 1063 commode
711 1025 820 1077 legit,
851 1030 1071 1064 contractus
1100 1023 1202 1075 (Sat.
1232 1025 1273 1074 2,
1303 1024 1346 1073 7,
1376 1022 1463 1076 60.)
1493 1028 1532 1062 et
1561 1025 1686 1062 incur·-

142 1098 268 1143 vatus,
299 1093 737 1146 zusammengekauert,
768 1108 843 1146 eng
869 1092 1324 1143 zusammengeschmiegt
1342 1091 1393 1143 (V
1395 1090 1508 1143 oss),
1537 1092 1598 1130 hic
1618 1094 1687 1131 de-

143 1161 260 1201 scribi
295 1161 455 1201 videtur.
537 1161 648 1201 Hanc
683 1163 1036 1214 interpretationem
1074 1164 1227 1212 praeter
1263 1160 1358 1198 alios
1396 1159 1524 1198 sobrie
1560 1163 1688 1199 tuetur

151 1229 328 1269 Orellizm
355 1229 479 1268 allatis
501 1230 722 1281 Hieronym.
749 1231 822 1283 Ep.
846 1231 911 1272 53.
945 1232 994 1270 de
1021 1230 1244 1281 Vigilantio:
1269 1230 1511 1281 gravissimo
1531 1229 1690 1280 frigore

144 1298 256 1338 solus
281 1305 404 1350 atque
433 1304 659 1337 contractus
689 1299 990 1337 Dormitantius
1018 1297 1207 1351 vigilabit
1234 1299 1278 1335 in
1305 1297 1448 1335 lectulo
1475 1301 1514 1336 et
1542 1299 1592 1343 Q.
1617 1299 1690 1336 Se—

146 1372 247 1406 etan.
306 1367 388 1406 Sat.
421 1368 470 1417 1,
501 1367 553 1418 6,
585 1368 647 1407 6.:
679 1367 810 1420 Inque
838 1381 984 1405 manus
1012 1369 1123 1405 venit
1150 1369 1266 1405 tritus
1295 1366 1344 1404 de
1375 1380 1482 1404 more
1510 1365 1690 1413 libellus,

147 1435 296 1474 Nescio
323 1435 425 1488 quid
443 1449 669 1487 nugarum,
698 1442 1006 1488 contractusque
1025 1435 1206 1488 legebam
1216 1451 1233 1484 ;
1263 1435 1380 1472 Nam
1399 1448 1485 1472 rore
1503 1442 1692 1472 auctum-

147 1505 194 1541 ni
229 1505 517 1556 matutinisque
543 1506 704 1556 pruinis
733 1505 952 1557 Frigidula
991 1504 1173 1543 intrabat
1207 1504 1313 1542 male
1341 1511 1474 1542 sartae
1501 1518 1605 1541 aura
1621 1504 1692 1555 se-

148 1579 318 1610 nestrae.
377 1573 486 1611 Idem
509 1573 570 1612 vel
592 1574 713 1612 simile
740 1575 830 1625 quid
853 1576 1022 1614 sentiunt
1044 1574 1329 1619 Britannicus,
1357 1572 1572 1618 Zurckius,
1599 1573 1695 1610 Da-

148 1642 295 1687 cerius,
331 1641 534 1680 Gesner-us
562 1647 602 1681 et
629 1642 830 1681 Kc'irclzer.
861 1645 900 1682 in
921 1645 1139 1682 Zimmerm.
1158 1641 1442 1692 „Zeitschrifffl
1467 1645 1544 1679 etc.
1574 1641 1694 1681 1836.

147 1708 204 1749 N·
237 1709 305 1751 19-
335 1723 375 1761 p.
407 1709 502 1751 153.
564 1711 711 1750 Contra
741 1711 946 1750 Groebelio
977 1719 1099 1750 contr.
1131 1710 1260 1762 legere
1288 1711 1424 1747 dicitur
1453 1710 1510 1759 is,
1541 1710 1604 1759 qui
1636 1708 1697 1746 vel

150 1778 255 1817 omni
292 1783 332 1818 et
364 1781 444 1818 vita
483 1783 523 1818 et
556 1782 659 1819 victu
683 1781 834 1832 parcius
863 1781 954 1819 vivit
980 1781 1100 1832 (idem
1129 1779 1269 1829 sentit,
1320 1779 1421 1828 quod
1448 1777 1536 1815 olim
1563 1778 1603 1815 in
1633 1777 1694 1815 ed.

149 1845 333 1886 Schmidii
358 1861 651 1900 proposueram,
681 1849 910 1887 Freundius
935 1849 975 1886 in
996 1847 1127 1887 Lexic.
1153 1847 1220 1886 lat.
1247 1848 1285 1885 h.
1309 1847 1380 1898 v.),
1404 1845 1463 1883 vel
1492 1846 1556 1896 qui
1581 1845 1698 1883 libro-

150 1927 235 1954 rum
262 1915 499 1967 supellectile
528 1922 568 1956 et
595 1918 808 1956 studiorum
835 1918 983 1956 ratione
1019 1915 1369 1968 (contractioribus
1396 1914 1565 1960 studiis,
1615 1915 1696 1952 Cic.

152 1982 263 2022 Coel.
291 1984 382 2035 31.)
407 1984 603 2025 literarum
631 1987 788 2036 studiis,
819 1986 1086 2038 philosophiae
1110 1986 1376 2036 potissimum,
1406 1985 1601 2022 remissius
1630 1995 1696 2020 va-

153 2055 231 2101 cat,
257 2053 417 2090 remisso
439 2052 504 2090 illo
534 2054 685 2103 ardore,
715 2068 790 2104 quo
821 2056 871 2092 ad
899 2066 985 2092 eam
1009 2065 1052 2091 se
1075 2053 1222 2091 incitari
1246 2053 1445 2103 professus
1476 2056 1558 2089 erat
1588 2054 1627 2101 1,
1659 2053 1698 2101 1,

156 2119 209 2159 11
229 2131 318 2169 sqq.
376 2118 437 2157 Ab
466 2120 537 2158 hac
564 2121 880 2172 interpretatione
908 2134 987 2159 11011
1010 2121 1173 2159 multum
1202 2120 1403 2158 discedunt
1429 2119 1631 2170 Cruquius
1660 2123 1700 2157 et

154 2185 419 2224 Foroellinias
447 2186 594 2238 (Lexic.
624 2188 692 2227 lat.
722 2189 760 2227 h.
790 2188 862 2240 v.)‚
900 2188 1038 2240 quibus
1068 2195 1192 2230 contr,
1221 2187 1301 2238 leg.
1336 2193 1398 2225 est
1426 2199 1583 2238 parcum
1613 2200 1700 2225 esse

154 2255 193 2295 in
220 2254 398 2306 legendo.
455 2257 606 2296 Rursus
633 2257 698 2295 alii
724 2256 939 2308 intelligunt
967 2260 1171 2307 angustum
1201 2254 1425 2304 cubiculum,
1454 2253 1516 2292 vel
1535 2255 1700 2292 animum

134 2383 219 2418 -die
242 2383 360 2418 Kfiste
383 2395 456 2419 von
483 2385 581 2419 Ostia
603 2386 700 2419 kann
729 2384 788 2419 ich
812 2383 937 2419 diesen
957 2383 1145 2418 Ausdruck
1171 2383 1283 2417 sehon
1306 2382 1430 2416 darum
1454 2380 1555 2414 nicht
1577 2379 1700 2414 bezie-

155 2440 241 2485 hen,
261 2441 346 2476 weil
364 2442 488 2476 Hor-az
508 2442 594 2476 dort
614 2443 694 2477 dem
714 2441 891 2477 rauheren
912 2441 1030 2476 Klima
1050 2442 1116 2475 der
1139 2439 1382 2474 Albanischen
1402 2439 1536 2482 Berge,
1559 2438 1639 2472 dem
1661 2449 1701 2471 er

156 2497 252 2533 doch
271 2499 436 2533 offenbar
455 2500 630 2534 wahrend
649 2501 713 2535 des
732 2498 897 2533 Winters
917 2498 994 2532 sich
1020 2498 1210 2532 entziehen
1239 2497 1337 2539 will,
1375 2495 1588 2530 schwerlich
1609 2506 1702 2540 ganz

158 2558 367 2600 entgangen
393 2556 473 2592 sein
501 2556 649 2602 wiirde‚
680 2557 726 2591 da
747 2557 786 2601 ja
812 2556 913 2590 diese
935 2555 1089 2601 Gegend
1113 2554 1177 2588 mit
1202 2555 1272 2588 den
1294 2553 1537 2588 Albanischen
1556 2553 1702 2597 Ber-gen

157 2613 233 2648 fast
259 2613 298 2646 in
325 2613 500 2658 gleichem
529 2615 770 2660 Breitegrade
800 2613 893 2659 liegt
921 2613 993 2646 und
1023 2613 1088 2647 der
1108 2611 1269 2645 Einfluss
1296 2611 1361 2644 des
1389 2610 1535 2644 Meeres
1558 2611 1623 2643 auf
1642 2610 1702 2643 die

161 2670 407 2715 Temperatur
431 2671 498 2705 der
519 2671 608 2706 Luft
633 2671 724 2706 doch
750 2670 845 2705 wohl
873 2669 974 2704 nicht
993 2681 1032 2703 so
1053 2668 1261 2703 bedeutend
1279 2679 1380 2711 war,
1416 2667 1500 2701 dass
1531 2678 1611 2701 man
1639 2679 1702 2701 an-

160 2726 312 2762 nehmen
334 2727 491 2772 k6nnte,
515 2728 638 2763 Horaz
662 2729 755 2763 habe
778 2728 945 2762 desshalb
971 2727 1086 2760 lieber
1106 2737 1152 2759 zu
1174 2725 1303 2768 Ostia,
1334 2724 1388 2758 als
1411 2723 1450 2758 in
1472 2724 1552 2758 dem
1577 2725 1699 2769 wenig

160 2785 368 2819 entfernten
389 2784 508 2818 Tibur
527 2785 598 2820 den
615 2786 762 2821 Winter
782 2785 981 2830 zubringen
1010 2783 1154 2817 wollcn.
1212 2782 1312 2816 Auch
1336 2782 1386 2816 ist
1408 2782 1448 2827 ja
1473 2784 1576 2816 sonst
1599 2782 1700 2816 nicht

160 2841 335 2884 bekannt,
358 2840 442 2875 dass
463 2841 529 2876 der
549 2843 701 2878 Dichter
722 2843 782 2878 fiir
804 2842 864 2876 die
886 2841 1041 2887 Gegend
1059 2851 1132 2874 von
1156 2839 1263 2873 Ostia
1282 2838 1362 2873 eine
1385 2839 1589 2873 besondere
1605 2840 1702 2873 Vor-

161 2897 260 2932 liebe
288 2898 423 2943 gehabt
447 2898 581 2934 habe.“
639 2899 703 2934 Sic
722 2900 789 2934 Vir
816 2899 891 2933 ille.
949 2897 1000 2932 At
1027 2897 1219 2931 Calabrum
1242 2896 1423 2942 hospitem
1446 2895 1532 2930 mihi
1557 2896 1704 2941 quidem

162 2955 271 2991 talem
292 2954 393 2999 finxi,
419 2956 543 3001 quales
564 2956 713 2992 audiunt
734 2957 831 3003 apud
846 2955 1104 3000 Francogallus
1133 2954 1214 3000 „les
1229 2953 1482 3001 Gascognes‚“
1509 2953 1605 3000 apud
1631 2964 1702 2988 nos

164 3012 252 3048 boni
273 3012 327 3046 illi
346 3032 403 3040 —
423 3012 449 3058 i,
474 3025 552 3049 nam
578 3015 741 3061 exempla
765 3017 848 3049 sunt
874 3013 1011 3048 odiosa.
