2028 3268
123 238 179 283 ⁶1
265 237 648 281 comfflNTARu
675 241 735 281 1N
763 239 990 282 HoRA'rn
1016 239 1535 284 L113.1.1‹:Pisr.snx'r.
1593 243 1678 287 323

18 371 27 382 ι
121 353 382 406 aggrediatur,
407 354 501 391 deas
523 353 638 392 hasce
662 354 802 394 habere
823 356 1011 407 propitias
1033 369 1079 394 ac
1101 357 1264 408 proinde
1292 370 1336 395 se
1363 358 1515 398 felicem
1544 361 1678 401 credat

67 463 70 465 ,
121 425 199 460 etc.
255 420 402 460 Similia
430 423 676 474 conjecerant
706 424 796 474 alii,
846 429 886 463 et
916 425 991 474 ita,
1031 430 1074 464 ut
1103 425 1174 463 has
1203 427 1297 464 deas
1334 427 1448 466 facile
1484 427 1675 480 homines,

119 489 257 542 quibus
284 490 481 541 faverent,
519 493 598 531 suis
627 493 849 532 muneribus
886 492 1177 532 benevolentiae
1212 499 1252 533 et
1289 495 1477 535 amicitiae
1514 497 1676 538 aliorum

20 544 22 555 ³
46 551 59 593 {-
118 559 325 600 tradidisse
355 561 543 611 dicerent,
575 562 625 600 cf.
654 561 826 601 Turneb.
849 559 948 599 Adv.
979 561 1020 611 9,
1054 562 1125 602 30.
1187 563 1298 608 Quae
1329 565 1535 616 sententia,
1562 567 1675 604 dum-

117 628 234 668 modo
266 628 329 679 iis,
363 642 462 680 quos
483 643 600 681 supra
618 630 831 681 posuimus,
860 629 1042 668 limitibus
1070 630 1299 682 includatur,
1330 633 1444 672 facile
1472 647 1675 674 assensum

22 689 51 745 ’ς
115 695 229 735 feret.
318 695 370 736 At
414 698 541 736 invitis
583 698 657 736 illis
695 698 839 738 deabus
876 698 1053 737 Botlzius
1089 700 1128 738 in
1168 701 1229 738 ed.
1276 701 1397 740 Gesn.
1439 701 1673 742 Nominibus

17 760 51 820 ’ζ
114 764 355 817 appellativis
384 771 519 806 contra
555 766 750 806 hominum
783 769 1026 819 antiquorum
1056 768 1274 819 opinionem
1307 769 1501 820 fidemque
1533 772 1672 822 positis

15 878 19 882 ,
115 834 319 873 maximam
342 835 528 873 irrisionis
560 836 637 874 vim
667 837 837 887 infregit.
896 835 992 875 Vide
1022 837 1140 887 igitur
1170 837 1218 874 de
1252 836 1327 874 dea
1357 838 1523 888 Suada,
1574 853 1672 890 quae

117 901 278 940 Graecis
311 899 457 944 Πειθώ
487 907 571 959 est,
604 904 684 942 Cic.
715 905 826 943 Brut.
867 905 934 955 15,
966 905 1033 946 59.
1096 904 1255 950 Quintil.
1291 906 1386 944 Inst.
1418 907 1486 956 10,
1525 909 1564 957 1,
1601 910 1670 951 82.

42 946 47 990 ?
115 970 238 1010 Gesn.
268 971 322 1010 ibi
353 977 393 1011 et
422 972 471 1009 ad
499 970 597 1010 Plin.
625 971 752 1024 Epist.
787 976 835 1024 1,
873 975 950 1024 20,
994 974 1061 1015 17.
1119 972 1298 1012 Pontian.
1333 974 1495 1014 Misceu.
1528 975 1597 1017 91.
1632 976 1674 1014 in

115 1038 271 1078 Gruter.
305 1038 444 1091 Lamp.
478 1040 560 1078 crit.
590 1039 622 1078 Ι.
652 1053 693 1091 p.
731 1043 826 1082 121.
884 1042 952 1081 Fr.
984 1041 1141 1081 Jacobs.
1176 1043 1225 1079 ad
1257 1041 1408 1082 Delect.
1440 1044 1576 1094 Epigr.
1611 1058 1670 1095 gr.

38 1118 40 1121 ·
115 1103 158 1157 4,
194 1106 264 1158 29,
294 1107 335 1148 3.
366 1108 407 1157 5,
439 1109 510 1158 28,
543 1110 582 1150 1.
642 1109 824 1148 Creuzer.
854 1111 894 1148 in
927 1110 1083 1149 Wiener
1112 1109 1272 1148 Jahrbb.
1305 1109 1429 1152 1834.
1461 1111 1599 1151 LXVI.
1628 1127 1670 1164 p.

113 1173 213 1218 204.
269 1175 420 1214 Boekh.
449 1175 562 1228 Expl.
586 1178 636 1215 ad
662 1177 774 1216 Pind.
807 1176 919 1228 Pyth.
945 1177 986 1227 9,
1018 1176 1088 1219 40.
1115 1191 1155 1229 p.
1177 1179 1274 1220 322.
1299 1183 1338 1217 et
1364 1193 1461 1231 quae
1488 1182 1536 1220 de
1564 1186 1671 1220 utra-

29 1275 34 1287 ,
111 1255 186 1294 que
214 1245 288 1282 dea
313 1245 475 1295 junctim
505 1245 607 1283 culta
632 1246 830 1296 disputant
850 1245 1127 1284 Schneidewin.
1147 1247 1198 1284 ad
1223 1246 1333 1297 bec.
1391 1247 1517 1299 Rheg.
1540 1250 1668 1289 Carm.

10 1301 38 1363 :fs
111 1310 238 1362 Reliq.
278 1326 318 1364 p.
356 1314 452 1354 111.
494 1317 533 1351 et
573 1313 626 1352 K.
662 1313 724 1353 W.
760 1313 1005 1353 Bouterwek.
1040 1314 1080 1351 in
1117 1313 1286 1365 Tiibing.
1320 1314 1503 1356 Kunstbl.
1543 1318 1668 1358 1833.

109 1379 164 1419 Ν.
196 1379 267 1420 97.
296 1394 336 1432 p.
367 1382 464 1422 387.
495 1386 536 1419 et
562 1381 617 1420 N.
649 1380 718 1423 98.
748 1396 788 1433 p.
819 1381 917 1422 390.
973 1380 1152 1420 Lambin.
1189 1387 1228 1421 et
1259 1383 1380 1421 Orell.
1417 1386 1466 1423 ad
1493 1384 1531 1424 h.
1562 1385 1591 1425 l.

227 1449 274 1487 V.
305 1448 374 1490 39.
433 1451 737 1500 Manczpiis—
754 1463 836 1492 rex.
894 1449 1009 1499 „Rex
1035 1449 1134 1500 ipse,
1161 1451 1235 1488 nisi
1263 1456 1324 1489 est
1353 1452 1460 1490 dives
1488 1454 1669 1505 nummis,

39 1527 45 1538 ³
110 1515 246 1556 beatus
273 1518 350 1556 dici
377 1519 558 1568 nequit.“
613 1517 691 1556 Pro
719 1518 793 1556 hoc
820 1518 951 1567 posuit
984 1517 1261 1568 Cappadocum
1294 1531 1447 1570 regem,
1499 1522 1564 1571 qui
1595 1523 1671 1560 nisi

108 1586 372 1625 venalitiorum
399 1588 525 1638 capita
551 1601 630 1625 non
656 1586 787 1625 habuit
812 1585 1026 1636 vectigalia.
1086 1584 1293 1624 Praeterea
1314 1586 1436 1626 Poeta
1464 1593 1554 1626 ante
1575 1602 1669 1627 ocu-

12 1623 38 1710 ,ᾗ
106 1653 167 1692 los
204 1654 384 1693 habuisse
422 1656 573 1694 videtur
607 1655 714 1706 ipsos
751 1667 883 1693 servos
922 1653 1103 1704 venaleS,
1161 1656 1226 1705 qui
1258 1669 1279 1693 e
1307 1655 1556 1706 Cappadocia
1584 1656 1669 1695 Ro-

11 1716 34 1762 Ϊ’-’
106 1735 208 1762 mam
235 1723 538 1774 abducebantur,
565 1725 641 1762 vid.
668 1723 734 1762 Fr.
765 1722 919 1761 Fabric.
951 1724 1001 1760 ad
1028 1722 1111 1760 Cic.
1133 1723 1243 1761 Orat.
1273 1736 1333 1774 pr.
1362 1725 1446 1761 red.
1474 1726 1514 1762 in
1532 1725 1666 1763 Senat.

106 1791 148 1831 6.
177 1791 302 1842 Heyn.
334 1792 480 1844 Opusc.
512 1793 634 1832 Acad.
671 1793 739 1830 Ill.
779 1804 818 1842 p.
858 1791 952 1831 138.
1013 1790 1124 1830 Web.
1161 1792 1210 1829 ad
1247 1791 1333 1829 Juv.
1374 1805 1414 1842 p.
1449 1793 1545 1834 263.
1605 1793 1667 1832 De

79 1858 388 1911 Ariobarzane,
427 1863 634 1900 decessore
669 1862 775 1912 ejus,
817 1859 882 1910 qui
922 1863 1004 1897 tum
1041 1859 1194 1897 nomine
1224 1857 1434 1898 Archelaus
1465 1859 1584 1913 (Rup.
1616 1861 1666 1899 ad

38 1940 42 1942 ’
107 1926 207 1966 Tac.
237 1927 339 1967 Ann.
369 1930 411 1979 2,
441 1928 512 1979 42,
546 1929 604 1982 1.)
632 1931 823 1980 regnavit,
854 1927 987 1966 scribit
1021 1927 1158 1965 Cicero
1189 1926 1243 1978 (a.
1274 1941 1312 1966 n.
1336 1926 1440 1980 704)
1470 1930 1520 1966 ad
1547 1928 1664 1967 Attic.

105 1994 158 2046 6,
192 1995 237 2045 1,
267 1993 308 2036 4.
367 1996 547 2034 Nullum
574 1999 807 2042 aerarium,
843 1995 1006 2032 nullum
1037 1995 1214 2045 vectigal
1242 1994 1376 2033 habet.
1438 1996 1567 2033 Nihil
1592 1997 1664 2034 illo

0 2045 23 2089 s
103 2077 227 2115 regno
257 2062 494 2113 spoliatius,
532 2064 641 2101 nihil
665 2078 757 2116 rege
787 2065 978 2115 egentius.
1040 2062 1138 2100 Ibid.
1168 2064 1209 2111 6,
1235 2063 1277 2112 3,
1309 2063 1348 2103 5.
1407 2062 1664 2102 Ariobarza-

18 2161 30 2169 ‚
104 2144 200 2178 nes,
234 2145 303 2168 rex
323 2145 566 2183 perpauper.
626 2133 872 2184 Quapropter
899 2132 939 2169 in
966 2143 1095 2168 errore
1124 2134 1349 2179 versantur,
1380 2129 1445 2179 qui
1477 2131 1662 2182 (fortasse

102 2204 264 2252 propter
295 2199 420 2238 locum
450 2200 558 2238 Pers.
594 2202 635 2250 6,
662 2199 751 2253 77.)
782 2201 1057 2251 Cappadocum
1085 2210 1216 2247 regem
1245 2210 1316 2247 pro
1343 2198 1478 2247 quovis
1506 2200 1661 2237 domino

102 2269 380 2320 mancipiorum
408 2268 469 2307 vel
497 2268 701 2319 venalitio,
731 2280 922 2318 mangone
951 2265 1116 2314 habent,
1146 2269 1211 2314 ut,
1242 2269 1402 2315 excepto
1436 2265 1660 2313 Glareano,

3 2343 9 2355 *
103 2335 334 2374 Beroaldus
362 2335 538 2388 (Gruter.
567 2335 708 2388 Lamp.
745 2337 828 2374 crit.
860 2335 890 2374 I.
918 2349 958 2386 p.
976 2332 1106 2385 200.)‚
1140 2331 1387 2380 Sabellicus,
1417 2333 1660 2381 Λδθθηδὶῑιδ,

7 2394 24 2449 ,Ι
101 2403 388 2453 Britannicus,
412 2404 662 2451 Lambinus,
698 2402 906 2442 Turnebus
932 2401 1048 2453 (Adv.
1069 2403 1138 2451 22,
1170 2399 1245 2452 8.),
1273 2401 1349 2439 alii.
1407 2401 1547 2452 Neque
1576 2415 1660 2441 me-

6 2468 40 2502 ’ἶ
101 2474 176 2514 lior
210 2479 272 2514 est
299 2477 491 2514 sententia
520 2488 673 2524 eorum,
713 2473 779 2524 qui
808 2470 1064 2509 venalitiarios
1093 2470 1173 2507 fere
1201 2482 1337 2519 parum
1371 2470 1556 2519 pecuniae
1588 2469 1658 2508 ha·-

101 2543 224 2595 bere,
262 2555 335 2582 nec
365 2545 400 2582 ei
433 2544 498 2594 qui
527 2543 759 2594 pecuniosus
787 2540 880 2578 velit
911 2551 1024 2588 esse,
1076 2537 1148 2575 hoc
1187 2550 1309 2587 genus
1349 2540 1532 2585 quaestus
1569 2549 1658 2575 esse

101 2614 328 2652 sectandum
356 2611 566 2660 affimant,
597 2611 673 2648 vid.
707 2608 878 2648 Turneb.
915 2608 983 2656 26,
1016 2606 1083 2647 16.
1142 2604 1267 2643 Aliam
1296 2603 1588 2653 explicationem
1616 2609 1657 2643 et

19 2702 41 2728 ὦ·
101 2693 187 2720 eam
214 2680 420 2718 absurdam
448 2678 627 2716 facillimo
659 2678 816 2728 negotio
845 2676 990 2714 refutat
1021 2671 1261 2712 Lambinus,
1319 2670 1382 2710 De
1413 2672 1654 2724 Cappadoci-

10 2762 35 2792 ἢ
99 2747 172 2789 bus
206 2749 302 2801 ipsis
330 2747 451 2787 multa
483 2746 636 2798 collegit
666 2744 913 2784 Sclzmidius.

211 2816 258 2856 V⁸
297 2814 356 2858 40
389 2837 447 2845 —
479 2813 548 2854 45·
625 2814 694 2851 Ne
724 2814 861 2866 saeris
890 2835 938 2842 ....
961 2808 1149 2863 finibus·
1217 2807 1499 2846 Sententiarum
1538 2809 1650 2847 ordo:

6 2864 35 2917 '²³1
100 2883 378 2938 „Pauperi-imo
406 2882 471 2921 isti
490 2882 573 2932 regi
592 2882 724 2920 similis
745 2895 831 2919 esse
852 2880 944 2930 noli,
973 2880 1043 2916 sed
1073 2876 1179 2916 diviti
1196 2875 1374 2927 Lucullo,
1404 2876 1470 2927 qui
1487 2876 1591 2915 nulla
1609 2889 1652 2914 re

101 2964 220 3004 egens
237 2955 401 3006 quantas
419 2949 580 2988 haberet
599 2962 709 3001 opes,
735 2950 821 3001 ipse
852 2950 1061 3000 ignoraret.
1117 2945 1198 2984 Eae
1218 2949 1346 2984 autem
1375 2949 1466 2984 sunt
1483 2945 1651 2995 divitiae,

1276 2998 1367 3040 21*
