2028 3268
338 255 419 298 176
446 258 813 297 COMMENTARII
835 258 890 296 IN
909 257 1127 294 HORATII
1150 257 1323 297 EPIST.
1353 258 1568 298 SECUND.
1598 260 1697 300 LIB.
1716 260 1748 299 1.
1803 261 1860 300 70

331 378 438 421 port.
472 369 657 408 orationis
682 369 789 407 color
818 380 842 404 a
867 367 1025 404 Graecis
1049 368 1196 418 petitus
1229 375 1300 418 est,
1329 369 1398 420 qui
1425 369 1672 422 συγκομίζειν
1695 368 1744 407 de
1771 370 1859 408 fru-

337 438 452 489 gibus
479 434 713 486 colligendis
741 441 955 485 usurpant3
986 434 1036 475 cf.
1063 434 1241 472 Turneb.
1263 433 1366 471 Adv.
1395 436 1462 485 26,
1496 438 1566 476 27.
1620 437 1713 474 Pari
1737 435 1860 476 modo

337 505 421 543 Sat.
445 506 487 550 2,
516 505 556 551 3,
581 503 673 542 109.
703 502 857 538 nescias
877 503 938 538 uti
963 501 1196 551 compositis.
1238 500 1453 539 Jamblich.
1487 501 1638 541 adhort.
1670 502 1722 541 ad
1753 501 1859 541 Phil.

337 585 370 608 c.
386 571 427 610 8.
447 584 487 621 p.
511 570 604 609 128.
628 567 690 604 ed.
715 568 844 605 KssL:
883 567 920 607 εἰ
944 565 1017 621 γάρ
1045 567 1113 607 καὶ
1142 563 1273 608 πάντά
1303 583 1362 615 τις
1389 567 1480 620 ἔχοι,
1501 567 1795 622 διεφθαρμένος
1818 565 1860 609 δ’

337 637 398 688 εἴη
425 635 494 676 καὶ
525 636 659 675 νοσῶν
690 636 748 689 τῷ
768 636 1001 686 φρονοῦντι,
1031 630 1102 686 οὐχ
1128 632 1277 687 αἱρετός
1311 633 1333 674 ὁ
1359 634 1464 685 βιός·
1491 631 1611 676 οὐδὲν
1630 634 1704 690 γοῖρ
1719 635 1862 687 ’ὄφελος

336 701 431 745 οὐδὲ
461 703 542 741 τῶν
576 698 705 740 ἄλλων
734 697 914 754 ἀγαθῶν.
983 703 1173 753 Apprime
1206 700 1286 738 huc
1316 701 1468 739 faciunt
1508 703 1628 740 etiam
1655 703 1862 742 Menandri

338 782 474 808 versus
510 782 533 805 a
550 769 760 806 Torrentio
789 767 963 806 laudati:
993 765 1210 821 Μακάριος
1237 766 1344 816 ὅστις
1374 764 1517 809 ου’σίαν
1545 769 1612 810 καὶ
1646 773 1748 811 νοῦν
1773 770 1862 823 ἔχει,

334 839 476 889 χρῆται
503 832 580 890 γοῖρ
610 829 727 882 οὗτος
759 835 816 883 εἰς
845 833 871 875 ἃ
898 836 962 875 δεῖ
984 832 1106 889 ταύτῃ
1140 838 1280 883 καλῶς.
1318 835 1399 887 (ed.
1425 835 1601 875 Meinek.
1624 851 1666 889 p.
1685 834 1773 889 46.)
1809 838 1862 880 cf.

334 905 500 942 Terent.
532 903 675 939 Heaut.
708 903 745 950 1,
768 905 809 951 2,
844 904 898 943 21
927 916 979 941 ss.
1054 903 1240 940 Horatius
1269 904 1398 952 enim,
1438 905 1507 956 qui
1534 902 1863 955 philosophorum

336 976 546 1022 praecepta
568 970 625 1006 ita
645 976 831 1020 percepta
852 968 1035 1018 habebat,
1063 976 1108 1007 ut
1138 970 1187 1006 iis
1221 976 1397 1007 uteretur
1421 970 1473 1008 ad
1499 973 1632 1022 legem
1651 972 1768 1020 vitae,
1798 970 1863 1008 di-

335 1039 523 1075 vitiarum
555 1036 761 1074 notionem
794 1037 870 1074 sibi
905 1038 1144 1074 formaverat
1171 1038 1313 1086 talem,
1353 1039 1512 1089 qualem
1549 1039 1719 1089 legimus
1758 1038 1864 1090 apud

337 1107 500 1143 Aristot.
529 1101 708 1154 (Rhetor.
737 1105 773 1152 1,
797 1103 877 1155 5.):
906 1100 950 1143 τὸ
972 1107 1155 1143 πλουτεῖν
1183 1102 1289 1144 ἐστὶν
1317 1103 1360 1144 ἓν
1374 1107 1431 1159 τῷ
1446 1107 1623 1158 χρῆσθαι
1643 1107 1804 1157 μᾶλλον,
1833 1102 1864 1158 ἢ

337 1172 381 1213 ἐν
407 1175 466 1226 τῷ
492 1173 723 1222 κεκτῆσθαι.
786 1172 889 1207 Hinc
918 1171 1039 1208 etiam
1068 1171 1112 1207 in
1137 1171 1299 1209 Tibullo
1329 1171 1465 1209 laudat
1492 1172 1635 1222 (Epist.
1663 1173 1700 1221 1,
1733 1171 1773 1221 4,
1802 1171 1862 1223 7.)

337 1246 462 1276 artem
482 1238 673 1290 fruendi,
702 1243 741 1274 et
762 1235 811 1274 de
837 1250 881 1274 se
908 1238 1008 1288 ipso,
1033 1238 1165 1287 jocose
1190 1236 1364 1289 quidem,
1397 1238 1482 1286 Quo
1516 1238 1615 1274 mihi
1631 1238 1844 1288 fortunam
1847 1266 1864 1284 ,

338 1307 405 1354 ait,
437 1307 474 1343 si
501 1318 582 1342 non
611 1303 836 1341 comeditur
863 1304 955 1341 uti?
981 1305 1109 1356 Epist.
1128 1305 1165 1354 1,
1185 1305 1223 1353 5,
1246 1306 1311 1345 12.
1338 1305 1444 1353 ⁶112,
1467 1306 1508 1354 2,
1538 1304 1759 1345 190—98.
1788 1304 1863 1344 od.

337 1372 379 1423 4,
405 1374 445 1422 9,
463 1370 532 1413 48.

446 1442 494 1479 V.
520 1438 588 1479 51.
623 1438 703 1488 Qui
725 1460 773 1467 —-
797 1445 837 1474 et
854 1452 927 1478 res,
987 1440 1035 1475 In
1063 1437 1232 1476 eandem
1261 1452 1345 1475 rem
1366 1438 1458 1476 vide
1479 1438 1606 1489 Epist.
1634 1438 1671 1485 1,
1704 1438 1770 1486 16,
1797 1437 1864 1478 65.

339 1508 378 1554 2,
403 1507 444 1555 2,
471 1505 568 1546 156·
602 1504 686 1543 Sat.
721 1506 759 1553 1,
791 1506 828 1553 1,
859 1507 927 1546 78.
956 1504 1158 1542 Plutarch.
1190 1505 1239 1543 de
1259 1507 1411 1557 Tranq.
1443 1507 1564 1545 anim.
1595 1506 1678 1543 VII.
1709 1518 1749 1555 p.
1768 1504 1864 1544 838.

339 1570 457 1611 Rsk.:
486 1568 582 1612 ου’δὲ
603 1573 668 1613 δεῖ
687 1574 860 1612 κτᾶσθαι
879 1568 951 1623 μὲν
975 1570 1031 1619 οἷς
1056 1568 1216 1624 μεγάλοι,
1244 1572 1313 1612 καὶ
1335 1576 1489 1624 τρεμεῖν
1516 1568 1578 1612 οἷεὶ
1608 1568 1785 1618 δεδιότας
1812 1569 1867 1618 ὥς

338 1637 440 1692 ’ὑπὲρ
468 1639 660 1692 μεγάλω-ν,
699 1635 755 1690 μή
786 1640 1053 1691 στερηθῶμεν.
1092 1638 1194 1677 Ibid.
1231 1652 1271 1689 Ρ.
1299 1637 1394 1679 854.
1435 1635 1465 1690 ἦ
1491 1636 1564 1691 γὰρ
1592 1635 1746 1690 σφοδροὶ
1776 1636 1867 1689 περὶ

340 1705 508 1747 ἕκαστον
525 1705 719 1757 ἐπιθυμία
741 1700 1014 1756 σφοδρότατον
1040 1701 1169 1756 φόβον
1191 1703 1410 1755 ἐμποιοῦσα
1433 1707 1508 1745 τοῦ
1530 1701 1585 1756 μή
1611 1703 1864 1755 παραμένειν.

341 1774 480 1812 Senec.
509 1772 635 1823 Epist.
672 1769 736 1812 14.
770 1771 850 1820 Qui
870 1777 956 1820 eget
981 1770 1147 1816 divitiis,
1190 1774 1300 1809 timet
1319 1786 1395 1822 pro
1419 1772 1516 1808 illis.
1550 1772 1631 1808 Cic.
1658 1771 1799 1811 Parad.
1828 1772 1866 1820 1,

344 1840 382 1879 1.
401 1852 525 1889 neque
535 1839 680 1884 solum,
702 1851 748 1874 ea
767 1838 839 1888 qui
851 1836 1013 1882 habent,
1031 1837 1195 1875 libidine
1213 1839 1390 1889 augendi
1405 1839 1648 1883 cruciantur,
1667 1838 1739 1874 sed
1751 1839 1868 1874 etiam

341 1905 549 1943 amittendi
563 1911 681 1942 metu.
742 1903 890 1951 Quodsi
915 1906 978 1944 Fr.
998 1905 1141 1943 Jacobs
1162 1913 1296 1942 contra
1317 1906 1575 1955 Doeringium
1595 1903 1704 1942 hunc
1734 1905 1867 1942 locum

342 1971 395 2009 ad
426 1984 589 2008 avarum
616 1973 747 2010 solum
774 1971 1011 2008 referentem
1043 1979 1147 2009 recte
1172 1979 1330 2020 monet,
1365 1971 1442 2020 „de
1469 1972 1653 2010 omnibus
1675 1971 1761 2020 agi,
1799 1971 1868 2022 qui

343 2037 558 2091 cupiditate
587 2039 722 2090 aliqua
747 2045 858 2075 metu
889 2040 1132 2086 vexentur,“
1170 2040 1316 2077 Poetae
1349 2046 1483 2076 tamen
1516 2039 1648 2076 animo
1672 2038 1868 2089 imprimis

344 2119 508 2145 avarum
528 2118 614 2143 esse
637 2106 889 2143 obversatum
910 2103 1158 2142 crediderim.

455 2174 502 2212 V.
522 2173 590 2212 52.
627 2173 680 2210 Ut
695 2195 751 2199 —
762 2172 1006 2222 podagrum.
1075 2172 1150 2218 Qui
1174 2177 1344 2208 tomenta
1369 2171 1486 2209 scribi
1514 2171 1680 2220 malunt,
1709 2169 1753 2208 id
1779 2169 1869 2208 ideo

345 2241 612 2278 necessarium
645 2246 805 2290 putant,
846 2241 938 2291 quia
975 2239 1102 2276 omnis
1137 2240 1422 2276 sententiarum
1449 2251 1576 2275 nexus
1611 2236 1765 2288 aliquid
1795 2236 1868 2274 ‹le-

345 2307 490 2346 sideret
513 2307 764 2358 fiagitetque,
801 2306 908 2358 quod
932 2307 1034 2344 bene
1059 2306 1208 2343 valenti
1241 2312 1398 2356 gratum
1425 2306 1488 2354 sit,
1518 2305 1627 2354 cujus
1652 2302 1869 2342 commodis

346 2388 396 2412 ne
428 2380 610 2424 aegrotus
645 2372 807 2425 quidem
834 2374 914 2410 frui
944 2379 1076 2425 queat.
1132 2374 1185 2409 At
1215 2373 1452 2423 comparatio
1470 2372 1639 2422 pertinet
1663 2369 1869 2417 adjuvat,

346 2455 427 2480 non
444 2440 496 2478 ad
513 2441 663 2486 valeat,
693 2441 752 2477 uti
772 2453 869 2478 mox
891 2439 1236 2477 demonstrabitur.
1294 2440 1437 2476 Contra
1462 2444 1645 2488 patronos
1668 2435 1869 2485 conjectu-

348 2522 413 2546 rae
439 2515 610 2546 tomenta
633 2506 813 2545 Handius
844 2508 872 2544 l.
889 2508 919 2544 l.
941 2508 998 2543 ita
1025 2505 1208 2553 surrexit,
1242 2511 1286 2542 ut
1316 2507 1419 2542 inter
1442 2506 1520 2541 alia
1542 2503 1712 2550 doceret,
1743 2515 1870 2540 errare

348 2569 602 2627 interpretes,
631 2587 756 2626 quum
786 2571 1065 2626 lippitudinem
1090 2573 1204 2623 pictis
1236 2573 1403 2621 tabulis,
1440 2571 1658 2623 podagram
1686 2569 1871 2607 fomentis

349 2649 505 2679 auctam
538 2642 724 2690 dicerent,
753 2649 798 2679 ut
819 2642 935 2679 rebus
968 2637 1244 2691 cupiditatem!
1300 2641 1437 2691 Neque
1460 2640 1568 2676 enim
1593 2637 1642 2675 de
1666 2638 1870 2687 ingraves-

350 2715 462 2745 cente
490 2710 629 2747 morbo
654 2710 765 2761 loqui
786 2711 965 2757 poetam,
994 2707 1065 2745 sed
1091 2708 1218 2744 velle:
1249 2707 1350 2754 „Qui
1376 2713 1486 2742 metu
1513 2712 1552 2742 et
1579 2703 1762 2755 cupidine
1786 2709 1872 2740 tur-

351 2775 478 2822 batur,
506 2776 541 2812 is
567 2776 682 2813 rebus
713 2789 759 2813 ac
784 2777 866 2813 vita
898 2775 977 2812 frui
1004 2787 1083 2812 non
1108 2780 1259 2826 potest,
1289 2771 1628 2825 quemadmodum
1652 2772 1780 2822 pictae
1808 2776 1871 2806 ta-

350 2842 467 2879 bulae
497 2854 574 2879 non
599 2843 795 2881 oblectant
818 2843 919 2894 lippi
943 2854 1118 2889 sensum,
1148 2854 1223 2877 nec
1246 2841 1434 2888 fomenta,
1464 2853 1566 2892 quae
1595 2839 1731 2889 frigori
1755 2834 1872 2874 adhi-

350 2909 516 2958 bentur,
554 2907 717 2960 podagri
753 2911 930 2948 membra
963 2909 1236 2960 refrigerant.“
1304 2908 1496 2946 Fomenta
1536 2908 1658 2959 igitur
1691 2905 1874 2957 opinatur
