2028 3268
378 248 459 291 168
487 251 851 290 COMMENTARII
882 254 936 289 IN
960 252 1179 290 HORATII
1208 253 1373 292 EPIST.
1394 254 1609 294 SECUND.
1630 259 1729 295 LIB.
1748 258 1782 296 1.
1837 259 1890 300 62

377 377 468 415 ergo
492 363 746 414 expetendum
765 369 832 400 est.
866 359 1093 401 Schmidius
1112 362 1280 403 laudans
1300 363 1579 406 Hochederum
1597 367 1648 406 ad
1665 371 1714 407 A.
1731 371 1778 409 P.
1793 370 1891 411 309.

376 438 575 483 comparat
603 429 787 481 Aeschyl.
814 427 1013 466 Prometh.
1037 430 1161 471 1007.
1190 430 1304 482 (986.
1332 432 1395 470 ed.
1414 432 1550 487 Both.)
1578 432 1772 488 τόλμησον
1791 450 1894 489 φρο-

374 503 471 540 νεῖν.
500 500 682 536 Ceterum
717 496 765 533 de
791 494 868 534 hoc
898 497 986 534 loco
1017 497 1216 549 singulare
1235 507 1365 538 exstat
1387 502 1598 552 scriptum:
1622 504 1895 541 Horatianum

375 566 483 603 illud
511 566 658 614 Sapere
689 563 794 599 aude
828 565 1027 602 succincta
1064 567 1394 604 commentatione
1431 569 1672 606 illustratum
1690 591 1747 599 —
1768 570 1894 620 subji-

375 634 479 670 cient
507 634 549 670 J.
578 629 653 668 Ph.
681 631 868 682 Muri-ay„
907 630 978 683 ph.
1007 630 1066 670 dr.
1105 639 1144 670 et
1180 634 1220 671 J.
1253 635 1318 670 Fr.
1343 634 1398 671 M.
1428 647 1452 671 a
1479 635 1678 687 Stalburg.
1717 637 1894 687 Gotting.

376 697 498 739 1754.
518 719 574 726 —-—-
603 698 754 747 Incipe.
788 698 928 735 Senec.
957 699 1083 750 Epist.
1116 701 1181 739 17.
1220 701 1378 748 Projice
1409 703 1542 739 omnia
1567 703 1670 750 ista,
1699 704 1734 740 εἰ
1757 705 1891 754 sapis:

373 767 450 802 imo
477 771 523 802 ut
542 765 678 814 sapias
688 778 703 810 ;
734 770 770 800 et
801 764 858 801 ad
886 763 1029 802 bonam
1055 773 1221 804 mentem
1247 781 1393 818 magno
1418 781 1537 806 cursu
1561 782 1611 806 ac
1639 771 1727 806 toti-s·
1745 769 1895 807 viribus

374 831 498 868 tende.
531 830 591 869 Id.
620 831 689 870 23.
718 831 835 867 Male
861 832 1004 869 vivunt
1038 835 1110 884 qui
1131 835 1260 871 vivere
1286 836 1495 884 incipiunt.
1517 859 1569 866 -
1603 835 1778 885 Quidam
1802 842 1895 874 ante

371 900 502 937 vivere
521 898 735 943 desierunt,
764 911 886 949 quam
907 899 1132 949 inciperent.
1163 900 1225 938 Id.
1245 900 1314 941 50.
1344 901 1486 952 Itaque
1507 901 1683 953 cogenda
1700 909 1756 939 est
1767 915 1895 949 mene,

372 973 420 1002 ut
447 966 631 1015 incipiat,
658 965 798 1003 deinde
829 979 908 1003 non
939 967 1083 1004 acerba
1114 975 1169 1005 est
1196 968 1403 1005 medicina.
1432 966 1491 1005 Id.
1523 967 1590 1008 13.
1628 969 1739 1007 Inter
1769 975 1895 1006 cetera

371 1032 482 1070 mala
508 1032 582 1069 hoe
611 1046 765 1084 quoque
788 1032 907 1070 habet
928 1033 1115 1079 stultitia,
1142 1047 1292 1084 semper
1319 1035 1460 1084 incipit
1481 1034 1623 1074 vivere.
1654 1036 1824 1074 Martial-
1853 1037 1894 1084 2,

372 1098 441 1148 64,
470 1099 510 1140 5.
538 1099 699 1149 Incipe!
720 1122 776 1128 ——
809 1100 857 1137 Si
874 1100 973 1150 quid
989 1099 1110 1137 habes
1126 1101 1256 1137 animi
1261 1114 1278 1147 ;
1306 1101 1342 1137 si
1355 1100 1454 1151 quid
1467 1101 1511 1137 in
1530 1108 1615 1138 arte
1633 1102 1755 1140 vales.
1796 1101 1893 1140 Inde

372 1179 425 1203 ex
451 1173 562 1217 parte
589 1172 746 1203 tantum
772 1179 865 1204 vera
895 1174 1000 1215 sunt,
1031 1179 1132 1219 quae
1162 1166 1211 1204 de
1235 1167 1518 1217 significatione
1544 1166 1662 1218 hujus
1681 1171 1792 1208 verbi
1820 1168 1895 1208 do-

371 1239 433 1270 cet
460 1231 722 1270 Ruhnkenius
752 1231 803 1269 acl
830 1233 993 1271 Terent.
1012 1233 1136 1272 Andr.
1168 1235 1205 1282 1,
1234 1233 1274 1282 3,
1304 1235 1370 1274 13.
1425 1235 1613 1273 Formula
1640 1243 1742 1273 recte
1767 1238 1895 1275 vivere

372 1307 444 1349 est,
484 1307 529 1338 ut
555 1300 658 1338 bene
697 1300 889 1351 explicuit
916 1301 968 1336 H.
998 1298 1224 1351 Stephanus
1252 1302 1295 1338 in
1324 1299 1571 1340 Schediasm.
1615 1303 1653 1349 1,
1692 1303 1734 1342 9.
1762 1304 1894 1342 vivere

371 1369 651 1406 convenienter
677 1367 826 1415 virtuti,
858 1379 959 1419 quae
987 1367 1094 1417 facit,
1123 1375 1167 1406 ut
1194 1368 1309 1406 beate
1335 1368 1529 1406 vivamus.
1585 1369 1714 1407 Dictio
1742 1382 1766 1407 a
1786 1370 1895 1409 Stoi-

372 1448 506 1473 corum
534 1433 743 1486 disciplina
770 1436 893 1486 petita
919 1433 1090 1472 videtur.
1146 1435 1205 1473 Iis
1239 1436 1343 1471 enim
1371 1436 1497 1472 virtus
1528 1442 1586 1472 est
1614 1435 1709 1474 bene
1736 1438 1898 1475 vivendi

371 1516 438 1539 ars
465 1501 685 1540 secundum
713 1503 925 1552 Augustin.
955 1502 1040 1539 Civ.
1069 1503 1119 1539 D.
1148 1503 1188 1550 9,
1211 1499 1253 1542 4.
1284 1502 1350 1550 19,
1382 1503 1420 1542 1.
1447 1503 1516 1549 22,
1549 1500 1631 1551 24.,
1661 1515 1759 1554 quos
1786 1503 1894 1542 locos

370 1569 497 1618 Majus
533 1568 646 1606 affert
673 1568 725 1605 ad
754 1569 836 1606 Cic.
868 1568 916 1606 de
945 1569 1114 1620 Republ.
1147 1570 1185 1617 1,
1223 1570 1264 1608 2.
1327 1569 1429 1605 Hinc
1465 1567 1694 1620 philosophi
1722 1582 1786 1621 ap.
1812 1570 1894 1607 La-

371 1642 490 1673 ctant.
534 1634 648 1686 (lust.
683 1639 718 1683 1,
750 1637 788 1683 1,
818 1635 877 1687 9.)
912 1642 1012 1672 recte
1039 1635 1199 1673 vivendi
1224 1635 1412 1681 doctores,
1453 1642 1588 1673 contra
1620 1634 1714 1672 bene
1740 1635 1897 1672 dicendi

371 1708 541 1738 oratores
566 1703 851 1739 existimantur.
910 1703 1012 1739 Aliis
1041 1703 1137 1740 locis
1165 1709 1266 1739 recte
1287 1703 1416 1739 vivere
1437 1702 1542 1739 idem.
1566 1715 1616 1738 ac
1641 1701 1766 1748 laute,
1787 1701 1896 1740 beate

370 1769 524 1815 vivere5
553 1768 633 1808 vid.
662 1775 848 1806 annotata
877 1767 928 1805 ad
955 1770 1082 1819 Epist.
1114 1769 1151 1816 1,
1181 1770 1220 1815 6,
1249 1769 1318 1807 29.
1347 1770 1390 1805 in
1418 1766 1613 1805 Sclnnidji
1639 1767 1747 1806 Edit.
1782 1768 1895 1806 Idem

370 1837 501 1874 varius
535 1848 631 1873 usus
660 1842 720 1873 est
749 1834 854 1887 apud
883 1836 1053 1873 Graecos
1080 1836 1123 1872 in
1151 1836 1323 1872 formula
1359 1827 1405 1875 εὖ
1434 1834 1502 1875 καὶ
1534 1837 1666 1882 καλῶς
1698 1831 1895 1887 πράττειν,

370 1901 478 1954 quod
504 1902 605 1939 bene
635 1903 854 1940 observavit
883 1901 934 1938 ad
962 1904 1065 1940 Plat.
1094 1903 1215 1953 Gorg.
1244 1916 1285 1954 p.
1313 1903 1410 1942 207.
1441 1900 1690 1939 doctissimus
1717 1902 1894 1939 Platonis

369 1971 574 2020 interpres,
614 1969 910 2007 Stallbaumius.
966 1968 1031 2007 Ad
1069 1981 1252 2007 sensum:
1291 1967 1404 2007 Ovid.
1435 1969 1550 2006 Rem.
1577 1969 1671 2005 Am.
1701 1967 1772 2007 93.
1799 1981 1895 2018 pro-

363 2051 465 2088 pera
477 2051 490 2076 .·
520 2050 591 2073 nec
613 2043 649 2072 te
673 2043 858 2073 venturas
877 2035 995 2087 differ
1013 2037 1056 2072 in
1082 2036 1212 2072 horas.
1280 2036 1358 2085 Qui
1376 2047 1456 2071 non
1476 2041 1531 2071 est
1551 2033 1683 2080 hodie,
1711 2047 1800 2071 cras
1818 2037 1895 2072 mi-

371 2118 448 2142 nus
475 2110 594 2154 aptus
621 2104 705 2140 erit.
739 2103 881 2141 Senec.
911 2101 961 2139 de
983 2102 1123 2140 brevit.
1150 2103 1228 2140 vit.
1260 2115 1293 2139 c.
1323 2102 1364 2141 9.
1388 2101 1616 2138 Maximum
1638 2101 1798 2139 vivendi
1817 2103 1896 2139 im-

364 2171 636 2222 pedimentum
676 2176 732 2206 est
763 2171 1013 2220 exspectatio,
1058 2182 1160 2221 quae
1185 2169 1334 2219 pendet
1371 2182 1399 2205 a
1429 2169 1614 2205 crastino.
1655 2167 1757 2205 Ibid.
1788 2181 1822 2206 c.
1852 2166 1894 2208 4.

378 2239 489 2288 Quae
511 2244 594 2274 tam
622 2237 745 2274 stulta
760 2237 1013 2274 mortalitatis
1039 2236 1201 2281 oblivio,
1218 2237 1262 2272 in
1284 2236 1655 2286 quinquagesimum
1681 2243 1718 2272 et
1734 2247 1895 2286 sexage-

371 2307 514 2342 simum
538 2318 690 2341 annum
718 2303 875 2355 differre
903 2317 1005 2341 sana
1031 2303 1215 2349 consilia,
1244 2309 1281 2339 et
1303 2302 1396 2339 inde
1419 2301 1519 2339 aselle
1546 2302 1671 2339 vitam
1694 2301 1894 2347 inchoare,

373 2387 449 2425 quo
472 2373 601 2424 pauci
621 2370 923 2421 perduxerunt?
962 2369 1023 2408 ld.
1051 2371 1179 2422 Epist.
1210 2371 1249 2410 1.
1278 2369 1393 2406 Dum
1425 2367 1468 2406 di
1501 2374 1610 2404 ertur
1633 2369 1735 2414 vita,
1763 2375 1895 2406 trans-

373 2442 508 2478 currit.
546 2437 606 2476 Id.
638 2439 702 2478 17.
731 2436 867 2488 Atqui
880 2436 985 2474 nihil
994 2439 1112 2487 prius
1137 2450 1258 2488 quam
1280 2436 1353 2472 hoc
1375 2433 1608 2485 parandum
1626 2441 1698 2478 est,
1727 2434 1836 2485 quod
1851 2440 1896 2471 tu

373 2507 509 2559 (ἔψη
527 2513 565 2543 et
577 2512 673 2556 post
691 2512 816 2542 cetera
826 2517 967 2554 paras.
1027 2503 1098 2541 Ab
1118 2503 1192 2541 hoc
1209 2502 1476 2552 incipiendum
1494 2508 1562 2538 est.
1594 2499 1654 2540 Id.
1684 2499 1753 2542 45.
1783 2501 1894 2538 Nat-

375 2574 453 2610 Zius
478 2587 557 2611 non
578 2574 663 2610 vita
687 2578 838 2622 spectat
860 2572 904 2608 in
933 2572 1161 2608 crastinum.
1223 2569 1332 2619 Quid
1347 2570 1391 2606 in
1409 2568 1482 2605 hoc
1498 2569 1551 2604 sit
1567 2567 1684 2613 mali,
1712 2567 1896 2619 quaeris?

374 2640 599 2688 Infinitum.
660 2640 757 2676 Non
787 2640 892 2676 enim
919 2640 1073 2688 vivunt,
1105 2637 1176 2676 secl
1201 2637 1349 2675 victuri
1379 2642 1495 2672 sunt:
1526 2635 1659 2672 omnia
1689 2634 1889 2687 dfflrunt.

373 2706 434 2746 Id.
462 2707 529 2747 32.
561 2706 744 2744 Multam
764 2713 896 2744 autem
925 2712 1053 2751 nocet,
1082 2711 1119 2741 et
1142 2706 1213 2756 qui
1234 2710 1426 2749 moratur,
1455 2703 1590 2753 utique
1614 2702 1657 2738 in
1675 2707 1790 2738 tanta
1809 2700 1895 2738 bre—

375 2775 497 2812 vitate
516 2776 645 2811 vitae:
676 2788 797 2826 quam
818 2773 1028 2811 breviorem
1051 2771 1315 2810 inconstantia
1323 2770 1525 2821 facimus,
1552 2768 1671 2805 aliud
1689 2769 1775 2815 ejus
1799 2767 1895 2805 suh·-

375 2840 467 2878 inde
489 2847 608 2891 atque
624 2841 742 2879 aliud
746 2841 947 2892 facientes·
963 2841 1133 2877 initium.
1164 2839 1281 2876 Mart.
1303 2838 1342 2886 1,
1372 2838 1438 2886 16,
1473 2837 1540 2878 11.
1567 2835 1756 2880 Nomest,
1785 2834 1896 2872 erede

377 2907 492 2954 mihi,
514 2908 701 2958 sapientis
732 2908 881 2946 dicere:
917 2909 1073 2947 Vivam.
1138 2906 1236 2944 Sera
1257 2905 1375 2942 nimis
1399 2905 1484 2944 vita
1502 2909 1558 2941 eet
1580 2902 1779 2940 crastina.-
1808 2902 1896 2939 νίνε
