2028 3268
429 243 512 285 356
586 243 958 283 COMMENTARII
977 243 1033 281 IN
1050 239 1268 281 HORATII
1286 240 1385 284 LIB.
1400 242 1429 284 Ι.
1447 241 1611 282 EPIST.
1628 242 1772 281 SEPT.
1881 240 1936 284 84

430 369 607 407 tationem
643 367 701 403 vel
737 366 783 403 ad
822 367 941 402 artem
974 365 1138 401 criticam
1177 365 1383 414 spectantia
1422 370 1591 404 accurate
1626 365 1813 416 persecuti
1849 367 1936 402 sunt

431 435 497 471 R.
521 432 728 470 Jacohsius
754 433 791 468 in
816 432 972 480 ,‚Verm.
1000 429 1152 468 schrift.
1177 429 1220 467 V.
1247 443 1284 480 p.
1311 429 1521 472 95—150
1543 433 1618 470 sive
1639 433 1678 469 in
1698 432 1822 470 Lecti.
1857 430 1936 468 Ve-

432 515 518 538 nas.
535 528 548 545 ,
587 499 752 549 primitus
782 499 880 548 typis
909 498 1103 547 descriptis
1131 497 1169 533 in
1197 496 1295 534 Mus.
1322 497 1442 535 Rhen.
1468 499 1587 540 1827.
1615 511 1652 548 p.
1677 498 1758 540 297
1787 510 1872 547 sqq.
1898 501 1936 536 et

435 568 552 608 1828.
583 579 620 614 p.
644 564 724 603 533
750 576 858 613 sqq.,
906 563 976 605 le.
1013 563 1239 601 Schmidius
1261 565 1298 601 in
1323 564 1530 614 „Epistola
1556 564 1657 603 obss.
1683 564 1722 602 in
1747 565 1820 609 Qu.
1843 563 1937 602 Hor.

431 634 487 671 Fl.
517 633 621 669 locos
651 631 831 680 quosdam
861 631 1073 667 continente
1101 631 1147 667 ad
1188 629 1234 666 L.
1263 630 1302 666 S.
1335 630 1539 667 Obbarium
1561 630 1721 667 missa.“
1775 629 1936 668 Halber-

433 700 539 737 stadii
569 698 714 746 1828.,
765 697 873 733 Lad.
904 697 1181 734 Doederlinins
1208 699 1245 734 in
1271 696 1397 734 Lectt.
1423 697 1515 734 Hor.
1545 698 1698 734 decade.
1753 696 1938 747 Erlangae

434 768 552 810 1828.
582 782 620 818 p.
639 769 718 814 12,,
753 763 823 805 Ch.
857 764 936 804 Gn.
959 762 1296 800 Mitsclzerltclzius
1323 763 1360 800 in
1380 764 1531 802 Racem.
1550 763 1725 802 Venusin.
1743 763 1852 800 Fasc.
1874 762 1936 800 ΙΙΙ.

432 836 604 885 Gotting.
636 833 759 875 1829.
787 844 824 881 p.
849 830 874 868 9
900 843 958 880 sq.
987 831 1134 882 repetit.
1160 831 1198 868 in
1225 829 1399 868 Seebodii
1427 831 1509 881 „N.
1541 830 1707 869 Archiv“
1735 829 1855 872 1829.
1885 830 1938 868 N.

431 903 495 943 51.
520 916 557 953 Ρ.
585 901 676 943 203.

538 969 583 1010 V,
607 971 697 1009 1—
712 969 775 1008 12.
833 964 1109 1001 Sententiarum
1133 964 1246 1000 ordo:
1275 990 1302 1012 „
1314 963 1408 1003 Hor.
1433 968 1584 1002 excusat
1606 977 1710 1003 suam
1735 963 1940 1002 absentiam

428 1035 686 1072 Maecenatem
714 1033 854 1069 faciens
880 1031 1098 1080 certiorem,
1128 1044 1170 1068 se
1194 1044 1280 1068 vere
1309 1032 1499 1079 sequentis
1524 1032 1669 1070 demum
1691 1033 1777 1070 anni
1801 1031 1849 1069 ob
1873 1043 1939 1068 va-

429 1103 601 1140 letudinis
630 1105 767 1138 metum
794 1097 1070 1149 periculmnque
1097 1110 1328 1135 reversurum
1353 1097 1480 1134 esse.“
1537 1098 1583 1135 V.
1609 1100 1644 1138 1.
1666 1102 1702 1141 2.
1761 1098 1942 1148 Quinque

429 1170 511 1206 dies
535 1174 575 1206 ut
599 1181 691 1205 nos:
719 1166 844 1215 „acht
874 1164 1048 1214 Tage‚“
1085 1169 1207 1202 certus
1234 1165 1382 1214 quidam
1411 1165 1561 1214 exiguus
1586 1177 1759 1202 numerus
1787 1177 1856 1214 pro
1883 1164 1941 1200 in-

430 1241 533 1274 certo
558 1236 718 1286 posituS,
746 1234 798 1270 uti
827 1237 929 1269 recte
957 1233 1147 1269 annotavit
1179 1231 1403 1268 Schmidius
1427 1235 1465 1269 et
1491 1230 1738 1281 compluribus
1766 1229 1942 1279 exemplis

429 1303 526 1353 (Sat.
551 1304 589 1350 1,
614 1303 655 1351 3,
684 1302 747 1340 16.
770 1299 856 1349 ibiq.
886 1299 1022 1338 Heind.
1050 1304 1088 1337 et
1116 1299 1222 1336 Pass.
1255 1302 1294 1347 2,
1324 1299 1365 1346 3,
1396 1297 1488 1339 289.
1518 1299 1559 1347 7,
1584 1297 1648 1337 89.
1681 1296 1804 1347 Epist.
1835 1297 1874 1344 1,
1901 1296 1944 1343 6,

430 1367 495 1408 43.
525 1370 613 1418 „ein
646 1381 736 1418 paar
765 1367 800 1404 T
802 1367 974 1404 ausend“
1004 1363 1076 1416 14,
1109 1369 1145 1408 2.
1176 1365 1233 1416 3.)
1261 1365 1461 1404 illustravit
1494 1363 1705 1401 Seebodius
1730 1365 1769 1400 in
1793 1361 1945 1412 „Scho-

430 1436 503 1472 lien
516 1436 543 1458 ‘⁶
572 1448 610 1484 p.
640 1436 704 1476 12.
735 1457 789 1462 —
827 1434 931 1470 Sext.
961 1439 1027 1469 tot.
1058 1433 1228 1470 mendax
1253 1434 1461 1470 desideror.
1518 1431 1586 1470 His
1626 1429 1750 1468 verbis
1786 1429 1946 1478 seipse

430 1507 580 1540 accusat
601 1502 710 1550 Hor.,
734 1506 774 1538 ut
798 1514 842 1538 eo
864 1501 982 1550 magis
1007 1513 1030 1537 a
1050 1500 1269 1540 Maecenate
1298 1504 1430 1551 speret
1451 1500 1612 1546 veniam;
1635 1512 1712 1536 non
1729 1499 1840 1547 igitur
1859 1499 1947 1533 sunt

433 1569 546 1606 verba
565 1568 810 1616 Maecenatis,
837 1567 970 1618 quibus
1000 1580 1082 1604 eum
1106 1569 1143 1605 in
1170 1568 1328 1618 epistola
1354 1566 1605 1616 objurgatoria
1629 1567 1676 1604 ad
1693 1566 1787 1604 Hor.
1808 1564 1948 1613 scripta

432 1648 537 1672 usum
566 1647 649 1670 esse
678 1634 737 1670 alii
766 1636 975 1683 opinantur.
1032 1635 1127 1671 Rem
1151 1635 1235 1684 plus
1262 1635 1365 1684 justo
1393 1635 1431 1670 in
1460 1634 1578 1682 majus
1612 1631 1740 1670 extulit
1775 1629 1948 1668 Groebe-

433 1703 511 1738 lias
534 1703 572 1738 in
598 1701 828 1750 expositione
864 1699 1083 1749 Argumenti
1116 1714 1153 1749 p.
1185 1700 1223 1739 3.
1281 1700 1330 1737 At
1361 1700 1459 1736 conf.
1488 1700 1557 1735 R.
1589 1697 1746 1735 Jacobs.
1779 1711 1818 1748 Ρ.
1852 1699 1944 1738 122·

432 1774 471 1807 et
502 1767 629 1805 Bach.
658 1768 695 1804 in
724 1766 934 1805 Zimmerm.
962 1765 1241 1814 „Zeitschrift“
1268 1771 1339 1804 etc.
1372 1763 1491 1806 1834.
1515 1779 1553 1815 Ρ.
1580 1765 1698 1804 1036.
1753 1763 1812 1803 De
1846 1764 1946 1800 Sex-

434 1836 512 1881 tili,
538 1835 599 1884 qui
625 1835 763 1871 mensis
795 1845 891 1869 anno
921 1833 1066 1870 demum
1089 1847 1124 1874 u.
1145 1847 1175 1870 c.
1201 1831 1294 1873 746.
1321 1832 1510 1882 Augustus
1531 1832 1740 1868 nominatus
1765 1835 1837 1880 est,
1867 1831 1943 1867 vid.

433 1903 506 1942 Dio
538 1902 646 1938 Cass.
677 1899 754 1947 55,
784 1901 822 1938 6.
880 1898 1066 1936 Plutarch.
1092 1900 1205 1937 Num.
1238 1900 1302 1940 19.
1360 1899 1420 1936 Jo.
1448 1897 1546 1947 Lyd.
1576 1899 1624 1935 de
1651 1898 1775 1935 Mens.
1801 1895 1849 1945 4,
1878 1898 1946 1939 72.

433 1969 602 2007 Macrob.
643 1968 723 2003 Sat.
765 1968 812 2013 1,
859 1966 925 2006 12.
972 1988 1028 1994 -
1074 1965 1122 2002 V.
1159 1966 1185 2004 3
1208 1988 1262 1994 —
1282 1966 1320 2004 5.
1379 1964 1513 2015 Atqui
1541 1964 1588 2000 Si
1612 1977 1673 2000 me
1698 1985 1755 1992 —--
1778 1963 1950 2002 veniam.

435 2034 695 2084 „Confiteor3
724 2036 912 2080 attamen,
942 2045 1054 2082 quum
1081 2031 1154 2068 hoc
1182 2032 1236 2068 sic
1264 2044 1305 2068 se
1335 2031 1490 2081 habeat,
1518 2030 1622 2069 dabis
1633 2030 1662 2054 “
1685 2034 1758 2068 etc.
1824 2029 1947 2067 orell.

443 2102 610 2139 Veniam
636 2098 752 2136 dahis
782 2112 859 2136 non
889 2103 947 2136 est
975 2125 1002 2148 „
1020 2101 1261 2136 commeatum
1291 2098 1473 2148 [Urlaub]
1504 2098 1671 2147 dabis,“
1698 2101 1740 2135 ut
1766 2097 1952 2147 interpre-

437 2173 562 2207 tantur
593 2166 768 2204 Sclzeller
793 2170 829 2203 et
866 2164 1074 2210 Giinther,
1103 2165 1171 2202 sed
1203 2191 1231 2214 „
1243 2164 1521 2216 indulgentiam,
1549 2163 1809 2203 Nachsicht.“
1864 2163 1955 2200 Non

437 2234 591 2272 multum
618 2233 794 2270 abhorret
824 2232 928 2269 locus
953 2233 1017 2269 ille
1046 2230 1092 2279 5,
1126 2231 1189 2271 10.
1217 2231 1346 2282 festus
1370 2233 1460 2269 Dat
1482 2233 1638 2269 veniam
1661 2251 1710 2258 --
1735 2228 1846 2276 dies,
1892 2228 1955 2266 ubi

438 2302 511 2339 vid,
542 2314 580 2351 p.
607 2298 701 2341 248.
745 2299 803 2335 Cf.
836 2299 916 2335 Sat.
948 2300 988 2347 2,
1018 2295 1059 2346 4,
1090 2296 1128 2336 5.
1164 2297 1244 2334 Cic.
1276 2299 1323 2335 de
1352 2299 1463 2336 Offic.
1494 2299 1536 2347 3,
1569 2298 1637 2347 19,
1669 2298 1732 2338 12.
1771 2295 1956 2340 Videsne,

441 2369 515 2405 hoc
536 2365 743 2417 proverbio
772 2378 896 2415 neque
923 2365 1032 2415 Gygi
1053 2363 1117 2399 illi
1136 2377 1254 2413 posse
1277 2366 1432 2401 veniam
1461 2364 1566 2409 dari,
1597 2375 1721 2414 neque
1739 2361 1833 2398 huic
1852 2360 1958 2399 εἰς]

441 2436 496 2473 [(1.
526 2435 575 2471 ad
601 2432 713 2470 Attic.
742 2430 789 2480 5,
822 2434 898 2481 21,
934 2432 973 2470 8.
1033 2431 1142 2467 Dedi
1168 2432 1323 2467 veniam
1349 2431 1502 2467 homini
1523 2430 1770 2480 impudenter
1790 2429 1953 2478 petenti.

441 2502 560 2550 Hujus
600 2504 723 2537 autem
753 2499 1056 2548 significationis,
1102 2496 1285 2547 precihus
1314 2496 1544 2541 concedere,
1592 2495 1762 2547 exempla
1790 2496 1864 2532 vid.
1893 2507 1954 2545 ap.

443 2568 602 2605 Ellendt.
633 2567 680 2603 ad
706 2565 786 2602 Cic.
815 2565 862 2602 de
892 2565 961 2602 Or.
994 2566 1033 2613 1,
1057 2565 1124 2612 21,
1152 2563 1218 2602 98.
1264 2563 1413 2602 Ruhnk.
1441 2564 1488 2601 ad
1517 2562 1674 2604 Terent.
1701 2562 1819 2600 Andr.
1848 2558 1889 2611 4,
1913 2561 1956 2610 3,

445 2635 511 2674 30.
568 2633 641 2671 Ad.
666 2632 706 2681 5,
733 2634 773 2680 8,
800 2629 864 2671 14.
895 2635 933 2668 et
956 2631 1003 2667 cf.
1028 2630 1170 2669 Walch.
1197 2631 1246 2667 ad
1275 2630 1312 2667 T
1313 2643 1368 2671 ac.
1398 2629 1523 2680 Agric.
1551 2632 1590 2672 2.
1647 2629 1788 2669 Krebs.
1815 2629 1853 2666 in
1876 2627 1956 2664 An—

446 2700 581 2738 tibarb.
608 2713 646 2749 p.
667 2697 764 2736 499.
784 2720 838 2725 —
857 2705 1060 2748 aegrotare
1087 2698 1255 2741 timenti,
1285 2697 1423 2747 quippe
1453 2698 1514 2747 qui
1543 2700 1676 2734 nosset
1703 2695 1958 2733 Maecenatem

447 2779 561 2817 saepe
585 2778 737 2819 aegrum
759 2765 818 2801 vel
846 2765 1046 2802 valetudini
1073 2767 1297 2802 metuentem
1323 2764 1361 2800 in
1394 2765 1462 2802 hac
1491 2777 1532 2802 re
1561 2763 1718 2802 facilem.
1776 2762 1836 2801 Cf.
1860 2759 1956 2798 Plin.

447 2835 497 2873 H.
512 2833 565 2871 N.
593 2834 634 2880 7,
663 2831 730 2872 52.
787 2831 922 2869 Senec.
951 2831 1073 2882 Epist.
1104 2829 1194 2870 101.
1225 2834 1263 2867 et
1287 2829 1436 2869 Mitsch.
1466 2832 1513 2869 ad
1537 2831 1612 2868 od.
1637 2832 1678 2880 2,
1708 2830 1773 2869 17.
1801 2841 1839 2879 Ρ.
1862 2827 1955 2867 510.

452 2901 546 2938 Cum
569 2898 752 2936 sententia
778 2903 900 2936 autem
933 2898 979 2935 Sc·
1004 2912 1064 2935 me
1088 2898 1164 2935 νίν.
1190 2898 1250 2935 vis
1269 2910 1410 2934 sanum
1431 2902 1502 2936 etc.
1533 2907 1725 2948 compares
1743 2895 1864 2946 Epist.
1890 2896 1955 2943 16,
