2028 3268
404 263 488 305 264
531 265 905 305 COMMENTARII
930 265 983 302 IN
1005 262 1229 302 HORATII
1259 263 1355 306 LIB.
1380 264 1408 303 Ι.
1440 265 1603 304 EPIST.
1623 265 1806 310 QUINT.
1863 263 1916 304 74

404 405 477 439 ρου
516 387 617 440 πρὸς
661 388 791 439 ἕτερον
821 386 951 438 σχέσιν
978 385 1046 426 καὶ
1074 385 1271 437 ἁρμονίαν
1308 390 1377 423 etc.
1433 387 1493 428 Cs,
1516 388 1676 439 interpp,
1702 388 1750 425 ad
1774 387 1850 424 Od.
1878 387 1915 436 1,

404 455 476 499 35,
509 457 574 495 28.
631 454 725 491 Mire
749 454 846 490 hunc
874 453 994 490 locum
1017 453 1249 491 constituunt
1274 452 1415 500 aliquot
1434 457 1574 491 veteres
1602 455 1846 501 interpretes,
1874 455 1916 488 ut

403 520 586 557 Irenicus:
615 519 832 569 „instituam
854 518 1024 555 convivas
1050 516 1214 553 Brutam
1234 520 1272 553 et
1297 518 1548 567 Septimium,
1577 526 1618 557 ut
1643 530 1711 568 par
1735 518 1815 568 pari
1831 519 1915 567 jun-

403 588 552 634 gatur.“
611 585 833 634 Praecepta,
873 596 967 633 quae
991 597 1012 620 a
1034 596 1066 620 v.
1094 584 1159 624 22.
1183 585 1375 634 proposita
1399 584 1592 634 leguntur,
1623 585 1700 633 ejus
1727 588 1815 621 sunt
1836 584 1916 621 offi-

403 653 468 701 cii,
499 653 621 699 quod⁷
653 651 707 688 uti
745 662 789 687 ex
821 650 909 687 locis
945 650 1104 687 laudatis
1136 653 1248 698 atque
1284 663 1328 688 ex
1349 650 1513 688 Varrone
1541 663 1598 700 ap.
1621 650 1716 688 Gell.
1741 651 1818 699 13,
1850 651 1916 689 11.

404 721 581 767 apparet,
606 729 796 754 commune
816 729 941 753 eorum
966 716 1035 753 fuit
1054 719 1092 753 et
1117 717 1331 766 proprium,
1366 717 1428 765 qui
1453 717 1589 754 bonum
1611 729 1745 754 coenae
1774 721 1917 767 patrem

404 796 514 832 agere
545 783 730 820 volebant.
790 784 1030 833 Quapropter
1060 783 1238 820 Horatius
1271 783 1614 820 commemoratione
1646 783 1807 820 omnium
1843 784 1918 820 fere

403 850 510 898 hujus
534 850 693 886 muneris
717 850 900 899 partium,
940 850 1040 897 quod
1071 849 1140 885 sibi
1169 853 1301 899 utpote
1320 850 1544 887 convivatori
1569 849 1736 885 omnibus
1760 849 1917 885 numeris

403 916 573 953 absoluto
597 918 701 964 quasi
724 917 770 952 de
796 927 898 952 more
921 916 1131 965 impositum
1152 916 1315 952 declarat
1335 920 1447 964 atque
1466 916 1690 965 injunctum,
1728 914 1767 950 id
1800 915 1919 964 egisse

403 984 590 1032 putandus
618 987 696 1032 est,
725 986 767 1018 ut
786 981 970 1030 Torquati
999 981 1159 1018 animum
1188 983 1236 1019 ad
1254 982 1432 1019 laetitiam
1454 983 1690 1032 componeret
1707 983 1746 1017 et
1763 981 1839 1030 ejus
1861 993 1919 1018 se-

403 1049 615 1098 veritatem,
644 1050 675 1086 si
705 1061 777 1097 qua
811 1052 933 1097 esset,
973 1048 1201 1086 dissolveret.
1259 1050 1366 1094 Quae
1391 1049 1422 1086 si
1442 1061 1528 1086 vera
1544 1053 1649 1097 sunt,
1678 1048 1834 1097 primum
1857 1060 1919 1086 ve-

404 1116 559 1152 rendum
582 1120 662 1165 est,
689 1128 736 1152 ne
764 1115 934 1152 Orellms
952 1127 1056 1152 suam
1080 1115 1126 1152 de
1152 1127 1187 1152 v.
1214 1116 1382 1164 imperor
1403 1114 1743 1165 interpretationem
1777 1114 1919 1151 artiori—

403 1181 473 1218 bus
497 1182 670 1219 limitibus
696 1182 883 1218 incluserit
914 1181 970 1217 his
1003 1194 1090 1218 usus
1126 1181 1265 1218 verbis:
1302 1194 1449 1230 „quum
1470 1182 1582 1218 semel
1607 1179 1766 1217 officium
1785 1193 1919 1218 coenae

406 1247 471 1283 tibi
511 1248 750 1298 apparandae
773 1248 1020 1298 susceperim,
1058 1248 1090 1284 ei
1108 1247 1221 1285 veluti
1239 1249 1363 1298 jussus
1387 1247 1434 1284 ab
1453 1247 1546 1294 alio,
1576 1246 1632 1283 cui
1652 1247 1712 1295 jus
1739 1251 1838 1284 esset
1861 1260 1919 1284 me

405 1314 494 1351 talia
519 1313 695 1363 jubendi,
724 1319 893 1352 accurate
922 1315 1186 1352 satisfaciain.“
1241 1313 1385 1352 Deinde
1408 1313 1484 1349 noli
1509 1313 1618 1349 fidem
1643 1313 1778 1350 habere
1801 1315 1919 1350 Mas-

405 1395 497 1417 sono
526 1380 583 1431 (p.
604 1381 740 1429 208.),
771 1394 883 1430 quum
909 1381 1075 1418 versibus
1093 1379 1158 1420 34.
1187 1384 1225 1417 et
1243 1381 1311 1420 35.
1338 1379 1428 1416 illud
1453 1383 1550 1416 tecte
1570 1379 1814 1428 significatum
1839 1392 1920 1416 esse

407 1447 580 1495 opinatur
595 1447 856 1495 infortunium,
888 1447 988 1495 quod
1010 1447 1183 1484 Cornelio
1202 1448 1311 1484 Gallo
1337 1446 1473 1484 amicus
1492 1458 1626 1483 arcana
1642 1447 1804 1497 prodens
1821 1451 1921 1484 attu-

407 1513 516 1563 lerit,
547 1514 660 1563 [cujus
699 1514 751 1551 rei
784 1513 986 1563 locupletes
1016 1515 1224 1564 nuperrime
1249 1513 1398 1563 collegit
1414 1517 1528 1550 testes
1553 1514 1713 1553 Becker.
1749 1515 1797 1551 ad
1823 1513 1920 1554 Gall.

407 1579 437 1615 I.
474 1594 510 1630 p.
532 1581 612 1628 50]
658 1584 737 1617 tum
767 1581 970 1617 cavendum
997 1581 1088 1628 erit,
1125 1594 1172 1618 ne
1201 1581 1331 1619 verba:
1371 1587 1414 1615 ut
1449 1586 1556 1615 coeat
1578 1594 1661 1629 par
1687 1584 1757 1618 etc.
1785 1580 1831 1617 ab
1864 1580 1919 1630 iis,

408 1657 503 1693 quae
525 1646 769 1693 antecedunt,
799 1647 988 1695 disjungas
1009 1650 1047 1683 et
1072 1647 1120 1684 ad
1142 1659 1185 1684 ea
1208 1648 1364 1695 referas,
1395 1657 1490 1694 quae
1511 1651 1730 1693 sequuntur.

519 1711 564 1749 V.
585 1713 761 1751 26—28.
819 1713 993 1748 Butram
1013 1734 1068 1740 —
1086 1727 1300 1750 assumam.
1359 1711 1521 1749 Nomina
1536 1712 1723 1749 hominum
1749 1717 1839 1750 nota
1860 1714 1920 1750 illa

409 1777 580 1826 quidem,
609 1778 674 1814 sed
697 1777 861 1814 homines
885 1779 957 1828 ipsi
975 1778 1081 1815 nobis
1102 1779 1249 1816 aliunde
1270 1779 1399 1828 ignoti.
1434 1779 1507 1823 Qui
1528 1779 1683 1816 certiora
1701 1780 1747 1816 de
1773 1778 1919 1815 Sabino

409 1844 624 1892 conjecturis
657 1845 803 1892 assequi
832 1845 953 1893 volet,
992 1845 1103 1881 adeat
1140 1846 1443 1889 VVielandium,
1493 1845 1766 1889 Schmiclinm,
1812 1846 1921 1882 Orel-

409 1909 517 1947 lc'um.
576 1908 712 1946 Nescio
733 1914 877 1958 tamen,
905 1923 969 1947 cur
996 1910 1224 1960 neglexerint
1242 1912 1474 1948 Britannici
1499 1913 1765 1961 conjecturam,
1795 1922 1869 1958 qua
1891 1911 1920 1947 is

409 1975 589 2012 Sabinum
608 1975 722 2012 habet
742 1989 809 2026 pro
832 1976 905 2012 filio
926 1975 1004 2012 Titi
1024 1977 1139 2014 Flavii
1155 1977 1324 2014 Petronis
1338 2006 1349 2027 ‚
1378 1978 1473 2015 bello
1505 1978 1597 2015 civili
1617 1977 1923 2026 Pompejanarum

409 2042 570 2091 partium
591 2042 813 2078 centurionis
838 2046 876 2078 et
894 2042 1025 2078 marito
1045 2042 1244 2093 Vespasiae
1262 2044 1409 2093 Pollae,
1438 2057 1483 2081 ex
1509 2057 1582 2094 qua
1599 2043 1728 2094 genuit
1746 2043 1922 2080 Sabinum

410 2112 449 2144 et
469 2106 752 2157 Vespasianum.
795 2108 970 2156 Quisquis
992 2113 1070 2157 est,
1100 2110 1209 2148 homo
1227 2112 1308 2161 ipse
1336 2111 1430 2148 belle
1447 2111 1663 2148 describitur
1681 2113 1812 2161 utpote
1828 2122 1923 2147 unus

410 2187 454 2212 ex
481 2175 546 2223 iis,
583 2188 691 2223 quem
714 2188 832 2211 coena
852 2177 964 2224 prior
977 2177 1184 2227 potiorque
1197 2178 1336 2227 puella
1358 2178 1522 2214 detinere
1547 2177 1723 2228 potuerit.
1779 2177 1923 2221 Quodsi

410 2254 570 2277 coenam
597 2242 722 2290 prior.
787 2242 908 2279 Schol.
936 2242 1073 2291 Cruq.,
1112 2244 1317 2292 Cruquius,
1365 2243 1588 2292 Lambinus,
1623 2243 1706 2292 alii,
1740 2243 1924 2280 meliorem

410 2308 487 2344 sive
505 2307 697 2345 lautiorem
714 2308 950 2358 intelligunt,
974 2321 1101 2347 vereor
1126 2313 1169 2346 ut
1199 2310 1294 2346 hanc
1313 2310 1614 2359 significationem
1640 2309 1698 2347 hic
1721 2310 1924 2360 repererint

412 2374 572 2412 Romani
589 2375 671 2424 ipsi.
700 2375 837 2410 Potior
860 2374 992 2412 dicitur
1009 2375 1060 2412 illi
1069 2376 1211 2424 puella
1230 2377 1288 2413 vel
1309 2389 1464 2424 quaeum
1484 2380 1616 2426 utpote
1633 2374 1777 2429 ἑταίρᾳ,
1797 2377 1924 2425 amica,

414 2454 568 2478 coenare
588 2441 758 2478 maluerit
772 2454 882 2490 quam
901 2454 983 2478 cum
1003 2442 1139 2491 amicis,
1154 2443 1211 2479 vel
1230 2445 1331 2492 cujus
1349 2442 1629 2480 familiaritatem
1649 2446 1762 2491 atque
1775 2454 1924 2480 suavem

412 2519 519 2542 usum
551 2507 698 2544 omnino
727 2508 912 2556 praeferre
948 2507 1011 2543 isti
1033 2508 1196 2546 convivio
1218 2509 1318 2546 visus
1346 2513 1414 2546 est.
1472 2508 1545 2544 Alii
1575 2508 1698 2557 aliter,
1729 2521 1822 2557 quos
1843 2509 1924 2558 jure

414 2573 559 2610 vellicat
580 2574 787 2614 Dae-erius.
845 2576 903 2613 De
922 2576 1052 2627 puellis
1070 2575 1291 2624 quibusdam
1306 2588 1443 2613 coenae
1461 2575 1635 2612 adhibitis
1666 2576 1711 2614 cf.
1734 2574 1850 2615 Orell.
1875 2575 1924 2613 ad

417 2639 491 2679 Od.
515 2641 560 2687 1,
589 2641 666 2690 36,
698 2643 763 2682 13.
793 2641 841 2693 4,
873 2644 938 2682 11.
964 2642 1109 2679 Dissen.
1129 2642 1176 2678 ad
1199 2641 1283 2679 Tib.
1304 2642 1350 2690 1,
1381 2641 1424 2691 5,
1454 2641 1520 2680 65.
1553 2642 1600 2690 6,
1627 2643 1691 2681 17.
1713 2654 1770 2691 sq.

524 2705 569 2743 V.
597 2708 662 2747 28.
694 2709 760 2750 29,
790 2710 898 2746 locus
920 2716 975 2745 est
989 2731 1045 2736 —
1064 2721 1220 2758 caprae.
1280 2708 1321 2744 In
1343 2708 1565 2745 sententiam
1581 2707 1770 2748 Plutarch.
1795 2708 1922 2758 Symp.

415 2771 462 2819 5,
491 2771 527 2810 5.
556 2771 674 2822 (V111.
704 2788 741 2824 p.
767 2776 863 2814 701.
894 2775 964 2824 Β.)
992 2769 1047 2814 ὧν
1078 2770 1197 2827 [χώρα
1224 2773 1290 2813 καὶ
1319 2771 1447 2824 τόπος]
1481 2773 1548 2813 καὶ
1577 2771 1632 2826 μή
1660 2773 1922 2825 κεκλημένοις,

416 2833 495 2876 ἀλλ’
526 2837 764 2880 ἐπελθοῦσιν
793 2837 1023 2893 αὐτομάτως
1049 2840 1174 2890 ξένοις
1212 2840 1278 2880 καὶ
1307 2837 1526 2894 ἀλλοτρίοις
1554 2840 1630 2880 αἰεὶ
1659 2851 1924 2891 παρεσκευασ-

417 2904 539 2956 μένην
562 2900 771 2955 ἀφθονίαν
790 2904 981 2961 ὖποὲρχειν
1005 2909 1073 2949 δεῖ.
1103 2908 1142 2946 Si
1167 2908 1261 2949 Hor.
1284 2909 1432 2947 nimium
1458 2906 1687 2945 umbrarum
1704 2907 1769 2958 (de
1793 2905 1924 2955 quibus
