2054 3268
381 245 435 286 56
520 249 883 287 COMMENTARII
909 250 962 287 IN
990 250 1207 288 HORATII
1234 251 1402 289 EPIST.
1430 254 1569 291 PRIM.
1594 254 1690 292 LIB.
1719 257 1750 292 Ι.

379 356 707 396 Mitscherlichius
726 360 768 396 iu
791 360 902 396 Fasc.
928 360 993 397 VI.
1019 360 1183 397 Racem.
1216 361 1360 399 Venus.
1384 375 1424 413 p.
1450 365 1490 402 7.
1518 384 1567 392 -
1599 363 1713 402 Ovid.
1737 365 1831 401 Met.
1847 364 1886 413 8,

379 423 475 463 396.
508 424 623 461 Talia
644 424 901 475 magniloquo
922 427 1095 464 tumidus
1117 435 1396 464 memoraverat
1410 442 1490 474 ore,
1513 430 1576 478 15,
1595 430 1689 471 755·
1717 429 1886 468 Phaedr.

383 491 405 529 1
418 517 429 537 ,
449 489 495 537 3,
521 488 562 529 4.
600 492 768 528 Tumens
786 493 900 528 inani
913 493 1107 542 graculus
1125 492 1320 543 superbia.
1361 494 1499 532 Senec.
1519 498 1568 533 H.
1586 497 1615 534 f.
1640 498 1731 537 171.
1766 497 1887 534 Aura

381 555 575 592 tumidum
599 557 702 593 tollit
718 559 843 594 inani.
879 559 1012 596 Octav·
1031 557 1126 600 497.
1162 560 1277 597 Claro
1298 567 1486 597 tumentes
1499 575 1653 612 genere.
1681 564 1810 614 Epist.
1818 564 1886 604 80.

379 622 549 659 Fidueia
577 624 721 660 virium
749 625 924 662 tumidus
949 627 1019 662 ait.
1058 628 1151 663 Juv.
1181 627 1207 666 8
1221 656 1231 674 ‚
1260 625 1327 666 40.
1394 628 1533 665 Tumes
1559 629 1640 666 alto
1665 631 1886 668 Drusorum

382 695 592 726 stemmate.
655 692 815 736 Quintil.
838 693 933 729 Inst.
966 693 1001 740 1,
1025 694 1064 741 2,
1087 694 1151 733 18.
1165 715 1221 721 --
1234 700 1307 729 aut
1327 701 1462 731 contra
1475 698 1653 733 tumescit
1668 698 1780 734 inani
1790 710 1887 747 per-

380 756 572 792 suasione.
618 756 806 794 Prudent.
827 760 1044 809 Hamartig.
1076 759 1168 799 168.
1191 761 1338 796 nimius
1358 760 1454 797 dum
1483 762 1631 800 viribus
1654 771 1794 801 auctus
1814 764 1887 802 In—

368 822 519 871 statur,
548 822 644 859 dum
658 825 814 874 grande
833 832 984 862 tumens
1009 839 1089 862 sese
1112 825 1234 862 altius
1261 827 1383 878 effert.
1416 829 1457 864 in
1478 828 1705 880 Symmach.
1727 832 1766 878 2,
1794 829 1886 870 154.

375 888 618 939 pulchroque
632 892 776 940 inflata
797 899 985 929 tumescat
1003 892 1158 930 honore.
1181 894 1347 930 Lactant
1364 897 1460 932 Inst.
1476 896 1514 943 6,
1532 895 1598 945 24,
1610 894 1677 936 24.
1693 896 1888 946 Superbia

379 955 554 992 tumidus
580 957 757 1007 inflatur.
819 959 1009 997 Similiter
1032 961 1170 1009 inflari
1186 962 1314 1012 Epist.
1333 963 1381 1009 2,
1416 963 1459 1010 1,
1488 963 1581 1002 177.
1635 964 1729 1001 Juv.
1748 963 1794 1011 8,
1817 965 1887 1003 72.

380 1021 461 1058 cic.
487 1023 610 1060 Tusc.
631 1025 678 1073 3,
702 1025 749 1073 9,
782 1026 848 1066 19.
905 1028 1083 1064 Lactant.
1102 1029 1197 1064 Inst-
1227 1029 1264 1075 6,
1281 1025 1321 1076 4,
1347 1029 1415 1068 21.
1445 1030 1548 1065 Biin.
1571 1035 1610 1065 et
1639 1030 1800 1080 sufflare
1823 1042 1887 1081 ap.

379 1089 488 1125 Pers.
507 1087 546 1137 4,
569 1092 637 1131 20.
695 1093 797 1128 Hinc
818 1094 965 1130 Paulus
978 1092 1029 1129 ad
1051 1094 1138 1131 Cor.
1161 1095 1204 1141 1,
1233 1094 1304 1141 13,
1324 1093 1364 1134 4.
1389 1093 1417 1146 ἦ
1437 1090 1572 1148 ἀγάπη
1595 1090 1644 1135 οὕ
1663 1098 1888 1147 φυσιοῦται.

379 1154 562 1192 Ceterum
580 1157 786 1194 ambitioni
801 1158 995 1196 secundus
1012 1167 1102 1210 post
1120 1161 1325 1197 avaritiam
1341 1162 1450 1198 locus
1478 1162 1660 1199 tribuitur
1677 1163 1758 1200 Sat.
1781 1165 1802 1203 1
1815 1192 1825 1211 ,
1847 1163 1888 1211 4,

379 1222 446 1261 26.
470 1223 518 1270 2,
550 1225 598 1270 2,
630 1224 723 1264 187.
747 1225 882 1276 ibique
908 1225 1110 1263 Kirchner.
1140 1228 1265 1278 Epist.
1292 1228 1331 1275 2,
1357 1229 1406 1275 2,
1436 1226 1518 1268 205
1538 1240 1597 1279 sq.
1654 1229 1719 1267 Sic
1739 1230 1887 1266 Seneca

379 1289 504 1339 Epist.
526 1289 618 1329 103.
655 1291 846 1328 Haerebit
869 1291 941 1328 tibi
962 1294 1155 1337 avaritia,
1185 1293 1377 1343 quamdin
1398 1307 1519 1330 avaro
1544 1294 1775 1345 sordidoque
1797 1308 1889 1331 con-

379 1355 533 1391 vixeris.
601 1358 795 1395 .Haerebit
828 1366 984 1404 tumor,
1031 1360 1222 1410 quamdiu
1257 1373 1347 1396 cum
1386 1359 1550 1409 superbo
1588 1359 1886 1397 conversaberis.

380 1422 537 1459 Consol.
567 1422 617 1460 ad
642 1426 757 1462 Helv.
784 1426 850 1466 13.
911 1426 957 1462 Si
973 1428 1144 1463 avaritia
1173 1427 1345 1472 dimisit,
1381 1426 1714 1464 vehementissima
1737 1428 1892 1478 generis

380 1488 548 1525 humani
557 1492 696 1539 pestis,
717 1505 867 1528 moram
886 1491 958 1529 tibi
975 1492 1135 1530 ambitio
1157 1507 1235 1530 non
1240 1493 1383 1542 faciet.
1443 1495 1574 1530 Etiam
1593 1495 1747 1531 Lucret.
1766 1495 1806 1542 3,
1822 1487 1890 1535 59.

380 1557 567 1593 avarities
587 1564 622 1593 et
641 1557 832 1595 honorum
854 1573 970 1596 caeca
988 1561 1143 1610 cupido.
1175 1561 1235 1597 Cf.
1261 1561 1342 1597 Cic.
1362 1561 1482 1597 Tusc.
1507 1558 1545 1608 4,
1570 1561 1634 1608 11,
1652 1562 1720 1600 26.
1752 1562 1891 1598 Praei-

381 1623 438 1659 vit
469 1623 717 1674 aliquatenus
747 1627 883 1674 Plato,
921 1628 989 1678 qui
1018 1634 1097 1664 tres
1131 1628 1286 1663 animae
1321 1628 1543 1677 voluptates
1573 1627 1615 1662 in
1638 1625 1891 1678 philosopho,

382 1690 589 1727 ambitioso
613 1698 650 1727 et
661 1704 778 1730 avaro
807 1694 919 1744 quasi
945 1706 1150 1744 expressas
1167 1693 1275 1730 videt
1300 1694 1342 1730 in
1359 1696 1455 1744 Rep.
1476 1694 1514 1732 9.
1533 1707 1572 1744 p.
1594 1691 1690 1733 734.
1719 1693 1762 1730 C.
1782 1692 1892 1730 Frkf.

381 1777 435 1784 --
465 1763 568 1793 certa
591 1759 772 1807 piacula.
833 1761 962 1806 Quum
990 1761 1112 1797 Poeta
1139 1767 1359 1811 perseveret
1383 1762 1424 1797 in
1448 1757 1678 1810 metaphora
1708 1771 1730 1795 a
1754 1760 1891 1796 morbo

382 1821 519 1872 ducta,
550 1824 658 1875 quod
677 1832 715 1862 et
740 1825 888 1863 indicat
910 1839 949 1863 v.
972 1826 1040 1866 37.
1063 1828 1227 1864 verbum
1253 1826 1478 1871 recreandi,
1507 1833 1612 1863 certa
1625 1826 1790 1876 piacula
1811 1839 1893 1863 nou

381 1890 423 1927 in
441 1891 669 1928 universum
688 1906 819 1942 sacra,
853 1906 954 1944 quae
974 1893 1155 1931 fraudem
1181 1901 1248 1932 aut
1269 1896 1396 1932 scelus
1416 1901 1483 1930 aut
1505 1894 1699 1944 flagitium
1730 1894 1892 1943 expiant

381 1957 454 1995 Od·
474 1959 510 2006 1,
538 1958 604 2007 28,
624 1957 692 2000 34.
709 1959 967 2010 intelligenda
987 1968 1090 2008 sunt,
1114 1961 1184 1998 sed
1204 1963 1377 2012 piamina
1395 1960 1541 1997 morbis
1568 1959 1811 2010 depellendis
1829 1960 1894 1995 vel

381 2024 565 2062 sanandis
594 2034 684 2077 apta
702 2055 712 2075 ,
749 2040 788 2064 v.
818 2028 1023 2078 Sprengel.
1054 2027 1196 2066 Gesch.
1232 2028 1301 2065 der
1329 2026 1514 2066 Arzneik.
1543 2028 1575 2063 I.
1609 2040 1650 2076 p.
1683 2026 1775 2065 121.
1797 2021 1893 2066 304·

381 2095 570 2131 Homines
592 2095 698 2130 enim
716 2095 869 2145 antiqui
889 2095 1046 2131 morbos
1065 2107 1087 2131 a
1108 2094 1182 2132 diis
1200 2096 1322 2143 iratis,
1339 2096 1404 2132 vel
1423 2108 1444 2130 a
1466 2093 1722 2130 daemonibus
1740 2093 1895 2129 immis-

381 2173 445 2197 sos
467 2159 727 2209 crediderunt,
752 2162 811 2197 uti
829 2168 990 2212 apparet
1010 2174 1060 2198 ex
1077 2162 1193 2212 Diog.
1211 2163 1342 2200 La'e'rt.
1360 2163 1430 2198 vit.
1448 2159 1618 2212 Pythag.
1638 2159 1677 2207 8,
1695 2160 1764 2199 32.
1790 2159 1894 2196 Cels.

382 2228 451 2264 lib.
478 2228 514 2267 1.
537 2228 661 2279 praef.
683 2241 723 2278 p.
745 2230 785 2268 2.
808 2227 870 2264 ed.
890 2230 956 2264 Kr.
974 2229 1152 2265 Lactant.
1174 2231 1269 2266 Inst.
1287 2230 1335 2276 2,
1366 2226 1440 2276 143
1473 2229 1524 2265 cf.
1550 2223 1830 2265 Wachsmuth·
1851 2226 1895 2261 iu

382 2292 527 2330 Athen.
549 2296 598 2342 II,
617 2296 658 2334 2.
675 2308 716 2345 p.
735 2293 831 2334 225.
861 2293 1026 2332 Bothius
1048 2303 1247 2347 comparat
1267 2296 1510 2346 expiationes
1532 2295 1759 2330 insanorum
1781 2304 1894 2328 caeso

382 2373 519 2411 porco,
541 2359 589 2398 de
610 2362 751 2412 quibus
773 2361 917 2398 Heiud.
939 2361 990 2399 ad
1012 2362 1095 2399 Sat.
1116 2364 1155 2410 2,
1181 2363 1220 2409 3,
1245 2360 1341 2402 164.
1369 2361 1541 2398 Piae-ula
1557 2365 1746 2397 vocantur
1772 2365 1895 2402 certa,

383 2429 447 2464 vel
465 2430 555 2479 quia
572 2428 775 2479 praefinita
794 2435 886 2465 sunt
904 2435 943 2464 et
959 2430 1170 2466 constituta
1190 2427 1334 2478 (Epist.
1356 2430 1395 2476 2,
1415 2430 1454 2476 2,
1478 2429 1570 2468 170·
1596 2427 1680 2467 Cic·
1699 2423 1748 2461 de
1770 2426 1895 2474 Legg·

383 2497 431 2541 2,
452 2495 501 2543 8,
538 2496 627 2547 19.)
663 2496 728 2533 vel
755 2496 848 2547 quia
885 2507 966 2532 nou
998 2495 1143 2532 fallunt
1173 2494 1274 2547 (Od.
1305 2494 1356 2542 3,
1385 2496 1459 2542 16,
1491 2492 1579 2543 30-)
1614 2505 1727 2544 Spem
1755 2492 1896 2529 salutis

385 2562 686 2612 recuperandae.

494 2629 541 2665 V·
565 2630 631 2668 37.
695 2631 770 2666 Ter
794 2651 849 2658 —-—
876 2628 1021 2665 libello.
1081 2628 1133 2664 Ut
1151 2640 1202 2663 ex
1223 2628 1411 2676 religione
1439 2632 1617 2663 veterum
1644 2637 1796 2662 sacram
1815 2636 1898 2660 rem

386 2706 661 2745 quamcunque
682 2698 925 2744 procuraturi
947 2696 1161 2734 lotionibus
1186 2693 1397 2731 utebantur
1426 2699 1464 2729 et
1487 2692 1736 2729 abstinebant
1760 2703 1783 2727 a
1803 2690 1897 2727 libi-

387 2760 500 2808 dine,
529 2761 583 2796 ita
620 2762 738 2797 etiam
763 2763 858 2812 ipsis
892 2763 1154 2801 lavationibus
1179 2768 1219 2798 et
1244 2751 1541 2797 lustrationibus
1571 2758 1665 2796 deos
1694 2759 1897 2809 expiatum

386 2828 435 2864 iri
461 2827 682 2878 sperabant.
740 2831 841 2866 Hinc
873 2831 952 2867 Cic.
972 2832 1096 2880 Legg.
1130 2830 1178 2876 2,
1204 2828 1244 2867 8·
1272 2826 1329 2862 ad
1357 2826 1467 2862 divos
1494 2826 1664 2863 adeunto
1691 2831 1794 2862 caste
1814 2825 1842 2861 i·
1862 2837 1897 2859 e.

388 2892 518 2948 ἁγνῶς
538 2901 575 2931 et
594 2897 795 2949 καθαρῶς.
847 2893 946 2933 Tib.
965 2898 1004 2945 2,
1028 2898 1065 2946 1,
1082 2895 1148 2936 13.
1181 2895 1298 2931 Casta
1311 2892 1471 2943 placent
1491 2894 1641 2943 superis
1649 2907 1665 2940 ,·
1685 2905 1792 2943 pura
1809 2903 1900 2928 cum
