2028 3268
401 261 455 303 72
541 263 904 301 COMMENTARII
939 264 991 300 IN
1019 263 1235 301 HORATII
1261 263 1428 301 EPIST.
1457 265 1596 302 PRIM.
1627 266 1723 303 LIB.
1749 268 1780 309 I.

402 372 679 425 disputatione.
737 376 875 425 Itaque
898 374 1027 410 Ianus
1053 374 1203 411 medias
1227 374 1364 425 (cujus
1391 381 1429 411 et
1456 376 1603 413 mentio
1633 375 1674 413 fit
1694 376 1736 412 in
1763 376 1913 427 aliquot

400 441 722 491 inscriptionibus
757 452 780 476 a
808 441 887 476 Fea
922 440 1280 492 commemoratis),
1317 440 1367 477 ad
1393 454 1512 492 quem
1535 444 1600 479 vel
1622 443 1664 478 in
1693 455 1770 494 quo
1796 455 1912 480 omne

400 508 666 545 feneratorum
685 519 809 556 genus
831 509 1084 545 concurrebat
1104 509 1185 547 Sat.
1204 509 1252 556 2,
1279 508 1326 556 3,
1358 508 1421 548 18.
1452 509 1530 545 Cic.
1555 507 1659 545 Phil.
1682 510 1728 557 6,
1747 508 1784 548 5.
1809 509 1849 556 7,
1873 509 1911 547 6.

402 572 471 624 (ab
493 573 632 612 Ovidio
653 574 696 609 in
720 574 832 609 Rem.
852 574 941 610 Am.
963 574 1042 615 561
1062 576 1292 626 simpliciter
1320 575 1450 611 Janus
1478 575 1740 626 nominatus),
1770 574 1914 612 dicitur

400 647 446 677 ut
468 640 639 676 medium
659 639 884 676 intestinum
908 641 934 676 i.
953 653 986 676 e.
1026 640 1270 693 μεσεντέριον
1295 655 1357 692 ap.
1382 642 1460 677 Cic.
1486 643 1531 678 N.
1555 642 1602 678 D.
1635 643 1682 688 2,
1713 641 1789 689 55,
1821 641 1911 681 137·

402 707 516 742 aliter
536 707 730 743 sentiente
749 705 975 744 Heindorfio
997 707 1047 743 ad
1067 708 1148 744 Sat.
1170 709 1196 744 l.
1217 709 1245 744 l.
1285 710 1402 744 Recte
1421 714 1555 743 tamen
1573 708 1605 743 is
1627 709 1777 744 Ianum
1792 708 1913 743 intel-

401 771 502 808 lexit
527 773 802 810 transitionem
835 770 1033 823 quandam
1063 775 1240 824 perviam
1265 772 1364 823 (Cic.
1386 776 1431 810 N.
1452 775 1498 810 D.
1525 775 1573 820 2,
1606 775 1680 822 27,
1709 773 1794 825 67.)
1822 786 1913 810 arcu

401 844 688 886 constructam3
730 845 967 890 quapropter
984 839 1113 876 Ianus
1140 840 1248 877 idem
1269 847 1327 876 est
1351 847 1468 891 atque
1493 853 1611 876 arcus
1632 841 1672 875 in
1694 839 1913 888 fragmento

400 902 574 955 quodam
605 905 869 955 inscriptionis
895 917 917 941 a
950 904 1163 943 Niebuhrio
1192 907 1232 942 in
1267 908 1369 942 Mus.
1402 903 1527 942 Rhen.
1561 905 1680 946 1827.
1738 906 1846 942 Fasc.
1875 904 1913 946 4.

401 969 592 1009 exhibito.
632 974 658 1011 J
660 985 757 1009 anus
771 969 934 1023 quidam
955 970 1073 1021 (Areo
1087 972 1127 1009 di
1148 972 1293 1024 Giano)
1309 973 1480 1009 cernitur
1494 970 1760 1022 lithographia
1773 971 1915 1009 adum-

398 1038 533 1076 bratus
553 1039 593 1075 iu
616 1037 800 1076 Koehleri
824 1066 849 1086 „
862 1038 1124 1076 Malerischen
1146 1039 1459 1088 Wauderungen
1480 1036 1604 1074 durch
1625 1038 1688 1075 die
1708 1038 1915 1076 Alterthii-

399 1118 486 1142 mer
509 1106 551 1142 in
571 1107 673 1156 Rom
695 1103 779 1142 und
808 1103 878 1141 der
902 1105 1144 1155 Campagne.
1175 1107 1282 1156 Lips.
1307 1106 1426 1146 1829.
1453 1107 1502 1142 II.
1523 1105 1602 1141 tab.
1625 1103 1690 1145 48.
1718 1120 1758 1157 p.
1787 1107 1855 1146 23.
1877 1113 1916 1143 et

400 1172 442 1208 in
462 1171 638 1220 ejusdem
658 1172 788 1221 „Urbe
812 1173 950 1208 Roma.
970 1171 1065 1208 ibid.
1084 1175 1114 1208 I.
1132 1172 1212 1209 tab.
1237 1173 1275 1212 8.
1305 1171 1468 1208 Erudite
1493 1171 1542 1208 de
1560 1170 1622 1208 his
1643 1173 1755 1209 Janis
1778 1171 1916 1223 dispu—

401 1245 458 1274 tat
476 1237 662 1276 Sachsius
683 1241 722 1275 in
740 1267 763 1287 „
778 1236 1014 1275 Geschichte
1033 1238 1116 1276 und
1133 1237 1428 1288 Beschreibung
1444 1238 1512 1275 der
1531 1240 1637 1275 alten
1655 1238 1768 1276 stadt
1787 1241 1915 1277 Βοιῐιιι

400 1307 430 1341 Ι.
452 1319 492 1356 p.
517 1308 631 1355 101.,
659 1307 726 1357 qui
760 1312 893 1342 tamen
918 1319 958 1356 p.
987 1306 1078 1346 128.
1108 1306 1259 1342 Ianum
1294 1305 1465 1342 medium
1491 1318 1561 1355 pro
1582 1304 1714 1342 media
1745 1305 1915 1356 quadam

401 1373 504 1409 inter
527 1373 621 1409 Jan.
647 1387 679 1410 s.
701 1374 820 1409 etim.
848 1373 1079 1409 transitione
1101 1372 1248 1421 majore
1267 1369 1398 1409 habet.
1454 1371 1514 1407 De
1535 1372 1788 1422 argentariis,
1807 1384 1917 1408 men-

401 1440 535 1484 sariis,
564 1439 841 1476 nummulariis
857 1446 927 1479 ete.
949 1440 991 1475 in
1016 1438 1188 1490 quadam
1219 1440 1295 1476 fori
1325 1445 1434 1490 parte
1458 1437 1685 1481 sedentibus
1706 1437 1786 1475 vid.
1818 1451 1916 1490 quos

402 1504 567 1543 laudant
589 1505 732 1543 Heind.
759 1506 809 1543 ad
830 1507 911 1544 Sat.
930 1507 970 1555 2,
989 1507 1028 1556 3,
1051 1507 1131 1554 18.,
1159 1507 1284 1543 Beier.
1307 1505 1357 1543 ad
1383 1506 1462 1543 Cic.
1487 1505 1598 1542 Offic.
1616 1508 1653 1553 3,
1673 1502 1736 1545 14.
1753 1518 1792 1554 p.
1807 1504 1914 1545 282„

402 1573 522 1609 Rein.
547 1574 589 1609 in
618 1575 730 1610 Ro'm.
756 1574 920 1610 Privatr.
951 1586 991 1623 p.
1025 1572 1119 1612 324.
1177 1573 1236 1609 Cf.
1262 1579 1447 1610 annotata
1468 1570 1518 1608 ad
1539 1585 1576 1608 v.
1605 1571 1672 1611 80.
1702 1591 1757 1599 -
1780 1573 1823 1609 V.
1848 1571 1914 1611 55.

403 1639 596 1676 Proclocet
621 1641 647 1676 i.
667 1653 701 1676 e.
739 1653 823 1676 rem
847 1638 1113 1692 quaerendam
1139 1640 1263 1676 Janus
1290 1640 1361 1676 ille
1396 1639 1462 1675 vel
1480 1637 1618 1688 palam
1650 1637 1763 1675 docet
1789 1634 1913 1691 (Fest.

404 1704 465 1742 ed.
490 1705 671 1742 Lindem.
692 1720 730 1757 p.
754 1705 890 1757 125.),
920 1707 1007 1753 vel,
1035 1705 1180 1742 Jalzm'o
1197 1707 1430 1756 interprete,
1456 1703 1632 1742 docendo
1657 1706 1799 1755 praeit,
1828 1717 1916 1740 ma-

403 1772 515 1822 gistri
533 1773 656 1809 instar
674 1773 795 1810 dictat
814 1780 853 1810 et
870 1774 1072 1824 praecipit.
1130 1775 1235 1809 Haec
1253 1773 1520 1822 interpretatio
1550 1779 1652 1808 certe
1680 1785 1761 1808 non
1787 1772 1914 1807 aliena

403 1845 462 1875 est
479 1839 526 1875 ab
551 1841 732 1889 Horatio,
761 1840 880 1878 verba
904 1852 1006 1876 nova
1030 1852 1147 1890 saepe
1178 1839 1349 1889 fingente
1375 1840 1441 1875 vel
1462 1838 1614 1875 usitatis
1641 1839 1766 1874 alium
1790 1838 1916 1888 signi-

402 1905 562 1942 ficatum
579 1906 830 1955 subjiciente3
863 1906 1050 1957 probatur
1076 1912 1114 1941 et
1134 1907 1202 1954 iis,
1224 1918 1324 1956 quae
1343 1912 1581 1957 sequuntur:
1599 1907 1769 1951 juvenes
1787 1917 1916 1941 senes-

403 1986 478 2024 que
495 1974 678 2009 recinunt
695 1970 789 2026 (Od.
814 1974 860 2021 1,
888 1974 962 2021 12,
995 1972 1062 2023 3.)
1089 1974 1114 2009 i.
1141 1986 1174 2009 e.
1206 1978 1388 2023 repetunt
1418 1971 1515 2007 haee
1542 1978 1733 2022 tanquam
1767 1971 1916 2008 dictata

403 2037 465 2089 (ut
481 2040 605 2090 Epist.
631 2041 696 2087 18,
720 2041 784 2080 13.
806 2039 956 2076 dictata
973 2040 1132 2076 reddere
1151 2046 1188 2075 et
1212 2052 1273 2089 ap.
1297 2039 1376 2075 Cic.
1394 2040 1440 2075 N.
1458 2039 1504 2074 D.
1532 2040 1569 2085 1,
1590 2038 1671 2085 26.,
1689 2037 1916 2082 decantare,

402 2107 488 2142 Fin.
511 2104 550 2154 4,
580 2105 619 2155 4,
652 2108 717 2147 10.
746 2107 880 2157 ibique
901 2107 1069 2156 interpp.
1094 2113 1132 2142 et
1166 2104 1380 2143 lVeiclzert.
1407 2105 1516 2141 Poet.
1543 2105 1629 2140 Lat.
1654 2105 1739 2142 Rel.
1767 2118 1807 2155 p.
1826 2104 1916 2156 25.)

402 2173 639 2210 illiberalem
665 2179 788 2209 artem
816 2173 1037 2223 insignibus
1059 2174 1140 2210 suis
1169 2171 1395 2223 profitentes
1423 2171 1448 2207 i.
1469 2185 1501 2207 e.
1531 2171 1736 2207 Laevo—
1753 2170 1910 2208 lacerto.

403 2240 554 2276 Pariter
580 2239 700 2276 verbo
730 2238 1011 2292 προδιδάσκειν
1030 2253 1125 2277 usus
1150 2251 1234 2276 esse
1261 2237 1418 2274 videtur
1443 2238 1641 2274 Lucianus
1666 2238 1708 2274 in
1729 2235 1914 2274 Charont.

403 2307 457 2354 7.,
479 2318 557 2358 quo
577 2307 651 2343 viri
677 2306 782 2344 docti
799 2307 981 2344 similiter
1003 2306 1144 2344 offensi
1161 2312 1264 2343 sunt.
1298 2307 1343 2341 In
1365 2317 1449 2340 rem
1474 2303 1682 2341 Plutarch.
1704 2303 1752 2340 de
1769 2304 1911 2353 Capid.

404 2372 485 2409 div.
517 2374 618 2411 VIII.
651 2387 690 2423 p.
725 2373 792 2412 87.
831 2374 877 2410 R.
921 2373 1052 2413 Ταῦτά
1083 2373 1188 2412 ἐστιν
1223 2369 1251 2411 ὁὶ
1286 2372 1526 2423 παραινοῦσι
1565 2369 1631 2409 καὶ
1673 2370 1915 2420 διδάσκουσι,

403 2437 585 2490 κέρδαινε
601 2439 666 2478 καὶ
689 2440 830 2490 φείδου
850 2438 916 2478 καὶ
934 2439 1124 2479 τοσούτου
1145 2435 1273 2490 νόμιζε
1294 2434 1455 2477 σεαυτὸν
1474 2435 1608 2486 ἄξιον,
1629 2434 1724 2477 ὅσον
1743 2433 1795 2476 ἂν
1817 2436 1916 2491 ἔχῃς.

404 2507 497 2544 Juv.
518 2505 582 2555 14,
605 2507 699 2546 208.
730 2529 774 2534 —
809 2507 952 2544 Versus
976 2507 1041 2546 56.
1099 2506 1234 2542 Laevo
1261 2525 1311 2532 —
1337 2504 1499 2548 lacerto,
1528 2504 1597 2554 qui
1617 2504 1699 2541 Sat.
1722 2505 1766 2551 1,
1787 2505 1825 2552 6,
1848 2501 1914 2543 74.

407 2571 591 2610 describit
609 2586 751 2623 pueros
767 2574 809 2610 in
827 2574 940 2611 Flavi
957 2572 1098 2610 ludum
1116 2571 1335 2608 literarium
1351 2577 1499 2617 euntes,
1530 2572 1676 2607 mirum
1693 2571 1735 2606 i'n
1751 2568 1916 2607 modum

407 2641 567 2676 vexavit
596 2641 852 2691 interpretes,
890 2641 950 2676 uti
979 2639 1083 2676 infra
1111 2638 1401 2675 annotavimus.
1459 2636 1756 2674 Observandum
1782 2643 1917 2673 tamen

407 2712 478 2753 est,
501 2703 542 2741 h.
561 2707 589 2742 l.
612 2719 692 2743 non
715 2709 821 2757 ipsos
841 2706 1008 2744 describi
1022 2717 1177 2756 pueros,
1205 2716 1334 2754 neque
1353 2716 1424 2754 per
1446 2705 1754 2754 appositionem,
1785 2715 1917 2754 neque

406 2786 477 2824 per
488 2774 820 2822 comparationem
834 2771 1092 2823 intelligendo
1111 2771 1345 2823 particulam
1357 2777 1418 2815 ut,
1433 2770 1555 2807 veluti
1565 2777 1652 2818 etc„
1675 2768 1745 2808 sed
1757 2781 1916 2806 omnem

407 2838 458 2876 ad
497 2839 762 2876 feneratorum
800 2841 1030 2891 exemplum
1069 2838 1249 2890 quaestui
1292 2837 1483 2887 pecuniae
1527 2835 1701 2873 deditam
1742 2835 1912 2873 turbam.

408 2906 567 2944 Etenim
603 2918 728 2958 quum
762 2907 947 2945 Horatius
983 2906 1100 2955 dicit,
1139 2910 1347 2957 praecepta
1382 2904 1475 2942 Jani
1506 2903 1629 2954 repeti
1665 2915 1688 2940 a
1705 2902 1916 2954 juvenibus
