2028 3268
0 1269 38 1642 *mutuam-‘2⁵0-
4 771 37 1247 ⁶msas1⁰fflsoemeffr2
14 746 17 755 ν
16 691 32 732 „er

20 2212 30 2230 ρ
11 2178 19 2188 ⁶
17 2140 26 2147 π
9 2087 29 2119 12¹.
7 1979 34 2073 ψ..
7 1841 41 1963 'mos-vv
4 1701 35 1831 wem*-
11 1662 18 1667 ·-

136 267 194 312 45
287 266 668 308 COMMENTARII
698 267 757 308 IN
785 265 1011 309 HORATII
1037 266 1139 307 Lffl.
1162 266 1194 307 1.
1214 266 1382 308 EPIST.
1401 269 1555 312 SEXT.
1612 271 1695 314 317

137 393 268 433 alium
298 393 475 444 sapiente
502 391 679 445 bonoque
705 392 863 431 beatam
885 393 972 446 (16,
999 393 1102 446 20.).
1127 394 1189 433 Ita
1206 393 1368 435 Aristot.
1390 395 1514 435 Ethic.
1536 396 1692 438 Nicom.

141 466 189 514 1,
219 465 258 505 8.
326 457 502 517 Συνᾴδει
534 460 575 502 δὲ
610 464 669 517 τῷ
706 458 810 518 λόγῳ
839 461 908 502 καὶ
929 460 974 502 τό
1001 457 1048 502 εὖ
1071 465 1144 515 ζῆν
1170 464 1239 504 καὶ
1263 462 1310 506 τό
1334 458 1381 505 εὖ
1405 460 1595 516 πράττειν
1620 464 1694 507 τὸν

142 526 385 584 εὐδαίμονα,
411 527 547 581 σχεδὸν
572 527 647 583 γάρ
669 529 736 571 καὶ
764 527 909 579 εὐζωΐα
928 547 988 579 τις
1017 530 1168 583 εἴρηται
1189 531 1257 572 καὶ
1283 528 1491 585 εὐπραξία.
1547 532 1694 572 Demo-

135 600 228 654 phil.
266 612 329 651 ap.
356 598 476 638 Orell.
507 597 539 647 I,
582 599 650 638 16.
681 611 721 649 p.
753 600 821 640 38.
862 597 1058 651 αὔταρκες
1087 598 1131 640 δὲ
1160 598 1263 654 πρός
1294 597 1465 649 εὕζωΐαν
1492 598 1535 641 τὸ
1565 600 1693 653 μηδὲν

137 663 306 710 ἀδικεῖν.
376 666 488 705 Stob.
510 666 647 718 Eclog.
677 667 737 717 II,
766 669 807 708 7.
837 682 876 720 p.
901 668 995 709 138.
1029 667 1210 722 λέγοντες
1237 669 1310 721 (sc.
1332 669 1483 720 Stoici),
1513 666 1588 722 τήν
1618 668 1692 723 μὲν

139 731 405 789 εὐδαιμονίαν
436 732 590 775 σκοπόν
619 733 848 786 ἐκκεῖσθαι,
886 736 996 784 τέλος
1025 732 1062 777 δ’
1091 733 1192 777 εἶναι
1219 735 1264 778 τό
1294 741 1428 790 τυχεῖν
1456 742 1530 790 τῆς
1559 735 1694 780 εὔδαι-

139 805 298 858 μονίας,
328 801 427 858 ὅπερ
459 799 601 843 ταυτὸν
627 799 732 843 εἶναι
757 807 815 860 τῷ
844 803 1118 856 εὐδαιμονεῖν.
1177 808 1316 857 Δῆλον
1345 800 1422 846 οὖν
1451 805 1494 846 ἐκ
1523 802 1692 857 τούτων,

139 870 205 915 ὅτι
232 874 471 924 ἶσοδυναμεῖ
496 869 540 913 τὸ
569 869 670 911 nocto?
702 868 831 923 φύσιν
863 875 934 930 ζῇν
964 873 1033 913 καὶ
1061 871 1105 913 τό
1126 876 1260 921 καλῶς
1283 875 1356 928 ζῇν
1386 873 1456 914 καὶ
1484 871 1528 914 τό
1550 869 1597 914 εὖ
1622 877 1696 931 ζῇν

139 947 219 981 etc.
276 942 341 980 Cf.
373 941 516 979 Gatak.
558 941 607 979 ad
634 941 689 979 M.
721 939 900 980 Antonin.
930 942 984 992 3,
1033 943 1100 983 12.
1160 942 1270 981 Cort.
1301 944 1350 980 ad
1378 943 1460 981 Cic.
1487 943 1614 995 Epist.
1645 945 1695 983 ad

136 1009 227 1051 Div.
260 1009 340 1059 15,
386 1008 465 1059 19,
504 1009 547 1049 3.
604 1010 758 1048 Mitsch.
791 1011 841 1048 ad
870 1010 949 1049 Od.
976 1012 1026 1060 2,
1062 1010 1142 1059 10,
1186 1011 1223 1051 1.
1255 1015 1294 1049 et
1322 1015 1456 1050 nostra
1483 1018 1613 1052 annot.
1645 1015 1696 1052 ad

136 1077 266 1130 Epist.
298 1078 346 1128 1,
383 1078 435 1127 2,
466 1075 536 1118 41.
567 1079 618 1128 8,
659 1075 700 1118 4.
757 1079 859 1117 Hinc
889 1080 1024 1118 eadem
1057 1078 1248 1116 sententia
1278 1077 1373 1116 bene
1399 1082 1531 1119 vivere
1559 1095 1595 1120 v.
1624 1082 1693 1123 56.

135 1150 178 1186 et
207 1147 276 1196 11,
311 1144 380 1188 29.
415 1146 491 1196 15,
522 1145 593 1186 45.
649 1145 773 1186 Plaut.
803 1147 885 1185 Mil.
917 1147 1016 1199 glor.
1046 1147 1088 1197 3,
1121 1149 1161 1197 1,
1198 1149 1293 1189 110.
1353 1148 1437 1188 Cic.
1469 1152 1517 1188 de
1545 1151 1693 1190 Invent.

141 1215 191 1265 1,
233 1213 313 1264 50,
354 1212 426 1254 93.
457 1214 516 1251 cui
546 1216 777 1253 contrarium
803 1221 863 1254 est
891 1215 998 1253 male
1026 1217 1187 1261 vivere,
1236 1217 1284 1253 de
1309 1229 1383 1266 qua
1410 1219 1574 1257 formula
1602 1221 1697 1258 dixit

135 1281 340 1323 Heindorf.
370 1281 420 1320 ad
450 1281 533 1319 Sat.
567 1283 616 1332 1,
649 1281 701 1333 4,
735 1282 829 1324 109.
858 1306 918 1313 —-
944 1283 991 1322 V.
1021 1285 1094 1325 30.
1157 1284 1206 1322 Si
1233 1285 1361 1322 virtus
1388 1285 1463 1323 hoc
1491 1300 1576 1324 una
1597 1295 1696 1338 pot-

137 1358 199 1389 est
225 1351 337 1389 dare.
393 1350 494 1389 Rem
522 1352 698 1402 exposuit
725 1357 764 1391 et
791 1353 984 1404 persuasit
1013 1353 1148 1390 Cicero
1174 1353 1212 1390 in
1242 1352 1361 1391 Aead.
1389 1356 1436 1403 2,
1476 1353 1556 1404 43,
1599 1353 1694 1396 134.

137 1418 260 1460 Tusc.
291 1419 342 1470 5,
374 1418 423 1470 5,
456 1421 522 1461 12.
554 1421 605 1470 6,
639 1422 706 1461 17.
738 1422 787 1471 7,
820 1423 887 1462 18.
918 1421 966 1470 8,
999 1423 1065 1463 21.
1100 1421 1178 1471 13,
1209 1421 1280 1461 39.
1318 1422 1394 1472 15,
1425 1420 1493 1462 44.
1528 1424 1595 1472 16,
1625 1423 1694 1464 48.

143 1489 221 1539 18,
256 1488 324 1531 52.
357 1487 434 1538 23,
465 1489 535 1528 67.
566 1489 645 1538 28,
676 1489 745 1531 82.
775 1488 855 1540 30,
887 1487 955 1531 84.
1017 1491 1132 1530 Offic.
1161 1492 1212 1542 3,
1253 1493 1302 1542 3,
1346 1494 1414 1533 11.
1444 1491 1536 1542 ibiq.
1566 1492 1694 1530 Beier.

139 1557 190 1596 de
218 1556 306 1596 Fin.
333 1556 384 1607 3,
415 1556 467 1606 3,
501 1556 569 1597 10.
600 1558 642 1607 8,
674 1558 743 1600 27.
773 1556 815 1608 4,
848 1556 915 1608 14,
946 1559 1016 1599 37.
1050 1561 1118 1610 18,
1150 1560 1218 1602 51.
1252 1559 1321 1609 19,
1353 1558 1421 1599 54.
1453 1559 1523 1609 20,
1553 1560 1622 1601 57.
1654 1559 1696 1609 5,

140 1626 183 1666 7.
215 1626 257 1666 8.
289 1624 358 1667 26.
417 1623 605 1663 Paradox.
639 1627 687 1676 1,
725 1626 776 1676 3,
817 1626 908 1677 15.,
959 1629 1007 1666 cf.
1039 1628 1180 1666 Senec.
1206 1629 1254 1665 de
1280 1628 1359 1665 Vit.
1390 1628 1493 1666 beat.
1528 1627 1583 1668 10
1607 1640 1695 1677 sqq.

139 1692 301 1732 Aristot.
331 1693 448 1731 Rhet.
478 1695 527 1743 1,
577 1694 615 1735 5.
646 1695 686 1734 6.
745 1695 871 1733 Ethic.
902 1696 1055 1734 Nicom.
1091 1699 1137 1746 1,
1177 1699 1216 1738 2.
1246 1697 1288 1736 3.
1346 1695 1463 1745 Diog.
1489 1694 1621 1733 Laert.
1654 1695 1696 1744 6,

140 1764 208 1806 11.
225 1763 268 1813 7,
300 1763 396 1806 128.
426 1785 485 1791 —-
500 1762 630 1813 sortis
657 1776 734 1800 om.
792 1763 934 1802 Similis
964 1769 1026 1802 est
1053 1764 1268 1802 adhortatio
1291 1765 1329 1813 1,
1362 1766 1402 1813 2,
1434 1763 1510 1805 4οε
1559 1776 1699 1814 sapere

137 1830 256 1870 aude.
310 1829 465 1868 Etenim
493 1832 604 1870 fortis
634 1836 708 1882 est,
739 1845 922 1882 spernere
949 1832 1233 1871 oblectamenta
1256 1846 1437 1870 sensuum
1457 1833 1584 1871 virtuti
1605 1846 1698 1870 con—

135 1900 269 1949 traria,
297 1911 389 1950 „res
419 1899 534 1937 studii
560 1900 770 1950 mollioris,
802 1914 900 1952 quae
929 1903 1054 1952 expeti
1084 1901 1210 1940 solent
1235 1901 1283 1938 ab
1313 1900 1526 1939 hominibus
1556 1901 1698 1938 delica—

137 1969 188 2008 tis
228 1980 262 2006 s.
299 1967 539 2005 effeminatis.
553 1967 582 1991 ‘⁶
639 1968 847 2019 Briegleb.
909 1969 1097 2008 Fortasse
1138 1969 1259 2008 Poeta
1300 1971 1428 2020 tetigit
1469 1970 1698 2020 Epicureos,

138 2048 236 2088 quos
267 2035 403 2073 Cicero
435 2035 483 2072 de
513 2035 600 2074 Fin.
637 2036 678 2086 5,
718 2036 787 2087 25,
819 2035 888 2078 74.
919 2037 988 2087 (cf.
1020 2037 1057 2074 T
1059 2052 1141 2075 use.
1159 2038 1201 2088 5,
1230 2039 1302 2087 31,
1333 2039 1421 2089 88.)
1452 2038 1700 2088 voluptarios

139 2105 247 2154 dicit,
278 2101 414 2154 quibus
440 2104 629 2141 contraria
657 2109 718 2142 est
745 2105 962 2143 Stoicorum
986 2105 1108 2155 sortis
1138 2119 1182 2143 ac
1206 2106 1336 2142 virilis
1365 2107 1483 2154 ratio,
1514 2105 1633 2143 Tusc.
1656 2105 1698 2154 3,

143 2172 222 2222 10,
272 2173 340 2212 22.
400 2168 461 2208 Ad
490 2170 592 2208 illam
620 2171 928 2211 adhortationem
953 2173 1124 2223 apprime
1153 2173 1245 2210 facit
1274 2172 1456 2210 formula:
1499 2172 1575 2209 hoc·
1603 2186 1698 2223 age,

142 2240 203 2278 cui
233 2239 423 2277 contraria
452 2243 512 2276 est
540 2238 661 2276 aliud
685 2252 804 2289 agere
830 2241 854 2277 i.
879 2253 913 2277 e.
944 2253 1024 2278 non
1052 2244 1241 2278 attentum
1270 2253 1370 2277 esse.
1429 2241 1514 2277 Vid.
1546 2244 1701 2290 praeter

139 2308 272 2346 Schm.
302 2309 354 2345 ad
383 2307 422 2344 h.
453 2307 480 2344 l.
510 2312 550 2345 et
578 2307 699 2344 Orell.
730 2309 779 2344 ad
806 2309 888 2346 Sat.
918 2310 967 2357 2,
1017 2309 1068 2358 3,
1120 2308 1217 2349 152.
1275 2307 1429 2346 Ruhnk.
1461 2309 1510 2345 ad
1537 2308 1699 2346 Terent.

141 2374 262 2414 Andr.
293 2377 333 2424 1,
366 2377 406 2424 2,
445 2375 511 2415 15.
569 2375 701 2413 Klotz.
733 2377 781 2412 ad
811 2376 893 2413 Cic.
935 2375 1056 2413 Tuse.
1089 2378 1127 2426 1,
1159 2377 1230 2425 20,
1256 2373 1324 2415 46.
1383 2375 1501 2413 Wolf.
1533 2375 1625 2413 ibid.
1658 2377 1697 2424 1,

143 2443 227 2493 38,
272 2443 342 2484 91.
402 2442 536 2482 Arntz.
567 2445 616 2481 ad
646 2443 743 2481 Plin.
775 2442 919 2493 Paneg.
952 2443 991 2483 5.
1023 2457 1063 2494 p.
1098 2446 1165 2486 28.
1223 2443 1352 2482 Peter.
1384 2444 1434 2481 ad
1465 2444 1547 2481 Cic.
1586 2445 1698 2481 Brut.

143 2513 226 2561 66,
274 2512 370 2554 233.
428 2513 545 2550 Hess.
578 2513 627 2550 ad
656 2512 756 2549 Tac.
787 2510 888 2549 Dial.
923 2512 989 2553 28.
1020 2526 1060 2562 p.
1094 2513 1188 2553 191.
1246 2513 1291 2550 In
1326 2515 1555 2552 sententiam
1582 2514 1700 2563 igitur

142 2580 290 2617 Seneca
305 2581 344 2618 in
364 2580 487 2631 Epist.
511 2581 624 2622 108.:
656 2578 800 2631 Itaque
829 2586 905 2616 toto
933 2579 1007 2616 hoc
1036 2594 1210 2632 agamus
1239 2581 1374 2617 animo
1405 2587 1442 2618 et
1471 2582 1626 2618 omissis
1643 2581 1704 2618 ad

143 2661 248 2700 quae
275 2647 509 2686 divertimus
539 2649 583 2684 in
611 2661 695 2684 rem
724 2662 849 2685 unam
880 2647 1118 2685 laboremus.

256 2715 302 2752 V.
345 2716 399 2756 31
439 2738 498 2745 —
536 2716 604 2756 33.
689 2717 886 2754 Virtutem
921 2739 977 2745 —-
1010 2716 1172 2766 perdas,
1251 2715 1412 2754 Transit
1451 2717 1500 2754 ad
1538 2716 1698 2755 alterum

143 2783 280 2822 summi
316 2782 407 2820 boni
446 2797 591 2834 genus,
642 2785 745 2834 quod
784 2786 952 2836 positum
993 2790 1052 2822 est
1082 2785 1119 2821 in
1149 2784 1286 2821 divitiis
1316 2797 1351 2821 v.
1380 2784 1433 2825 31
1454 2807 1511 2814 -—·
1531 2783 1598 2825 48.
1629 2785 1696 2836 (cf.

145 2855 279 2888 contra
308 2851 564 2901 disputantem
579 2851 660 2889 Cic.
683 2851 803 2890 Tusc.
824 2854 865 2902 5,
893 2852 980 2903 32.)
1040 2852 1244 2890 Connectit
1269 2857 1396 2890 autem
1428 2866 1490 2891 res
1523 2854 1695 2892 diversas

144 2923 371 2968 poetarum,
418 2932 495 2956 non
524 2919 837 2972 philosophorum
873 2934 989 2967 more*
1012 2921 1126 2970 idque
1153 2933 1225 2970 per
1253 2934 1456 2971 personam
1489 2922 1695 2959 secundam

146 2982 240 3032 (vid.
260 2987 309 3023 ad
331 2987 372 3035 1,
395 2987 433 3037 1,
454 2984 542 3038 42.)
560 2995 685 3038 putas
694 3003 711 3036 ;
742 3001 858 3040 quare
878 2988 1064 3026 dissentio
1082 2993 1162 3026 tum
1181 2987 1229 3026 ab
1250 2988 1347 3039 aliis,
1368 2990 1431 3039 qui
1450 2995 1698 3041 praeceptum
