2028 3268
422 261 505 305 396
559 263 931 303 COlifflENTARII
960 263 1018 302 IN
1046 261 1264 302 HORATII
1289 261 1389 302 LIB.
1406 262 1435 302 Ι.
1454 261 1617 303 EPIST.
1636 262 1780 306 SEPT.
1837 262 1916 308 124

420 387 608 436 adhibito,
653 399 730 423 non
757 385 985 435 exspectavit
1012 384 1098 422 dum
1125 383 1380 435 illucesceret,
1428 385 1497 423 sed
1524 385 1571 423 de
1598 391 1710 425 nocte
1738 386 1918 426 caballum

418 454 594 506 arripit.“

530 521 576 557 V.
605 517 804 559 90—-92,
867 516 991 566 Quem
1017 517 1138 554 simul
1161 539 1218 546 ——-
1245 516 1354 554 mihi.
1409 516 1452 554 In
1487 515 1558 554 hac
1594 516 1751 557 hominis
1790 520 1919 558 condi-

419 590 522 627 tione
547 584 817 636 Habetfeldus
842 585 1070 635 descriptum
1096 585 1198 622 videt
1215 584 1350 622 Volteii
1376 584 1535 621 animum
1561 583 1688 622 alienis
1715 585 1824 624 rebus
1854 599 1919 624 cu—

419 656 546 703 risque
570 653 791 700 districtum,
820 653 985 702 ejusdem
1010 653 1198 690 avaritiam
1220 651 1552 702 parsimoniamque
1584 650 1809 690 Schmidius
1833 653 1919 692 coll.

419 719 610 769 Aristoph.
643 719 745 757 Nub.
766 719 847 760 829
867 732 951 769 sqq.
981 722 1019 756 et
1046 719 1207 756 Casaub.
1235 719 1284 755 ad
1313 717 1503 766 Theophr.
1532 717 1645 756 Char.
1676 719 1740 763 10.
1768 733 1807 770 p.
1827 717 1919 760 134.

418 787 491 836 F.,
536 800 620 825 mea
647 788 795 836 quidem
823 786 1006 823 sententia
1032 783 1149 822 Poeta
1176 786 1213 822 id
1243 785 1341 834 egit,
1390 789 1430 822 ut
1457 788 1496 822 et
1535 786 1724 834 quomodo
1755 785 1921 824 Volteius

419 867 466 890 ex
491 852 614 890 nitido
642 854 811 889 rusticus
845 852 967 889 factus
1008 854 1110 889 esset
1149 851 1204 889 rei
1239 852 1472 901 quaerendae
1507 851 1614 888 unice
1649 853 1811 891 intentus
1822 878 1844 901 ,.
1885 857 1923 891 et

419 933 531 971 quam
560 920 723 970 graviter
749 919 898 957 tulisset
929 919 1064 956 damna
1095 917 1290 967 aliquoties
1316 919 1418 956 facta
1443 922 1530 956 ante
1559 917 1686 956 oculos
1723 919 1830 968 quasi
1851 932 1924 969 po—

417 993 538 1026 neret.
595 987 743 1025 Etenim
784 985 966 1023 scabrum
1010 987 1280 1035 intonsumque
1316 998 1401 1023 esse
1436 999 1513 1024 non
1544 986 1656 1023 modo
1688 986 1922 1035 rusticitatis,

417 1068 547 1092 verum
575 1056 684 1092 etiam
714 1053 812 1089 vitae
847 1052 1024 1090 tristioris
1063 1056 1102 1090 et
1135 1052 1255 1090 luctus
1293 1058 1547 1102 argumentum
1581 1040 1683 1102 erat,
1730 1054 1832 1102 cujus
1868 1053 1924 1089 rei

418 1121 587 1172 exempla
611 1121 694 1158 vide
719 1132 780 1170 ap.
809 1118 944 1156 Lamb.
973 1120 1022 1156 ad
1049 1120 1128 1157 Sat.
1159 1121 1208 1168 2,
1246 1119 1294 1168 3,
1323 1119 1391 1160 35.
1447 1119 1603 1156 Sueton.
1631 1106 1802 1160 Julj67.
1831 1119 1921 1168 ibiq.

417 1190 581 1238 interpp.
612 1186 772 1224 Orellius
809 1189 999 1237 comparat
1030 1186 1185 1224 Lucian.
1215 1186 1313 1228 Tim.
1341 1189 1382 1227 7.
1417 1183 1581 1238 πιναρός
1616 1182 1705 1233 ὅλος
1741 1185 1809 1226 καὶ
1849 1184 1923 1226 av?-

416 1257 528 1307 χμῶν
557 1253 625 1294 καὶ
651 1253 939 1304 ὑποδίφθερος.
996 1253 1346 1291 ΟοηΕΜαΓΙςΙειῐιᾱ.
1372 1254 1420 1290 ad
1447 1254 1544 1290 Stat.
1571 1252 1660 1290 Silv.
1690 1252 1730 1302 5,
1757 1254 1796 1303 1,
1826 1251 1922 1294 219.

416 1324 578 1373 interpp.
608 1322 658 1358 ad
681 1320 765 1357 Juv.
802 1320 876 1369 15,
912 1319 1006 1359 135.
1064 1320 1154 1358 Inde
1190 1320 1317 1371 lapsus
1345 1320 1404 1357 hic
1429 1325 1489 1358 est
1518 1318 1767 1367 Giintherus,
1814 1330 1925 1368 quum

415 1388 545 1429 scabr.
575 1391 740 1425 verteret
769 1400 842 1436 „so
869 1386 1096 1436 bespritzt,“
1124 1389 1228 1437 quasi
1247 1387 1412 1425 Volteius
1438 1388 1477 1424 in
1495 1387 1626 1425 itinere
1654 1386 1754 1423 facto
1775 1386 1926 1422 sordem

416 1456 624 1505 collegerit.
655 1477 710 1482 ——
737 1452 782 1491 V.
813 1452 879 1493 91.
936 1453 1077 1490 Durus
1106 1454 1152 1491 de
1182 1467 1227 1492 eo
1256 1454 1316 1491 hic
1346 1454 1492 1503 dicitur,
1522 1454 1584 1504 qui
1611 1452 1730 1490 labori
1757 1451 1927 1502 indulget

415 1536 486 1561 nec
515 1523 711 1571 quicquam
739 1520 966 1557 remissionis
1002 1520 1073 1558 sibi
1099 1522 1296 1571 permittit3
1341 1521 1430 1558 alias
1461 1525 1520 1558 est
1548 1519 1686 1558 laboris
1709 1521 1856 1570 patiens
1885 1523 1925 1557 et

414 1590 464 1627 ad
492 1589 641 1626 labores
672 1586 901 1624 obfirmatus.
957 1587 1080 1636 Epist.
1112 1590 1185 1638 16,
1229 1589 1296 1628 70.
1331 1589 1413 1624 sine
1436 1594 1579 1638 paseat
1609 1587 1731 1624 durus
1755 1593 1923 1637 aretque.

415 1654 508 1693 Plin.
528 1655 648 1705 Epist.
671 1656 711 1702 6,
740 1653 808 1703 30,
837 1653 876 1694 4.
934 1644 1190 1691 Rusticorum
1209 1654 1466 1705 praediorum
1493 1654 1782 1692 administratio
1800 1653 1926 1704 poscit

414 1723 561 1759 durum
584 1721 757 1771 aliquem
785 1726 820 1754 et
847 1726 1067 1769 agrestem,
1105 1721 1172 1756 cui
1197 1735 1268 1758 nee
1295 1721 1408 1758 labor
1429 1721 1498 1757 ille
1525 1722 1691 1772 gravis,
1731 1733 1801 1757 nec
1828 1733 1925 1757 cura

414 1788 601 1833 sordida,
648 1801 717 1823 uec
744 1786 866 1821 tristis
895 1785 1062 1822 solitudo
1090 1786 1283 1826 videatur.
1338 1787 1398 1824 De
1434 1787 1583 1824 homine
1610 1787 1835 1838 voluptatem
1863 1799 1923 1824 se-

415 1856 603 1894 verissime
639 1855 900 1891 contemnente
937 1851 1018 1888 Cic.
1052 1853 1120 1890 Or.
1156 1854 1194 1890 in
1223 1853 1268 1890 P.
1298 1854 1406 1891 Clod.
1447 1858 1485 1891 et
1521 1853 1611 1892 Cur.
1643 1852 1695 1903 4,
1747 1855 1784 1894 1.
1815 1853 1922 1905 (ibiq.

414 1921 558 1971 Beier.)
613 1921 797 1957 Primum
825 1918 939 1954 homo
968 1918 1091 1955 durus
1114 1933 1163 1956 ac
1190 1921 1347 1969 priscus
1375 1921 1549 1958 invectus
1577 1925 1634 1956 est
1663 1920 1706 1956 in
1737 1932 1798 1956 eos
1807 1947 1823 1966 ,
1853 1920 1926 1970 qui

413 1981 554 2025 mense*
581 1985 723 2036 Aprili
759 1984 873 2032 apud
907 1984 1038 2032 Bajas
1075 1993 1209 2026 essent.
1268 1987 1379 2023 Conf.
1412 1989 1540 2023 annot.
1575 1985 1624 2022 ad
1663 1987 1708 2034 1,
1759 1987 1807 2035 1,
1854 1986 1922 2028 32.

413 2053 568 2102 Forbig.
599 2052 649 2090 ad
675 2051 782 2102 Virg.
813 2051 909 2089 Aen.
940 2054 1006 2101 12,
1035 2053 1129 2093 873.
1162 2073 1210 2080 —
1241 2059 1431 2098 attentus,
1458 2053 1512 2089 rei
1539 2051 1707 2089 familiari
1732 2053 1924 2102 augendae

415 2121 561 2159 deditus
595 2123 633 2156 et
660 2119 746 2157 inde
764 2119 884 2174 *paulo
909 2121 1086 2157 tenacior.
1127 2119 1186 2157 Ita
1208 2119 1329 2171 Epist.
1360 2122 1400 2169 2,
1427 2120 1466 2168 1,
1495 2119 1588 2159 171.
1613 2120 1743 2169 patris
1767 2121 1917 2156 attenti.

414 2188 496 2224 Cic.
525 2187 647 2236 Epist.
677 2187 727 2223 ad
754 2186 840 2224 Div.
870 2187 912 2236 9,
942 2187 1009 2235 16,
1041 2185 1105 2226 19.
1136 2200 1259 2236 quum
1286 2199 1367 2222 rem
1394 2184 1584 2230 habebas,
1611 2185 1860 2236 quaesticulis
1889 2193 1924 2222 te

403 2251 613 2305 faciebam
647 2254 901 2292 attentiorem.
960 2252 1042 2290 Alia
1068 2266 1128 2303 ap.
1157 2253 1293 2290 Heind.
1323 2252 1371 2289 ad
1398 2251 1478 2288 Sat.
1510 2253 1549 2300 2,
1579 2252 1620 2301 6,
1649 2253 1715 2294 82.
1771 2252 1922 2291 Ruhnk.

414 2322 463 2358 ad
487 2319 645 2357 Terent.
674 2318 744 2357 Ad.
772 2321 811 2370 5,
840 2321 881 2370 3,
907 2320 975 2360 48.
1031 2319 1165 2358 Matth.
1192 2321 1240 2357 ad
1270 2321 1349 2356 Cic.
1380 2331 1438 2368 pr.
1468 2317 1582 2355 Rosc.
1611 2316 1736 2355 Amer-
1765 2318 1831 2367 15,
1853 2316 1920 2358 44.

415 2387 539 2436 Atque
567 2386 663 2423 haud
691 2389 769 2424 scio
802 2400 851 2424 an
879 2387 1074 2426 Dacerius
1102 2388 1242 2423 acutius
1275 2399 1386 2436 quam
1413 2385 1534 2422 verius
1563 2385 1746 2438 contraria
1769 2384 1833 2421 illa
1858 2399 1922 2422 ex-

413 2453 628 2506 plicaverit:
677 2454 857 2503 „Durus
883 2453 1042 2502 regarde
1077 2452 1111 2490 le
1137 2453 1268 2490 travail
1294 2458 1332 2491 et
1358 2453 1395 2489 la
1421 2452 1585 2500 fatique,
1635 2455 1674 2488 et
1699 2452 1845 2502 re'pond
1874 2463 1922 2488 au

413 2526 494 2560 mot
518 2520 703 2559 scabrum
727 2521 776 2558 du
805 2532 891 2557 vers
919 2520 1141 2570 pre'cedent3
1189 2524 1227 2558 et
1253 2526 1422 2557 attentus
1445 2518 1604 2569 regarde
1635 2517 1670 2555 le
1698 2519 1861 2568 me'nage
1886 2520 1926 2554 et

416 2587 609 2639 l'e‘pargne
635 2591 674 2625 et
700 2587 845 2637 re'pond
871 2587 895 2624 ὲ
921 2588 1130 2627 intonsum.
1135 2586 1163 2610 ‘⁶

525 2654 574 2693 V.
599 2654 720 2696 92——
728 2653 795 2695 95.
851 2653 932 2691 Pol
957 2667 1016 2690 me
1043 2675 1100 2682 ——-
1119 2654 1260 2704 priori.
1318 2653 1374 2691 Ex
1406 2653 1591 2691 sententia
1615 2650 1848 2690 Marklandi
1879 2651 1918 2688 in

415 2720 614 2770 Explicatt.
642 2721 818 2758 Veterum
841 2721 980 2770 aliquot
1007 2724 1080 2758 etc.
1122 2734 1160 2771 p.
1188 2718 1284 2760 304.
1322 2721 1381 2758 ed.
1410 2719 1518 2770 Lips.
1545 2719 1605 2757 hic
1631 2717 1736 2756 locus
1765 2730 1918 2768 expres·

416 2800 480 2823 sus
507 2791 565 2823 est
594 2800 637 2824 ex
663 2787 792 2837 Eurip.
812 2787 931 2837 lphig.
953 2788 990 2824 in
1009 2788 1045 2825 T
1047 2801 1125 2825 aur.
1146 2785 1241 2826 499.
1274 2790 1337 2837 Ιφ.
1366 2786 1441 2826 Σοὶ
1470 2783 1502 2826 δ’
1506 2783 1632 2838 ὄνομα
1659 2789 1776 2826 ποῖον
1807 2778 1918 2824 ἔθεθ’

416 2851 436 2892 ὁ
463 2849 658 2904 γεννήσας
684 2851 835 2905 πατήρ;
876 2855 946 2891 Cui
968 2855 1192 2905 respondet:
1241 2851 1290 2893 To*
1318 2852 1389 2906 μὲν
1417 2854 1591 2902 δίκαιον,
1622 2853 1822 2903 δυστυχεῖς
1850 2865 1918 2888 κα-

416 2915 568 2972 λοίμεθ’
597 2916 662 2960 ἄν.
720 2922 919 2959 Por-sonus
943 2922 992 2960 ad
1017 2922 1116 2960 illum
1141 2922 1262 2960 locum
1286 2922 1430 2959 confert
1448 2920 1569 2959 Plaut.
1588 2919 1695 2958 Pers.
1716 2915 1758 2967 4,
1787 2916 1827 2965 4,
1849 2913 1916 2954 94.
