2028 3268
403 283 485 325 308
541 283 912 324 COMMENTARII
939 283 995 322 IN
1023 281 1241 322 HORATII
1267 281 1366 321 LIB.
1387 282 1419 321 Ι.
1438 282 1599 322 EPIST.
1622 283 1771 322 SEXT.
1857 285 1913 326 36

403 420 451 445 ac
479 407 671 445 miraculo
701 405 871 456 torpidos
900 404 1103 452 defixisset.
1161 403 1255 441 Tac.
1286 402 1383 442 Ann.
1408 407 1446 454 1,
1477 405 1543 445 68.
1573 407 1695 444 milite
1725 407 1844 456 quasi
1864 405 1912 443 ob
1972 423 1975 426 ⁴

402 483 548 512 metum
577 474 713 522 defixo.
774 473 830 510 Id.
863 471 937 520 13,
986 470 1023 510 5.
1054 471 1186 507 ceteris
1209 483 1359 519 pavore
1387 470 1536 518 defixis.
1591 473 1682 510 Inde
1711 474 1916 511 illustratur

403 543 495 579 alius
518 542 641 578 Taciti
666 540 770 576 loeus
792 537 890 574 Ann.
911 538 951 585 3,
971 538 1007 576 1.
1028 535 1279 586 (Agrippina
1303 550 1455 586 egressa
1479 539 1576 574 navi
1595 539 1728 586 defixit
1749 539 1913 591 oculos),

403 610 450 645 ad
480 621 589 657 quem
618 618 684 642 suo
714 605 869 654 quisque
898 604 1009 641 modo
1037 602 1132 652 lapsi
1162 607 1247 640 sunt
1263 603 1495 640 Waltlzerzis
1514 608 1552 641 et
1571 605 1760 642 Baebius.
1789 606 1914 644 Dictio

404 677 501 712 enim
526 678 605 710 tum
634 673 817 721 significat
844 674 1014 708 nostrum
1042 669 1361 720 niedersclzlagen
1374 698 1389 715 ,
1438 683 1550 720 quum
1585 672 1733 709 additur
1761 672 1841 709 solo
1882 685 1915 708 s.

404 749 534 785 terra,
585 752 617 776 s.
646 740 688 775 in
716 746 886 782 terram,
945 737 993 773 cf.
1021 736 1132 774 Hom.
1190 735 1232 773 Il.
1264 736 1312 785 3,
1370 739 1463 779 217.
1522 737 1686 775 Theocr.
1719 741 1765 787 2,
1824 740 1916 780 112.

403 808 514 845 Plura
551 807 762 843 alterutrius
802 805 857 842 rei
893 803 1060 853 exempla
1094 802 1332 853 suppeditant
1358 803 1493 841 Lamb.
1530 805 1577 842 ad
1605 805 1724 855 Epist.
1757 806 1802 854 1,
1851 806 1918 854 18,

403 872 471 912 94.
531 873 656 910 Schm.
682 873 728 908 ad
761 871 799 907 h.
830 870 856 908 l.
913 869 1029 906 Baeh.
1067 869 1116 906 ad
1147 870 1257 906 Ovid.
1288 869 1380 908 Met.
1412 871 1487 919 13,
1536 868 1631 911 540.
1689 871 1844 921 Forbig.
1869 871 1919 908 ad

402 940 506 990 Virg.
526 939 621 977 Aen.
655 939 695 987 6,
724 936 818 977 469.
875 936 1002 974 Burm.
1031 936 1079 972 ad
1108 935 1189 972 Val.
1211 936 1338 973 Flacc.
1351 934 1391 985 4,
1421 937 1513 978 226.
1571 938 1626 975 Id.
1651 942 1689 975 et
1706 937 1842 975 Loers.
1872 937 1922 974 ad

405 1008 516 1045 ovid.
543 1006 698 1044 Heroid.
729 1005 802 1052 21,
845 1003 938 1043 113.
994 1001 1124 1039 Barth.
1156 1001 1203 1038 ad
1229 1003 1326 1039 Stat.
1353 1000 1484 1038 Achill.
1516 1003 1565 1051 1,
1607 1003 1699 1044 158.
1759 1005 1920 1054 Rupert,

403 1076 453 1111 ad
482 1074 575 1111 Tae.
605 1071 704 1108 Ann.
738 1071 784 1118 1,
820 1070 899 1117 68,
940 1071 978 1108 1.
1035 1068 1152 1105 Drak.
1182 1070 1230 1105 ad
1255 1068 1337 1106 Liv.
1364 1069 1415 1118 3,
1445 1066 1521 1118 47,
1552 1069 1591 1107 6.
1653 1071 1776 1108 Gebh.
1802 1072 1851 1108 ad
1879 1070 1920 1120 6,

405 1141 476 1190 40,
513 1142 550 1180 1.
607 1138 709 1176 Duk.
737 1137 786 1173 ad
807 1135 911 1172 Flor.
943 1138 982 1184 2,
1013 1135 1052 1183 6,
1083 1134 1149 1173 59.
1207 1135 1358 1185 Sciopp.
1387 1136 1554 1172 Verisim.
1586 1136 1627 1185 3,
1659 1139 1724 1177 17.
1783 1137 1923 1174 Similis

405 1213 465 1245 est
501 1219 587 1244 usus
622 1204 726 1242 verbi
762 1201 1005 1252 πεπηγέναι,
1052 1202 1098 1238 de
1139 1215 1212 1251 quo
1248 1203 1326 1239 vid.
1356 1201 1421 1239 Fr.
1451 1203 1602 1240 Jacobs.
1639 1204 1678 1240 in
1714 1202 1842 1243 Addit.
1872 1203 1922 1240 ad

405 1274 542 1311 Athen.
582 1286 621 1322 p.
653 1271 745 1312 216.
776 1270 825 1306 ad
856 1268 1071 1306 Philostrat.
1101 1281 1140 1318 p.
1166 1268 1261 1309 355.
1290 1269 1460 1305 laudatus
1497 1281 1518 1306 a
1543 1268 1834 1308 Wuestemanno
1873 1270 1923 1307 ad

406 1341 571 1378 Theocr.
610 1340 660 1387 2,
711 1336 804 1376 110.
861 1332 1027 1374 Verbum
1062 1342 1209 1386 torpere
1245 1336 1406 1374 illustrat
1432 1335 1612 1375 Doederl.
1654 1337 1692 1375 in
1728 1337 1820 1387 Syn.
1857 1335 1920 1375 IV.

404 1422 444 1458 p.
476 1407 571 1449 227.

516 1471 562 1509 V.
593 1471 659 1511 15.
690 1470 756 1508 16.
816 1468 959 1505 Insani
985 1481 1124 1504 nomen
1153 1489 1201 1496 -—
1234 1469 1375 1518 ipsam.
1432 1469 1643 1507 Sententia:
1690 1481 1836 1518 „omne
1864 1468 1921 1506 ni-

407 1542 519 1579 mium
549 1550 616 1575 sua
647 1535 762 1573 habet
788 1535 1023 1572 incommoda
1051 1539 1182 1584 atque,
1214 1537 1246 1572 si
1276 1537 1357 1585 quis
1387 1536 1536 1584 sapiens
1564 1536 1670 1572 nimis
1699 1539 1925 1585 appetenter

407 1609 563 1656 appetat
590 1605 762 1640 virtutem
789 1603 924 1651 ipsam,
952 1602 1050 1638 haud
1078 1603 1156 1638 scio
1184 1614 1231 1639 an
1254 1615 1322 1651 pro
1351 1603 1547 1651 insipiente
1575 1601 1798 1639 habeatur-‘⁴
1841 1601 1923 1638 Ne-

408 1684 479 1720 que
507 1675 635 1707 tamen
663 1669 948 1705 contradixerim
985 1669 1051 1715 iis,
1101 1668 1163 1716 qui
1193 1668 1476 1717 Conjunctivum
1500 1669 1615 1719 serat
1643 1668 1829 1717 accipiunt
1854 1680 1925 1717 pro

406 1738 645 1787 Imperativo.
705 1733 766 1773 Cf.
797 1738 964 1770 annotat.
995 1733 1042 1768 ad
1070 1733 1192 1782 Epist.
1223 1734 1260 1781 1,
1289 1735 1327 1783 2,
1359 1732 1424 1774 34.
1480 1735 1604 1772 Bentl.
1629 1735 1677 1773 ad
1704 1734 1784 1771 Sat.
1815 1735 1854 1782 2,
1887 1735 1926 1785 1,

409 1805 476 1846 20.
517 1807 578 1851 et,
627 1813 738 1850 quem
766 1801 894 1837 laudat
923 1798 1124 1848 Groebel.,
1169 1799 1306 1848 Wagn.
1337 1802 1384 1838 ad
1411 1801 1513 1851 Virg.
1546 1801 1627 1839 Ecl.
1659 1803 1708 1850 2,
1757 1799 1824 1840 57.
1883 1800 1927 1838 111

408 1873 586 1922 promptu
612 1872 736 1904 autem
765 1872 836 1915 est,
867 1866 1180 1903 vehementiorem
1218 1879 1340 1904 rerum
1369 1870 1479 1905 etiam
1506 1868 1833 1918 pulcherrimarum
1859 1879 1928 1918 ap-

409 1939 567 1988 petitum
603 1934 858 1982 tranquillitati
893 1933 943 1970 illi
989 1937 1100 1981 atque
1145 1934 1323 1981 aequitati
1365 1947 1593 1985 magnopere
1637 1934 1784 1972 obesse.
1841 1932 1928 1971 Vid.

412 2006 457 2041 C.
488 2004 643 2040 Passov.
670 2001 722 2037 N.
744 2001 811 2039 61.
840 2004 878 2036 et
903 2000 942 2036 in
970 1999 1191 2036 sententiam
1222 1999 1300 2036 Cic.
1331 1999 1448 2037 Tusc.
1477 1997 1524 2050 4,
1555 1999 1631 2050 25,
1661 1999 1726 2040 55.
1791 1999 1930 2049 Quid?

411 2084 479 2108 vos
509 2069 642 2105 Studia
672 2066 887 2102 lubidinem
913 2065 1092 2102 vocatis?
1130 2078 1231 2115 qaae
1259 2065 1324 2103 ‘vel
1349 2068 1587 2116 optimarum
1614 2080 1744 2104 rerum
1753 2094 1771 2113 ,
1810 2074 1856 2103 ιιι
1882 2080 1930 2104 ea

412 2144 504 2174 sant
534 2148 634 2186 qnae
656 2134 870 2184 profertis,
917 2132 1052 2169 sedata
1080 2139 1211 2168 tamen
1241 2139 1277 2168 et
1305 2134 1525 2184 tranquilla
1554 2147 1632 2170 esse
1663 2133 1812 2171 debent.
1869 2133 1928 2172 Id.

413 2203 454 2254 4,
490 2204 557 2252 29,
589 2204 655 2243 62.
686 2199 820 2236 lubido
850 2200 937 2248 ipsa
966 2199 1140 2236 tollenda
1170 2207 1248 2236 est.-
1289 2207 1334 2236 ut
1359 2202 1466 2246 sive,
1496 2200 1604 2251 quod
1626 2200 1829 2237 honestum
1857 2206 1930 2245 est,

413 2272 458 2308 id
490 2271 540 2307 sit
567 2280 764 2305 summum
794 2264 962 2310 bonam,
1010 2267 1091 2301 sive
1119 2266 1301 2316 voluptas
1328 2268 1409 2304 sive
1435 2266 1576 2303 horum
1605 2274 1812 2316 utrumque
1837 2279 1930 2302 con-

403 2342 593 2387 junc-tum
620 2336 701 2371 sive
731 2333 806 2369 tria
834 2332 907 2368 illa
942 2346 1090 2382 genera
1129 2332 1335 2383 honoram,
1383 2342 1538 2379 tamen,
1585 2333 1736 2370 etiamsi
1773 2332 1931 2369 virtutis

415 2406 539 2454 ipsius
567 2401 825 2438 veliementior
851 2401 1048 2449 appetitus
1077 2401 1127 2436 sit
1138 2427 1153 2444 ,
1203 2401 1336 2437 eadem
1360 2403 1412 2438 sit
1447 2399 1626 2436 omnibus
1653 2399 1710 2436 ad
1736 2400 1933 2435 deterren-

416 2472 512 2508 dum
554 2467 780 2506 adhihenda
816 2467 952 2502 oratio.
1015 2466 1075 2502 Cf.
1102 2466 1191 2503 ibid.
1214 2465 1254 2516 4,
1285 2467 1324 2515 5,
1356 2468 1420 2506 10.
1450 2468 1489 2515 6,
1521 2468 1585 2507 12.
1644 2466 1680 2504 T
1683 2466 1818 2514 heogn.
1848 2463 1929 2504 335

418 2551 501 2587 sqq.
533 2537 593 2573 ed.
623 2534 755 2583 Lips.,
807 2545 902 2582 quos
931 2530 1083 2570 laudant
1109 2533 1270 2582 Koenig.
1302 2538 1340 2571 et
1367 2533 1532 2570 Schmid.
1592 2534 1831 2582 Quapropter
1859 2532 1929 2568 du-

419 2605 517 2652 bito,
559 2615 648 2640 num
675 2600 815 2637 Poetae
840 2603 1004 2636 mentem
1031 2604 1226 2637 assecutus
1254 2601 1303 2637 sit
1331 2600 1601 2649 Doeringias,
1645 2612 1758 2649 quum
1786 2600 1839 2635 sic
1866 2611 1930 2635 ex-

417 2672 594 2721 plicaret:
625 2667 718 2716 „qui
747 2667 783 2703 in
809 2665 954 2702 virtutis
985 2667 1108 2703 studio
1137 2679 1257 2716 usque
1285 2679 1330 2703 eo
1349 2667 1529 2716 progredi
1555 2670 1690 2711 tentat,
1721 2678 1795 2714 quo
1821 2677 1932 2702 nemo

417 2737 595 2788 progredi
613 2738 755 2786 potest,
784 2733 815 2769 is
843 2743 995 2781 operam
1013 2734 1182 2782 perdit.“
1238 2731 1289 2770 At
1309 2733 1566 2782 conjungenda
1586 2735 1672 2770 sunt
1687 2729 1792 2766 ultra
1813 2743 1933 2779 quam

418 2804 515 2840 ,satis
544 2809 599 2837 est
620 2807 750 2850 petere
779 2798 840 2848 (ut
868 2797 943 2834 Od.
975 2794 1015 2846 4,
1048 2799 1115 2849 11,
1146 2799 1235 2848 29.,
1265 2804 1304 2837 et
1332 2800 1453 2850 Epist.
1483 2801 1531 2848 7,
1549 2799 1627 2840 82.
1659 2798 1707 2834 cf.
1737 2795 1854 2833 Drak.
1885 2796 1934 2833 ad

418 2869 502 2908 Liv.
534 2869 573 2918 8,
603 2866 670 2916 24,
702 2867 799 2917 15.)‚
829 2880 951 2917 neque
981 2866 1163 2904 dubitavit
1187 2866 1388 2914 HoratiuS,
1417 2878 1506 2902 num
1533 2865 1620 2913 quid
1648 2865 1685 2901 111
1714 2863 1848 2900 virtute
1877 2863 1934 2899 ni-

419 2937 531 2973 mium
559 2946 643 2971 esse
671 2935 806 2983 possit,
834 2938 876 2970 ut
905 2934 1106 2971 verendum
1131 2933 1194 2982 sit,
1222 2946 1268 2970 ne
1300 2933 1383 2983 quis
1411 2918 1517 2970 nimis
1538 2935 1603 2968 aut
1621 2931 1746 2980 justus
1765 2933 1830 2966 aut
1855 2929 1933 2966 for-
