2054 3268
411 264 467 306 44
548 268 915 307 COMMENTARII
939 270 993 306 IN
1022 269 1242 307 HORATII
1270 269 1439 306 EPIST.
1467 270 1607 307 PRIM.
1635 271 1734 308 LIB.
1762 273 1795 308 l.

418 379 527 415 Cos-te
547 379 630 416 sive
649 378 874 429 quicunque
894 384 966 426 est,
994 378 1102 427 cujus
1122 380 1240 415 verba
1257 379 1522 417 communicat
1542 393 1633 417 cum
1652 379 1862 417 lectoribus
1881 381 1922 416 in

412 443 475 482 ed.
504 446 729 482 Tar-terom‘:
762 446 953 491 „Horace‚
978 443 1000 481 ἐι
1014 445 1237 482 l’imitation
1261 443 1509 497 d’Aristippe,
1530 446 1643 484 tache
1659 460 1740 484 non
1760 445 1809 483 de
1824 442 1923 482 s'ac-

412 510 638 549 commoder
652 524 703 547 au
725 524 838 548 cours
859 510 928 548 des
948 509 1098 558 choses,
1118 513 1218 548 mais
1240 510 1288 548 de
1309 512 1420 559 faire,
1440 525 1517 563 que
1536 514 1593 550 les
1613 512 1752 551 choses
1773 513 1922 550 contri-

409 578 533 615 buent
546 577 569 614 ἐι
585 577 777 615 satisfaire
796 589 858 613 ses
879 576 1043 615 desirs.“
1080 579 1221 615 Facete
1240 578 1341 615 ludit
1357 581 1479 616 Poeta
1498 581 1540 616 in
1559 578 1623 617 his
1638 581 1778 627 verbis,
1798 591 1923 630 quum

410 651 543 682 contra
573 645 695 682 Stoici
722 657 763 679 se
781 642 896 680 rebus
919 643 1154 695 subjungere
1175 646 1202 682 i.
1225 659 1260 682 e.
1287 644 1609 698 ὁμολογουμένως
1631 649 1680 702 τῇ
1711 642 1831 696 φύσει
1851 647 1923 700 ζῇν

408 713 493 759 vel,
522 717 565 748 ut
584 712 638 746 ait
655 711 806 748 Seneca
827 709 876 747 de
896 710 1090 748 Clement.
1111 714 1158 759 2,
1179 712 1217 754 5.
1231 741 1242 760 ,
1262 725 1333 749 nee
1351 712 1428 749 sibi
1445 719 1618 756 tantum,
1647 712 1717 749 sed
1731 713 1923 750 zmiversz's

407 778 655 829 singulisque
669 777 950 814 consulendum
970 777 1166 815 docerent.
1195 781 1334 830 Itaque
1353 786 1501 826 errant,
1531 779 1601 830 qui
1623 785 1669 815 ut
1686 792 1724 815 v.
1748 779 1814 818 16.
1843 779 1921 814 Pe-

408 846 674 896 ripateticum,
696 857 735 881 V.
760 846 825 884 17.
855 844 1056 892 Stoicum,
1081 858 1122 882 v.
1141 845 1206 885 18.
1236 847 1516 897 Cyrenaicum,
1539 846 1594 882 sic
1613 858 1654 882 v.
1675 846 1741 885 19.
1765 842 1922 881 Acade-

406 913 555 948 micum
573 918 714 962 putant
731 911 898 949 describi
918 918 985 948 aut
1003 924 1094 948 cum
1113 912 1291 950 Fabricio
1315 920 1354 950 et
1375 914 1577 950 Piscator-e
1593 913 1635 948 iu
1663 923 1702 948 v.
1726 911 1790 950 19.
1818 908 1922 948 nihil

405 977 542 1016 vident
564 980 641 1016 nisi
658 980 803 1016 Poetae
818 979 1116 1030 professionem,
1145 991 1222 1030 qua
1244 993 1286 1017 se
1311 980 1411 1019 nolit
1434 979 1640 1016 sententiis
1659 975 1921 1028 philosopho-

406 1058 495 1082 rum
516 1046 760 1083 summittere
782 1047 989 1083 serviliter.
1045 1046 1105 1081 De
1131 1046 1351 1097 Aristippo,
1382 1058 1502 1098 quem
1517 1051 1668 1083 veteres
1690 1045 1921 1094 interpretes

405 1113 519 1164 quasi
539 1114 841 1163 antesignanum
862 1113 1168 1163 Epicureorum,
1198 1114 1254 1150 ita
1276 1120 1320 1150 ut
1340 1114 1425 1164 ipse
1452 1113 1636 1150 Horatius
1654 1124 1696 1148 se
1720 1111 1920 1161 professus

404 1180 455 1216 sit
474 1178 538 1216 hic
559 1181 700 1228 talem,
729 1180 903 1230 positum
926 1179 1085 1226 volunt,
1114 1178 1196 1216 vid.
1216 1187 1371 1230 praeter
1396 1178 1588 1218 Wieland
1608 1177 1659 1214 ad
1682 1176 1724 1214 h.
1747 1179 1776 1214 l.
1807 1184 1845 1214 et
1869 1176 1919 1214 ad

402 1249 479 1298 Ep.
501 1247 572 1295 17,
601 1248 669 1287 21.
725 1247 841 1296 Diog.
861 1247 991 1283 Lae-rt.
1011 1247 1060 1294 2,
1089 1245 1142 1286 65
1163 1259 1250 1298 sqq.
1278 1247 1457 1284 Perizon.
1485 1245 1536 1284 ad
1553 1247 1709 1284 Aelian.
1738 1245 1785 1282 V.
1805 1245 1856 1280 H.
1880 1245 1920 1291 9,

403 1315 473 1355 20.
497 1312 560 1362 14,
583 1315 622 1354 6.
648 1315 688 1361 7,
712 1312 768 1360 3.,
796 1313 911 1349 Beier
930 1311 981 1348 ad
1003 1313 1083 1349 Cic.
1103 1312 1212 1349 Offic.
1229 1314 1269 1360 3,
1292 1313 1346 1352 33
1369 1319 1407 1349 et
1432 1314 1569 1363 Krugii
1593 1309 1827 1349 Geschichte
1851 1309 1921 1347 der

402 1379 554 1419 Philos.
571 1382 671 1418 alter
688 1381 776 1417 Zeit
797 1376 834 1431 ᾗ.
855 1380 904 1420 71
919 1391 1008 1430 sqq.
1039 1379 1098 1416 Cf.
1115 1379 1254 1428 Flo'gel
1275 1380 1341 1415 in:
1363 1378 1598 1417 Geschichte
1615 1378 1684 1416 der
1699 1377 1918 1415 Hofuarren

403 1462 442 1500 p.
467 1448 546 1488 135
565 1460 652 1499 sqq.
677 1469 734 1476 -—
747 1447 900 1498 ficrtim
914 1445 1085 1491 relabor,
1119 1446 1202 1493 vel,
1225 1445 1332 1497 quod
1357 1446 1543 1498 equidem
1562 1446 1753 1497 praefero,
1773 1444 1919 1482 sensim

404 1522 443 1552 et
459 1516 664 1566 paulatim,
686 1521 730 1551 ut
747 1514 874 1564 Epist.
898 1515 920 1553 1
933 1542 944 1562 ,
966 1514 1038 1561 10,
1061 1513 1150 1560 25„
1181 1524 1306 1564 quum
1331 1527 1382 1550 ne
1402 1515 1489 1566 quis
1508 1514 1583 1551 sibi
1602 1512 1918 1558 inconstantiam,

403 1595 483 1634 qua
501 1581 673 1619 diversas
692 1582 924 1631 complexus
943 1581 994 1617 sit
1011 1586 1148 1626 sectas,
1178 1580 1274 1616 vitio
1294 1587 1432 1628 vertat,
1457 1587 1543 1617 tum
1559 1587 1604 1617 ut
1622 1581 1857 1618 inclinatum
1876 1593 1918 1616 se

403 1656 522 1700 atque
541 1661 781 1699 propensum
810 1646 861 1684 ad
878 1647 1069 1697 Aristippi
1094 1645 1313 1683 doctrinam
1331 1647 1464 1695 jocose
1485 1647 1651 1696 iudicet,
1680 1649 1768 1695 vel,
1794 1646 1918 1691 clam,

402 1728 561 1753 suasore
573 1715 760 1752 Cicerone
783 1713 831 1750 de
851 1714 954 1751 Orat.
971 1714 1011 1761 3,
1034 1714 1100 1753 17.
1118 1713 1239 1750 Sunt
1253 1715 1356 1750 enim
1373 1721 1410 1750 et
1428 1713 1521 1751 honi
1538 1715 1632 1759 νίνί,
1657 1721 1709 1759 et,
1730 1715 1917 1764 quoniam

402 1782 479 1820 sibi
495 1783 552 1818 ita
569 1781 768 1826 videntur,
784 1779 888 1816 beati
898 1795 910 1816 .·
931 1787 1163 1830 tantumque
1172 1793 1233 1816 eos
1248 1781 1546 1826 admoneamus,
1567 1788 1613 1817 ut
1626 1780 1746 1825 illud,
1766 1781 1920 1816 etiamsi

402 1857 459 1887 est
481 1849 742 1892 verissimum,
769 1848 934 1883 tacitum
951 1853 1098 1891 tamen,
1127 1853 1319 1897 tanquam
1335 1850 1584 1898 mysterium,
1612 1853 1784 1892 teneant,
1812 1846 1919 1896 quod

401 1923 566 1968 negant,
585 1915 735 1952 versari
755 1915 798 1950 in
817 1912 1021 1963 republica
1041 1927 1118 1950 esse
1145 1915 1344 1963 sapientae.
1379 1917 1510 1952 Minus
1537 1916 1637 1952 bene
1658 1912 1915 1964 Dorighello:

401 1982 679 2033 imprudenter.
739 1981 865 2018 Nimis
891 1980 1010 2017 etiam
1041 1978 1220 2028 definite,
1251 1982 1436 2019 insistens
1461 1980 1771 2020 Scholiastarum
1793 1981 1916 2018 vesti-

400 2052 489 2102 giis,
511 2049 729 2099 Cruquius:
752 2053 906 2095 „sector
924 2046 1471 2098 voluptatem—sedficrtim
1490 2047 1531 2085 h.
1554 2062 1588 2086 e.
1610 2061 1691 2085 non
1713 2061 1822 2086 more
1841 2061 1915 2084 ne-

400 2123 539 2168 potum
555 2115 725 2166 publice‚
752 2127 842 2151 cum
859 2114 1023 2150 iufamia
1038 2114 1303 2165 turpiterque,
1324 2114 1395 2152 sed
1414 2117 1579 2163 occulte,
1598 2112 1753 2169 λάθρα,
1782 2129 1856 2153 nec
1873 2115 1914 2153 id

399 2185 478 2222 nisi
502 2183 638 2234 paucis
664 2182 799 2218 amicis
828 2181 910 2231 ejus
938 2181 995 2217 rei
1022 2181 1231 2218 consciiS.“
1288 2181 1515 2219 Generatim
1541 2184 1764 2220 Torrentius
1786 2190 1914 2221 totum

399 2253 533 2289 locum
552 2250 607 2286 sic
628 2249 822 2300 explicat:
853 2249 958 2296 „Nec
978 2247 1046 2284 abs
1066 2260 1108 2284 re
1126 2253 1205 2295 est,
1236 2247 1343 2298 quod
1351 2248 1504 2299 furtim
1519 2250 1562 2286 in
1580 2250 1784 2300 Aristippi
1793 2263 1915 2300 prae-

400 2325 513 2368 cepta
537 2315 665 2353 relabi
683 2329 725 2354 se
753 2314 870 2362 dicit,
900 2327 1025 2366 quum
1042 2314 1084 2350 in
1104 2321 1238 2366 aperto
1257 2316 1412 2352 virtutis
1434 2323 1623 2367 tanquam
1642 2317 1801 2354 satelles
1822 2317 1914 2368 qui-

401 2385 493 2423 dem
514 2382 732 2421 incederet:
758 2383 983 2420 Stoicorum
1005 2381 1124 2429 enim,
1146 2382 1215 2433 qui
1229 2383 1361 2420 omnia
1381 2384 1423 2419 in
1439 2385 1583 2420 virtute
1603 2390 1768 2434 ponunt,
1791 2382 1914 2421 disci-

399 2454 510 2503 plina
528 2453 659 2489 lucem
679 2457 808 2498 amat3
833 2450 1016 2500 voluptas
1033 2449 1185 2500 quaerit
1206 2462 1284 2500 quo
1303 2462 1345 2486 se
1362 2449 1596 2488 abscondat:
1627 2450 1913 2488 consulendum

401 2526 534 2556 autem
560 2518 717 2569 publice
742 2515 953 2554 honestati.
967 2517 991 2537 ‘⁴
1041 2516 1232 2553 Similiter
1250 2514 1471 2554 Hocheder.
1510 2518 1562 2554 At
1579 2517 1613 2554 si
1628 2515 1694 2554 hic
1712 2517 1839 2555 relabi
1862 2518 1913 2556 ad

401 2585 498 2622 ancl.
521 2585 596 2621 civ.
621 2582 747 2634 (Virg.
764 2585 864 2621 Aen.
889 2583 954 2631 10,
973 2582 1074 2634 307)
1089 2583 1219 2630 refert,
1242 2583 1357 2621 aliter
1374 2585 1523 2632 sentio,
1553 2583 1703 2622 dictum
1725 2592 1783 2623 est
1806 2588 1912 2624 enim

330 2654 333 2657 “
362 2639 376 2651 ἰ
401 2658 446 2689 ut
464 2664 528 2702 ap.
549 2651 630 2688 Cic.
649 2649 774 2687 Acad.
793 2651 834 2698 2,
853 2647 920 2697 45,
941 2649 1035 2691 139.
1056 2647 1170 2686 labor
1189 2662 1250 2694 eo,
1264 2656 1312 2686 ut
1328 2651 1523 2688 assentiar
1538 2652 1795 2702 Epicuream
1809 2652 1913 2690 An:-

400 2720 546 2769 stippo;
570 2724 727 2755 revocat
746 2718 885 2754 virtus.
907 2737 964 2744 -
991 2715 1237 2767 Subjungere
1246 2743 1263 2762 ,
1289 2713 1599 2770 ὕποζευγνύναι,
1631 2717 1861 2771 metaphora
1888 2733 1912 2757 a

400 2787 523 2824 boum
537 2785 634 2834 jugo
662 2782 798 2831 ducta,
828 2784 1018 2834 majorem
1035 2781 1156 2820 habet
1183 2789 1222 2820 et
1249 2783 1451 2834 gravitatis
1475 2791 1514 2821 et
1533 2785 1757 2824 festivitatis
1777 2788 1910 2825 notio-

401 2865 507 2900 nem,
535 2863 655 2903 quam
669 2851 859 2902 scriptura
875 2851 1126 2888 summittere.
1158 2850 1266 2900 Virg.
1277 2851 1376 2888 Aen.
1390 2852 1430 2900 8,
1446 2850 1541 2892 502.
1571 2852 1696 2889 Nulli
1708 2852 1786 2903 fas
1803 2853 1910 2890 Italo

404 2925 557 2957 tantam
575 2916 810 2970 subjungere
829 2926 998 2970 gentem.
1038 2917 1105 2956 Sic
1124 2915 1286 2955 Phariis
1300 2916 1535 2969 subjungere
1556 2920 1689 2970 regnis
1707 2921 1750 2958 in
1771 2921 1909 2959 incerti
