2054 3268
415 255 470 297 54
551 259 914 298 COMMENTARII
940 262 994 298 IN
1017 261 1232 300 HORATII
1261 262 1430 300 EPIST.
1458 264 1597 302 PRIM.
1625 266 1723 303 LIB.
1740 266 1782 319 vI.

414 368 585 406 schichte
604 370 674 406 der
688 369 876 408 Arzneik.
899 372 930 408 I.
947 385 988 422 p.
1009 373 1099 412 117.
1113 372 1204 412 156.
1220 371 1331 419 164.,
1358 373 1547 424 Biittigeri
1561 374 1677 411 Ideen
1686 388 1758 412 zur
1767 375 1922 412 Kanat-

413 435 575 486 mythol.
601 436 1036 490 1.Curs.p.68.sqq.et
1051 451 1148 490 quos
1159 438 1294 475 laudat
1304 439 1519 476 Dissen.ad
1529 441 1621 478 Tib.
1641 444 1674 490 1,
1694 441 1734 490 5,
1751 440 1848 494 12),
1865 442 1922 480 ita

412 517 523 542 voees
546 504 587 542 h.
602 506 630 542 l.
648 505 906 554 intelligimus
929 512 1065 543 cantus
1085 507 1150 543 vel
1170 507 1276 543 vocis
1299 505 1509 555 humanae,
1533 508 1599 545 vel
1619 509 1806 545 tibiarum
1827 522 1921 546 ner-

412 584 630 623 vorumque
651 569 794 621 (Epist.
821 571 858 618 1,
878 573 918 620 2,
937 572 1005 612 23.
1049 573 1099 609 A.
1119 574 1166 610 P.
1187 573 1283 612 216.
1319 574 1426 623 Virg.
1452 573 1529 610 cir.
1553 575 1646 614 107.
1690 574 1802 612 Ovid.
1826 576 1920 617 Met,

415 640 453 687 1,
476 638 572 678 338.
628 638 709 674 Cic.
733 635 781 673 de
805 638 938 674 Divin.
963 639 999 686 1,
1018 639 1085 686 36,
1105 638 1173 679 80.
1229 639 1366 675 Manil.
1389 637 1428 686 4,
1451 637 1543 679 526.
1564 653 1651 692 sqq.
1667 641 1750 692 al.),
1778 642 1920 693 quibus

411 705 473 741 illi
490 705 648 742 morbos
670 703 891 741 demulcere
912 711 951 741 et
974 704 1171 756 depellere
1189 704 1411 753 studebant,
1430 706 1535 757 quod
1558 708 1750 758 imprimis
1767 706 1920 759 Pytha-

411 784 526 822 goras
554 777 592 807 et
620 768 771 808 Thales
798 771 938 809 fecisse
963 772 1164 820 feruntur,
1194 770 1276 808 vid.
1296 772 1502 822 Sprengel.
1523 772 1620 810 ibid.
1643 787 1684 825 p.
1706 772 1803 814 304.
1823 773 1918 815 358.

410 841 462 877 11.
483 853 524 890 p.
540 838 608 880 24.
638 838 828 885 Bottiger.
842 837 871 874 l.
889 838 919 875 l.
933 851 974 888 p.
994 839 1061 885 71,
1083 839 1149 878 72.
1174 837 1310 876 Barth.
1329 837 1380 875 ad
1399 839 1537 876 Claud.
1557 840 1650 877 bell.
1670 839 1775 877 Gild.
1794 842 1919 891 praef.

410 906 467 946 20
486 913 525 942 et
549 918 647 957 quos
666 903 802 943 laudat
819 918 860 956 p.
881 902 990 952 364„
1021 905 1071 941 cf.
1088 903 1243 942 Stuckii
1263 905 1407 956 Antiq.
1431 905 1591 943 Οοηνίν.
1613 907 1653 954 3,
1675 908 1743 947 20.
1761 920 1802 957 p.
1823 906 1918 947 597.

409 974 437 1011 J
440 999 450 1009 .
463 973 511 1009 G.
526 973 744 1009 Purmanni
762 971 906 1022 Antiq.
928 972 1124 1008 Musicae.
1154 970 1263 1008 Frkf.
1285 971 1335 1008 ad
1352 973 1481 1009 Moeu.
1502 973 1622 1013 1776.
1640 987 1680 1024 p.
1702 975 1742 1013 6.
1770 974 1919 1024 Spren-

412 1040 491 1090 gel.
510 1038 558 1076 de
577 1040 759 1075 Musicae
776 1039 874 1075 artis
892 1051 982 1074 cum
998 1038 1191 1075 medicina
1207 1037 1410 1076 connubio.
1470 1039 1560 1075 Hal.
1583 1039 1704 1080 1800.
1760 1041 1825 1078 Fr.
1845 1042 1918 1079 Ja-

410 1106 518 1143 cobs.
552 1106 597 1143 V
589 1118 680 1145 erm.
708 1104 872 1155 Solu-fi.
895 1106 964 1141 ΠΙ.
987 1106 1024 1144 1.
1047 1117 1088 1155 p.
1110 1104 1206 1144 269.
1237 1111 1276 1141 et
1299 1117 1397 1156 quos
1426 1106 1523 1142 olim
1548 1107 1727 1156 congessi
1748 1107 1856 1145 locos
1876 1121 1917 1159 p.

410 1170 478 1212 34.
496 1172 689 1222 imprimis
714 1172 885 1209 Macrob.
912 1172 955 1208 in
979 1170 1116 1207 Somn.
1145 1171 1252 1221 scip.
1278 1172 1324 1218 2,
1351 1170 1392 1209 3.
1429 1170 1541 1216 Quod
1558 1173 1592 1209 si
1612 1174 1680 1210 Vir
1694 1174 1762 1210 ille
1781 1173 1918 1212 doctus

410 1239 452 1275 in
463 1239 571 1289 Lips.
590 1240 691 1275 L.Z.
704 1239 732 1275 l.
744 1239 772 1275 l.
791 1239 1017 1285 Horatium,
1042 1238 1075 1274 si
1085 1238 1278 1274 musicam
1293 1238 1572 1287 intellexisset,
1594 1237 1789 1277 dicturum
1797 1241 1919 1278 fuisse

410 1305 562 1350 modos,
581 1318 659 1342 non
674 1319 784 1343 voces
799 1305 979 1352 affirmat,
1001 1310 1277 1353 argumentum
1292 1303 1368 1342 hoc
1387 1318 1481 1342 sane
1496 1306 1584 1342 leve
1605 1305 1787 1344 dixerim.
1840 1309 1920 1346 Ve-

411 1384 499 1409 rum
521 1371 681 1423 quidem
700 1379 776 1420 est,
799 1371 906 1424 quod
924 1371 1031 1409 idem
1053 1378 1204 1419 censet,
1229 1372 1349 1407 etiam
1367 1372 1576 1408 Platonem
1599 1373 1641 1409 in
1657 1371 1866 1411 Charmide
1885 1387 1919 1412 c.

411 1439 451 1478 9.
473 1452 513 1490 p.
535 1439 602 1478 67.
625 1438 687 1476 ed.
712 1438 855 1476 Heind.
891 1433 1209 1492 (Θεραπεύεσθαι
1229 1436 1271 1477 δὲ
1297 1435 1370 1490 τήν
1397 1435 1532 1490 ψυχήν
1559 1437 1658 1491 ἔφη,
1690 1434 1725 1479 αἶ
1740 1435 1920 1491 μακάριε,

411 1503 583 1558 ἐπῳδαῖς
609 1517 686 1545 τισι
709 1502 780 1553 τὰς
805 1501 838 1545 δ’
865 1502 1021 1559 ἐπῳδὰς
1053 1501 1197 1552 ταύτας
1218 1501 1313 1552 τούς
1340 1500 1479 1557 λόγους
1509 1501 1611 1544 εἶναι
1636 1502 1730 1553 τούς
1756 1495 1920 1559 καλούς)

412 1584 532 1623 quem
550 1573 682 1609 locum
702 1573 877 1622 apprime
895 1571 1073 1609 laudavit
1094 1570 1333 1620 Schmidius,
1353 1567 1507 1626 ἐπῳδάς
1524 1572 1822 1623 interpretatum
1835 1587 1920 1611 esse

413 1635 579 1690 λόγους,
614 1638 685 1676 sed
703 1645 742 1674 et
766 1636 843 1675 hoc
869 1651 920 1674 ne
938 1637 1166 1676 adversatur
1192 1637 1353 1690 quidem
1373 1644 1550 1685 nostrae,
1589 1650 1708 1689 quam
1729 1639 1777 1676 de
1801 1653 1921 1678 voca-

411 1703 503 1742 bulo
525 1717 636 1741 voees
654 1705 739 1741 ausi
756 1717 912 1752 sumus,
946 1705 1270 1756 interpretationi.
1325 1705 1461 1754 Neque
1481 1705 1586 1740 enim
1607 1707 1817 1757 quisquam
1836 1709 1921 1746 Ho-

414 1772 557 1808 ratium
572 1770 679 1808 hunc
707 1773 841 1809 locum
859 1773 1037 1810 Platonis
1066 1773 1286 1823 exprimere
1312 1769 1362 1806 ad
1390 1771 1554 1807 verbum
1575 1773 1746 1810 voluisse
1770 1781 1808 1811 et
1839 1788 1920 1812 uno

412 1836 632 1890 eodemque
653 1839 735 1875 fere
756 1845 892 1876 tenore
914 1839 1069 1889 proprie
1093 1845 1131 1875 et
1155 1839 1365 1889 improprie
1387 1838 1564 1874 locutum
1588 1850 1675 1877 esse
1699 1840 1920 1878 affirmabit.

409 1901 615 1943 Praeterea
635 1907 801 1954 Poetae,
828 1918 951 1957 quum
976 1918 999 1942 a
1022 1906 1176 1955 vulgari
1195 1905 1376 1942 vocabuli
1395 1903 1512 1941 verba
1534 1906 1816 1955 significatione
1837 1906 1920 1944 dis-

412 1972 612 2019 cessisset,
639 1973 759 2009 etiam
783 1984 870 2010 voc.
901 1985 1011 2009 voces
1028 1973 1070 2009 in
1090 1974 1167 2010 alio
1196 1985 1240 2008 ac
1258 1972 1488 2022 pervulgato
1513 1979 1631 2023 atque
1654 1986 1728 2010 usu
1747 1974 1840 2010 trito
1863 1974 1920 2010 si-

410 2038 596 2088 gnificatu
615 2039 727 2076 licuit
744 2040 817 2076 uti.
873 2041 926 2076 At
941 2038 1048 2076 idem
1058 2040 1172 2076 Plato
1191 2038 1285 2077 odas
1306 2040 1388 2076 sive
1407 2045 1542 2075 cantus
1562 2052 1652 2076 cum
1671 2041 1766 2090 ipsis
1782 2041 1922 2076 incan-

409 2106 623 2143 tationibus
647 2104 721 2157 (de
741 2107 864 2156 Legg.
876 2107 915 2146 2.
934 2120 974 2157 p.
995 2106 1089 2146 659.
1118 2107 1222 2143 C.D.
1239 2120 1279 2157 p.
1299 2106 1395 2147 791.
1414 2104 1475 2142 ed.
1494 2103 1604 2142 Frkf.
1623 2103 1775 2146 τούτων
1793 2105 1920 2158 ἕνεκα,

412 2167 462 2219 ἃς
487 2167 593 2227 936&-
613 2175 834 2224 καλοῦμεν,
864 2168 984 2219 ὄντως
1009 2170 1080 2224 μὲν
1103 2170 1252 2226 ἐπῳδαὶ
1279 2175 1364 2218 ταῖς
1390 2176 1539 2223 ψυχαῖς
1567 2165 1683 2212 αὗται
1706 2172 1784 2213 νῦν
1810 2188 1922 2227 γεγο-

412 2236 523 2277 νέναι
546 2238 639 2290 etc.)
672 2246 885 2291 comparat.
942 2240 1036 2277 Jam
1065 2240 1098 2276 si
1127 2240 1214 2276 loco
1246 2239 1460 2276 Horatiano
1489 2237 1704 2278 detraxeris
1736 2241 1920 2291 imaginis

410 2305 566 2353 lusum,
600 2307 723 2344 Poeta
751 2304 878 2342 verbis
905 2312 944 2342 et
971 2305 1129 2343 vocibus
1151 2307 1315 2343 fortasse
1336 2304 1388 2342 ad
1406 2304 1481 2343 hoc
1501 2305 1608 2343 idem
1628 2305 1826 2357 putandus
1849 2307 1922 2343 erit

412 2374 653 2423 respexisse,
689 2371 796 2424 quod
815 2373 929 2410 Plato
957 2374 1104 2426 aliique
1125 2370 1353 2424 philosophi
1378 2371 1426 2409 de
1455 2373 1496 2408 vi
1522 2375 1690 2410 musices
1722 2372 1921 2410 dixerunt.

410 2439 468 2476 Ob
487 2453 652 2491 eamque
675 2453 834 2478 causam
848 2438 1092 2491 Pythagoras
1111 2438 1406 2490 philosophiam
1420 2435 1494 2489 τήν
1511 2440 1695 2491 μεγίστην
1711 2436 1921 2492 μουσικήν,

411 2507 504 2556 quia
537 2514 625 2558 apte
657 2514 908 2558 componeret
941 2518 1070 2544 mores
1110 2512 1150 2542 et
1183 2506 1352 2542 efficeret
1387 2502 1460 2556 τήν
1493 2502 1630 2556 ψυχήν
1659 2503 1734 2558 τήν
1759 2502 1924 2559 ἀρίστην

411 2567 619 2624 ἁρμονίαν,
646 2581 802 2612 auctore
818 2575 957 2612 Proclo
974 2574 1018 2611 in
1036 2573 1155 2610 Polit.
1171 2574 1274 2609 Plat.
1294 2586 1335 2624 p.
1352 2571 1447 2612 364.
1473 2572 1699 2622 appellavit.
1755 2574 1822 2612 Sic
1838 2575 1922 2624 Py-

412 2637 616 2690 thagoras,
642 2647 741 2679 teste
763 2642 911 2679 Seneca
931 2639 998 2692 (de
1015 2641 1076 2677 Ira
1093 2640 1140 2687 3,
1171 2640 1211 2678 9.
1237 2640 1288 2676 cf.
1311 2640 1464 2676 Aelian.
1484 2641 1530 2677 V.
1552 2640 1602 2675 H.
1625 2637 1687 2687 14,
1706 2641 1775 2680 23.
1817 2641 1921 2678 Cen-

412 2707 533 2743 sorin.
557 2708 605 2743 N.
627 2707 676 2743 D.
701 2709 765 2755 12,
785 2706 843 2758 4.)
870 2707 1181 2758 perturbationes
1200 2707 1322 2743 animi
1336 2707 1421 2757 lyra
1443 2718 1676 2756 componere
1691 2707 1829 2744 solitus
1850 2713 1922 2753 est,

414 2779 532 2824 atque
551 2774 709 2810 omnino
728 2782 836 2811 vates
858 2781 897 2811 et
919 2773 1140 2811 citharistae
1160 2773 1440 2824 antiquissimis
1458 2773 1698 2822 temporibus
1713 2785 1793 2810 non
1801 2771 1922 2810 modo

413 2840 593 2886 musices,
618 2839 687 2877 sed
705 2853 859 2878 morum
877 2844 996 2878 etiam
1012 2841 1191 2891 magistri
1211 2841 1382 2877 fuerunt.
1414 2838 1503 2877 vid.
1530 2840 1709 2876 Siebelis.
1727 2838 1922 2876 inMatth.

414 2907 525 2944 Misc.
547 2904 649 2957 phil.
670 2908 731 2954 ΙΙ,
759 2907 795 2946 1.
818 2920 858 2957 p.
882 2907 1082 2956 87—89.,
1111 2907 1230 2945 Orell.
1258 2905 1308 2943 ad
1323 2907 1465 2957 Opusc.
1486 2906 1620 2944 Graec.
1639 2912 1734 2944 vett.
1753 2912 1922 2944 sentent.
