<?xml version="1.0" encoding="UTF-8"?>
<!DOCTYPE html PUBLIC "-//W3C//DTD XHTML 1.0 Transitional//EN"
    "http://www.w3.org/TR/xhtml1/DTD/xhtml1-transitional.dtd">
<html xmlns="http://www.w3.org/1999/xhtml" xml:lang="en" lang="en">
 <head>
  <title>
</title>
<meta http-equiv="Content-Type" content="text/html;charset=utf-8" />
  <meta name='ocr-system' content='tesseract 3.04.00' />
  <meta name='ocr-capabilities' content='ocr_page ocr_carea ocr_par ocr_line ocrx_word'/>
</head>
<body>
  <div class='ocr_page' id='page_1' title='image "./epistolascomment01horauoft_0208.png"; bbox 0 0 2028 3268; ppageno 0'>
   <div class='ocr_carea' id='block_1_1' title="bbox 379 248 1892 296">
    <p class='ocr_par' dir='ltr' id='par_1_1' title="bbox 379 248 1892 296">
     <span class='ocr_line' id='line_1_1' title="bbox 379 248 1892 296; baseline 0.004 -7"><span class='ocrx_word' id='word_1_1' title='bbox 379 248 460 289; x_wconf 79' lang='grc'><strong>182</strong></span> <span class='ocrx_word' id='word_1_2' title='bbox 490 253 851 292; x_wconf 88' lang='lat' dir='ltr'><strong>COMMENTARII</strong></span> <span class='ocrx_word' id='word_1_3' title='bbox 878 256 930 291; x_wconf 92' lang='lat' dir='ltr'><strong>IN</strong></span> <span class='ocrx_word' id='word_1_4' title='bbox 955 253 1170 290; x_wconf 89' lang='lat' dir='ltr'><strong>HORATII</strong></span> <span class='ocrx_word' id='word_1_5' title='bbox 1194 252 1361 291; x_wconf 87' lang='lat' dir='ltr'><strong>EPIST.</strong></span> <span class='ocrx_word' id='word_1_6' title='bbox 1382 252 1599 292; x_wconf 79' lang='lat' dir='ltr'><strong>SECUND.</strong></span> <span class='ocrx_word' id='word_1_7' title='bbox 1627 256 1726 292; x_wconf 88' lang='lat' dir='ltr'><strong>LIB.</strong></span> <span class='ocrx_word' id='word_1_8' title='bbox 1749 256 1781 293; x_wconf 92' lang='lat'><strong>1.</strong></span> <span class='ocrx_word' id='word_1_9' title='bbox 1838 257 1892 296; x_wconf 92' lang='grc'><strong>76</strong></span> 
     </span>
    </p>
   </div>
   <div class='ocr_carea' id='block_1_2' title="bbox 373 363 1900 2957">
    <p class='ocr_par' dir='ltr' id='par_1_2' title="bbox 377 363 1892 481">
     <span class='ocr_line' id='line_1_2' title="bbox 377 363 1892 419; baseline 0.003 -20"><span class='ocrx_word' id='word_1_10' title='bbox 377 363 549 414; x_wconf 83' lang='lat' dir='ltr'>imagine</span> <span class='ocrx_word' id='word_1_11' title='bbox 573 364 768 416; x_wconf 84' lang='lat' dir='ltr'><strong>expressit</strong></span> <span class='ocrx_word' id='word_1_12' title='bbox 791 364 914 401; x_wconf 88' lang='lat' dir='ltr'><strong>Vaen.</strong></span> <span class='ocrx_word' id='word_1_13' title='bbox 932 363 974 399; x_wconf 89' lang='lat' dir='ltr'><strong>iu</strong></span> <span class='ocrx_word' id='word_1_14' title='bbox 993 363 1189 401; x_wconf 86' lang='lat' dir='ltr'><strong>Emblem.</strong></span> <span class='ocrx_word' id='word_1_15' title='bbox 1210 365 1345 401; x_wconf 83' lang='lat' dir='ltr'><strong>Horat.</strong></span> <span class='ocrx_word' id='word_1_16' title='bbox 1365 377 1406 415; x_wconf 99' lang='grc' dir='ltr'><strong>Ρ.</strong></span> <span class='ocrx_word' id='word_1_17' title='bbox 1431 364 1512 414; x_wconf 87' lang='grc'><strong>88.,</strong></span> <span class='ocrx_word' id='word_1_18' title='bbox 1539 366 1581 403; x_wconf 89' lang='lat' dir='ltr'><strong>in</strong></span> <span class='ocrx_word' id='word_1_19' title='bbox 1605 378 1684 419; x_wconf 84' lang='lat' dir='ltr'><strong>qua</strong></span> <span class='ocrx_word' id='word_1_20' title='bbox 1699 380 1746 405; x_wconf 76' lang='lat' dir='ltr'><strong>re</strong></span> <span class='ocrx_word' id='word_1_21' title='bbox 1760 365 1892 404; x_wconf 87' lang='lat' dir='ltr'><strong>nescio</strong></span> 
     </span>
     <span class='ocr_line' id='line_1_3' title="bbox 377 429 1247 481; baseline 0.001 -15"><span class='ocrx_word' id='word_1_22' title='bbox 377 431 554 481; x_wconf 81' lang='lat' dir='ltr'><strong>magisne</strong></span> <span class='ocrx_word' id='word_1_23' title='bbox 574 429 854 481; x_wconf 78' lang='lat' dir='ltr'><strong>vituperandus</strong></span> <span class='ocrx_word' id='word_1_24' title='bbox 875 443 925 466; x_wconf 87' lang='lat' dir='ltr'><strong>an</strong></span> <span class='ocrx_word' id='word_1_25' title='bbox 942 429 1163 468; x_wconf 88' lang='lat' dir='ltr'><strong>laudandus</strong></span> <span class='ocrx_word' id='word_1_26' title='bbox 1186 431 1247 469; x_wconf 83' lang='lat' dir='ltr'><strong>sit.</strong></span> 
     </span>
    </p>

    <p class='ocr_par' dir='ltr' id='par_1_3' title="bbox 373 495 1900 2957">
     <span class='ocr_line' id='line_1_4' title="bbox 488 495 1895 551; baseline 0.003 -18"><span class='ocrx_word' id='word_1_27' title='bbox 488 499 536 536; x_wconf 93' lang='lat' dir='ltr'><strong>V.</strong></span> <span class='ocrx_word' id='word_1_28' title='bbox 560 496 627 537; x_wconf 85' lang='lat'><strong>59.</strong></span> <span class='ocrx_word' id='word_1_29' title='bbox 659 497 726 536; x_wconf 88' lang='grc'><strong>60.</strong></span> <span class='ocrx_word' id='word_1_30' title='bbox 758 496 840 544; x_wconf 77' lang='lat' dir='ltr'><strong>Qui</strong></span> <span class='ocrx_word' id='word_1_31' title='bbox 866 510 1016 534; x_wconf 86' lang='lat' dir='ltr'><strong>non—</strong></span> <span class='ocrx_word' id='word_1_32' title='bbox 1034 504 1070 534; x_wconf 87' lang='lat' dir='ltr'><strong>et</strong></span> <span class='ocrx_word' id='word_1_33' title='bbox 1095 511 1217 534; x_wconf 76' lang='lat' dir='ltr'><strong>mens.</strong></span> <span class='ocrx_word' id='word_1_34' title='bbox 1251 495 1458 534; x_wconf 83' lang='lat' dir='ltr'><strong>Moderab.</strong></span> <span class='ocrx_word' id='word_1_35' title='bbox 1485 499 1581 548; x_wconf 86' lang='lat' dir='ltr'><strong>irae,</strong></span> <span class='ocrx_word' id='word_1_36' title='bbox 1613 505 1828 551; x_wconf 76' lang='lat' dir='ltr'><strong>qnatenus,</strong></span> <span class='ocrx_word' id='word_1_37' title='bbox 1849 505 1895 536; x_wconf 87' lang='lat' dir='ltr'><strong>ut</strong></span> 
     </span>
     <span class='ocr_line' id='line_1_5' title="bbox 378 563 1894 617; baseline 0.002 -18"><span class='ocrx_word' id='word_1_38' title='bbox 378 563 432 599; x_wconf 90' lang='lat' dir='ltr'><strong>ait</strong></span> <span class='ocrx_word' id='word_1_39' title='bbox 451 564 573 601; x_wconf 66' lang='lat' dir='ltr'><strong>Poeta</strong></span> <span class='ocrx_word' id='word_1_40' title='bbox 599 563 679 599; x_wconf 81' lang='lat' dir='ltr'><strong>Sat.</strong></span> <span class='ocrx_word' id='word_1_41' title='bbox 710 563 748 610; x_wconf 89' lang='lat'><strong>1,</strong></span> <span class='ocrx_word' id='word_1_42' title='bbox 773 563 812 611; x_wconf 88' lang='lat'><strong>3,</strong></span> <span class='ocrx_word' id='word_1_43' title='bbox 837 563 919 612; x_wconf 69' lang='lat'><strong>76„</strong></span> <span class='ocrx_word' id='word_1_44' title='bbox 949 564 1074 601; x_wconf 81' lang='lat' dir='ltr'><strong>excidi</strong></span> <span class='ocrx_word' id='word_1_45' title='bbox 1084 565 1246 613; x_wconf 78' lang='lat' dir='ltr'><strong>penitus</strong></span> <span class='ocrx_word' id='word_1_46' title='bbox 1264 565 1404 601; x_wconf 71' lang='lat' dir='ltr'><strong>vitium</strong></span> <span class='ocrx_word' id='word_1_47' title='bbox 1434 566 1514 602; x_wconf 83' lang='lat' dir='ltr'><strong>irae</strong></span> <span class='ocrx_word' id='word_1_48' title='bbox 1535 568 1682 617; x_wconf 77' lang='lat' dir='ltr'><strong>nequit.</strong></span> <span class='ocrx_word' id='word_1_49' title='bbox 1741 568 1787 603; x_wconf 87' lang='lat' dir='ltr'><strong>In</strong></span> <span class='ocrx_word' id='word_1_50' title='bbox 1806 578 1894 602; x_wconf 88' lang='lat' dir='ltr'><strong>ma-</strong></span> 
     </span>
     <span class='ocr_line' id='line_1_6' title="bbox 377 629 1895 683; baseline 0.003 -18"><span class='ocrx_word' id='word_1_51' title='bbox 377 630 497 666; x_wconf 84' lang='lat' dir='ltr'><strong>ximis</strong></span> <span class='ocrx_word' id='word_1_52' title='bbox 530 631 630 666; x_wconf 85' lang='lat' dir='ltr'><strong>iram</strong></span> <span class='ocrx_word' id='word_1_53' title='bbox 657 629 768 680; x_wconf 89' lang='lat' dir='ltr'><strong>ponit</strong></span> <span class='ocrx_word' id='word_1_54' title='bbox 794 631 911 668; x_wconf 83' lang='lat' dir='ltr'><strong>malis</strong></span> <span class='ocrx_word' id='word_1_55' title='bbox 941 632 1066 682; x_wconf 84' lang='lat' dir='ltr'><strong>Epist.</strong></span> <span class='ocrx_word' id='word_1_56' title='bbox 1094 632 1132 680; x_wconf 93' lang='lat'><strong>2,</strong></span> <span class='ocrx_word' id='word_1_57' title='bbox 1172 633 1212 678; x_wconf 91' lang='lat'><strong>2,</strong></span> <span class='ocrx_word' id='word_1_58' title='bbox 1246 631 1343 670; x_wconf 88' lang='lat'><strong>207.</strong></span> <span class='ocrx_word' id='word_1_59' title='bbox 1400 630 1452 668; x_wconf 88' lang='lat' dir='ltr'><strong>Se</strong></span> <span class='ocrx_word' id='word_1_60' title='bbox 1481 632 1612 683; x_wconf 84' lang='lat' dir='ltr'><strong>ipsum</strong></span> <span class='ocrx_word' id='word_1_61' title='bbox 1642 639 1776 670; x_wconf 84' lang='lat' dir='ltr'><strong>tamen</strong></span> <span class='ocrx_word' id='word_1_62' title='bbox 1801 632 1895 670; x_wconf 84' lang='lat' dir='ltr'><strong>dicit</strong></span> 
     </span>
     <span class='ocr_line' id='line_1_7' title="bbox 379 695 1896 747; baseline 0.003 -16"><span class='ocrx_word' id='word_1_63' title='bbox 379 696 506 732; x_wconf 78' lang='lat' dir='ltr'><strong>Irasci</strong></span> <span class='ocrx_word' id='word_1_64' title='bbox 525 695 686 732; x_wconf 87' lang='lat' dir='ltr'><strong>celerem</strong></span> <span class='ocrx_word' id='word_1_65' title='bbox 705 697 832 747; x_wconf 85' lang='lat' dir='ltr'><strong>Epist.</strong></span> <span class='ocrx_word' id='word_1_66' title='bbox 855 698 924 746; x_wconf 84' lang='lat'><strong>20,</strong></span> <span class='ocrx_word' id='word_1_67' title='bbox 947 698 1015 738; x_wconf 83' lang='lat'><strong>25.</strong></span> <span class='ocrx_word' id='word_1_68' title='bbox 1044 698 1125 735; x_wconf 83' lang='lat' dir='ltr'><strong>cic.</strong></span> <span class='ocrx_word' id='word_1_69' title='bbox 1145 696 1194 734; x_wconf 76' lang='lat' dir='ltr'><strong>acl</strong></span> <span class='ocrx_word' id='word_1_70' title='bbox 1215 698 1259 744; x_wconf 83' lang='lat' dir='ltr'><strong>Q.</strong></span> <span class='ocrx_word' id='word_1_71' title='bbox 1281 698 1345 734; x_wconf 82' lang='lat' dir='ltr'><strong>Fr.</strong></span> <span class='ocrx_word' id='word_1_72' title='bbox 1371 698 1407 746; x_wconf 92' lang='grc'>1,</span> <span class='ocrx_word' id='word_1_73' title='bbox 1430 699 1466 745; x_wconf 93' lang='grc'>1,</span> <span class='ocrx_word' id='word_1_74' title='bbox 1487 699 1552 739; x_wconf 86' lang='grc'><strong>13.</strong></span> <span class='ocrx_word' id='word_1_75' title='bbox 1581 699 1788 736; x_wconf 74' lang='grc' dir='ltr'><em>Μοιίενανὴ</em></span> <span class='ocrx_word' id='word_1_76' title='bbox 1806 712 1896 736; x_wconf 73' lang='lat' dir='ltr'><strong>vero</strong></span> 
     </span>
     <span class='ocr_line' id='line_1_8' title="bbox 378 757 1897 816; baseline 0.003 -19"><span class='ocrx_word' id='word_1_77' title='bbox 378 769 414 798; x_wconf 81' lang='lat' dir='ltr'><strong>et</strong></span> <span class='ocrx_word' id='word_1_78' title='bbox 439 762 571 798; x_wconf 80' lang='lat' dir='ltr'><strong>animo</strong></span> <span class='ocrx_word' id='word_1_79' title='bbox 601 769 639 798; x_wconf 85' lang='lat' dir='ltr'><strong>et</strong></span> <span class='ocrx_word' id='word_1_80' title='bbox 668 757 852 809; x_wconf 70' lang='lat' dir='ltr'><strong>orationi,</strong></span> <span class='ocrx_word' id='word_1_81' title='bbox 881 777 1004 815; x_wconf 74' lang='lat' dir='ltr'><strong>quum</strong></span> <span class='ocrx_word' id='word_1_82' title='bbox 1031 766 1086 801; x_wconf 77' lang='lat' dir='ltr'><strong>sis</strong></span> <span class='ocrx_word' id='word_1_83' title='bbox 1103 765 1246 809; x_wconf 76' lang='lat' dir='ltr'><strong>iratas,</strong></span> <span class='ocrx_word' id='word_1_84' title='bbox 1273 771 1345 802; x_wconf 80' lang='lat' dir='ltr'><strong>ant</strong></span> <span class='ocrx_word' id='word_1_85' title='bbox 1363 765 1480 801; x_wconf 74' lang='lat' dir='ltr'><strong>etiam</strong></span> <span class='ocrx_word' id='word_1_86' title='bbox 1489 765 1632 816; x_wconf 83' lang='lat' dir='ltr'><strong>facere</strong></span> <span class='ocrx_word' id='word_1_87' title='bbox 1655 772 1693 803; x_wconf 77' lang='lat' dir='ltr'><strong>et</strong></span> <span class='ocrx_word' id='word_1_88' title='bbox 1709 772 1835 802; x_wconf 82' lang='lat' dir='ltr'><strong>tenere</strong></span> <span class='ocrx_word' id='word_1_89' title='bbox 1853 767 1897 803; x_wconf 81' lang='lat' dir='ltr'><strong>in</strong></span> 
     </span>
     <span class='ocr_line' id='line_1_9' title="bbox 377 830 1896 883; baseline 0.003 -19"><span class='ocrx_word' id='word_1_90' title='bbox 377 841 451 864; x_wconf 81' lang='lat' dir='ltr'><strong>sua</strong></span> <span class='ocrx_word' id='word_1_91' title='bbox 471 835 666 877; x_wconf 72' lang='lat' dir='ltr'><strong>potestate</strong></span> <span class='ocrx_word' id='word_1_92' title='bbox 692 837 840 867; x_wconf 85' lang='lat' dir='ltr'><strong>motum</strong></span> <span class='ocrx_word' id='word_1_93' title='bbox 861 833 1040 868; x_wconf 79' lang='lat' dir='ltr'><strong>animum</strong></span> <span class='ocrx_word' id='word_1_94' title='bbox 1067 838 1104 868; x_wconf 83' lang='lat' dir='ltr'><strong>et</strong></span> <span class='ocrx_word' id='word_1_95' title='bbox 1131 830 1320 876; x_wconf 83' lang='lat' dir='ltr'><strong>dolorem,</strong></span> <span class='ocrx_word' id='word_1_96' title='bbox 1349 833 1421 868; x_wconf 79' lang='lat' dir='ltr'><strong>etsi</strong></span> <span class='ocrx_word' id='word_1_97' title='bbox 1447 846 1526 870; x_wconf 91' lang='lat' dir='ltr'><strong>non</strong></span> <span class='ocrx_word' id='word_1_98' title='bbox 1546 839 1600 870; x_wconf 81' lang='lat' dir='ltr'><strong>est</strong></span> <span class='ocrx_word' id='word_1_99' title='bbox 1611 832 1810 883; x_wconf 75' lang='lat' dir='ltr'><em>perfectae</em></span> <span class='ocrx_word' id='word_1_100' title='bbox 1828 845 1896 869; x_wconf 80' lang='lat' dir='ltr'><strong>sa-</strong></span> 
     </span>
     <span class='ocr_line' id='line_1_10' title="bbox 373 895 1897 949; baseline 0.005 -20"><span class='ocrx_word' id='word_1_101' title='bbox 373 895 564 944; x_wconf 81' lang='lat' dir='ltr'><em>pientiae,</em></span> <span class='ocrx_word' id='word_1_102' title='bbox 595 901 724 932; x_wconf 81' lang='lat' dir='ltr'><strong>tamen</strong></span> <span class='ocrx_word' id='word_1_103' title='bbox 762 904 819 934; x_wconf 72' lang='lat' dir='ltr'><strong>est</strong></span> <span class='ocrx_word' id='word_1_104' title='bbox 843 898 1046 936; x_wconf 70' lang='lat' dir='ltr'><strong>mediocris</strong></span> <span class='ocrx_word' id='word_1_105' title='bbox 1075 899 1235 949; x_wconf 83' lang='lat' dir='ltr'><strong>ingenii.</strong></span> <span class='ocrx_word' id='word_1_106' title='bbox 1292 899 1351 935; x_wconf 86' lang='lat' dir='ltr'><strong>De</strong></span> <span class='ocrx_word' id='word_1_107' title='bbox 1369 899 1427 935; x_wconf 89' lang='lat' dir='ltr'><strong>ira</strong></span> <span class='ocrx_word' id='word_1_108' title='bbox 1446 912 1528 937; x_wconf 88' lang='lat' dir='ltr'><strong>non</strong></span> <span class='ocrx_word' id='word_1_109' title='bbox 1551 897 1797 946; x_wconf 80' lang='lat' dir='ltr'><strong>eradicanda,</strong></span> <span class='ocrx_word' id='word_1_110' title='bbox 1827 898 1897 936; x_wconf 84' lang='lat' dir='ltr'><strong>sed</strong></span> 
     </span>
     <span class='ocr_line' id='line_1_11' title="bbox 377 960 1896 1017; baseline 0.003 -20"><span class='ocrx_word' id='word_1_111' title='bbox 377 960 620 999; x_wconf 86' lang='lat' dir='ltr'><strong>moderanda</strong></span> <span class='ocrx_word' id='word_1_112' title='bbox 648 964 796 1014; x_wconf 88' lang='lat' dir='ltr'><strong>optime</strong></span> <span class='ocrx_word' id='word_1_113' title='bbox 826 963 981 1002; x_wconf 85' lang='lat' dir='ltr'><strong>disserit</strong></span> <span class='ocrx_word' id='word_1_114' title='bbox 1007 967 1184 1002; x_wconf 83' lang='lat' dir='ltr'><strong>Muretus</strong></span> <span class='ocrx_word' id='word_1_115' title='bbox 1202 965 1243 1001; x_wconf 87' lang='lat' dir='ltr'><strong>in</strong></span> <span class='ocrx_word' id='word_1_116' title='bbox 1268 965 1367 1016; x_wconf 90' lang='lat' dir='ltr'><strong>Opp.</strong></span> <span class='ocrx_word' id='word_1_117' title='bbox 1390 967 1459 1002; x_wconf 90' lang='lat'><strong>111.</strong></span> <span class='ocrx_word' id='word_1_118' title='bbox 1481 979 1522 1017; x_wconf 91' lang='lat' dir='ltr'><strong>p.</strong></span> <span class='ocrx_word' id='word_1_119' title='bbox 1543 967 1639 1006; x_wconf 88' lang='grc'><strong>818.</strong></span> <span class='ocrx_word' id='word_1_120' title='bbox 1667 965 1718 1002; x_wconf 83' lang='lat' dir='ltr'><strong>cf.</strong></span> <span class='ocrx_word' id='word_1_121' title='bbox 1738 978 1778 1016; x_wconf 90' lang='lat' dir='ltr'><strong>p.</strong></span> <span class='ocrx_word' id='word_1_122' title='bbox 1799 964 1896 1006; x_wconf 83' lang='lat'><strong>317.</strong></span> 
     </span>
     <span class='ocr_line' id='line_1_12' title="bbox 379 1026 1897 1083; baseline 0.004 -19"><span class='ocrx_word' id='word_1_123' title='bbox 379 1026 441 1064; x_wconf 84' lang='lat' dir='ltr'><strong>ed.</strong></span> <span class='ocrx_word' id='word_1_124' title='bbox 459 1026 621 1066; x_wconf 86' lang='lat' dir='ltr'><strong>Ruhnk.</strong></span> <span class='ocrx_word' id='word_1_125' title='bbox 642 1051 697 1056; x_wconf 91' lang='lat'>—</span> <span class='ocrx_word' id='word_1_126' title='bbox 716 1030 908 1081; x_wconf 77' lang='lat' dir='ltr'><strong>infectam</strong></span> <span class='ocrx_word' id='word_1_127' title='bbox 934 1033 1017 1069; x_wconf 86' lang='lat' dir='ltr'><strong>fere</strong></span> <span class='ocrx_word' id='word_1_128' title='bbox 1045 1031 1154 1069; x_wconf 87' lang='lat' dir='ltr'><strong>idem</strong></span> <span class='ocrx_word' id='word_1_129' title='bbox 1182 1030 1289 1083; x_wconf 83' lang='lat' dir='ltr'><strong>quod.</strong></span> <span class='ocrx_word' id='word_1_130' title='bbox 1309 1033 1356 1068; x_wconf 85' lang='lat' dir='ltr'><strong>A.</strong></span> <span class='ocrx_word' id='word_1_131' title='bbox 1375 1034 1420 1069; x_wconf 89' lang='lat' dir='ltr'><strong>P.</strong></span> <span class='ocrx_word' id='word_1_132' title='bbox 1441 1032 1533 1072; x_wconf 86' lang='lat'><strong>168.</strong></span> <span class='ocrx_word' id='word_1_133' title='bbox 1568 1033 1810 1070; x_wconf 63' lang='lat' dir='ltr'><strong>commisisse</strong></span> <span class='ocrx_word' id='word_1_134' title='bbox 1827 1046 1897 1070; x_wconf 85' lang='lat' dir='ltr'><strong>ea-</strong></span> 
     </span>
     <span class='ocr_line' id='line_1_13' title="bbox 378 1095 1898 1151; baseline 0.004 -21"><span class='ocrx_word' id='word_1_135' title='bbox 378 1101 459 1140; x_wconf 73' lang='lat' dir='ltr'><strong>vet,</strong></span> <span class='ocrx_word' id='word_1_136' title='bbox 487 1095 595 1146; x_wconf 81' lang='lat' dir='ltr'><strong>qnod</strong></span> <span class='ocrx_word' id='word_1_137' title='bbox 615 1109 703 1133; x_wconf 87' lang='lat' dir='ltr'><strong>mox</strong></span> <span class='ocrx_word' id='word_1_138' title='bbox 731 1104 884 1134; x_wconf 75' lang='lat' dir='ltr'><strong>matare</strong></span> <span class='ocrx_word' id='word_1_139' title='bbox 914 1098 1076 1144; x_wconf 78' lang='lat' dir='ltr'><strong>laboret.</strong></span> <span class='ocrx_word' id='word_1_140' title='bbox 1109 1101 1168 1136; x_wconf 88' lang='lat' dir='ltr'><strong>Ita</strong></span> <span class='ocrx_word' id='word_1_141' title='bbox 1195 1096 1265 1137; x_wconf 85' lang='lat' dir='ltr'><strong>Od.</strong></span> <span class='ocrx_word' id='word_1_142' title='bbox 1290 1097 1329 1146; x_wconf 87' lang='lat'><strong>3,</strong></span> <span class='ocrx_word' id='word_1_143' title='bbox 1357 1099 1426 1147; x_wconf 89' lang='lat'><strong>29,</strong></span> <span class='ocrx_word' id='word_1_144' title='bbox 1454 1096 1522 1139; x_wconf 84' lang='lat'><strong>47.</strong></span> <span class='ocrx_word' id='word_1_145' title='bbox 1551 1113 1675 1150; x_wconf 83' lang='lat' dir='ltr'><strong>neque</strong></span> <span class='ocrx_word' id='word_1_146' title='bbox 1701 1100 1898 1151; x_wconf 74' lang='lat' dir='ltr'><strong>Dtffi&#39;nget</strong></span> 
     </span>
     <span class='ocr_line' id='line_1_14' title="bbox 377 1162 1898 1219; baseline 0.006 -22"><span class='ocrx_word' id='word_1_147' title='bbox 377 1162 644 1214; x_wconf 75' lang='lat' dir='ltr'><strong>infectamque</strong></span> <span class='ocrx_word' id='word_1_148' title='bbox 662 1163 813 1210; x_wconf 83' lang='lat' dir='ltr'><em>reddet,</em></span> <span class='ocrx_word' id='word_1_149' title='bbox 835 1165 906 1202; x_wconf 86' lang='lat' dir='ltr'><strong>ubi</strong></span> <span class='ocrx_word' id='word_1_150' title='bbox 928 1165 1008 1203; x_wconf 80' lang='lat' dir='ltr'><strong>vid.</strong></span> <span class='ocrx_word' id='word_1_151' title='bbox 1040 1166 1158 1204; x_wconf 89' lang='lat' dir='ltr'><strong>Orell.</strong></span> <span class='ocrx_word' id='word_1_152' title='bbox 1177 1165 1342 1218; x_wconf 87' lang='lat' dir='ltr'><strong>Phocyl.</strong></span> <span class='ocrx_word' id='word_1_153' title='bbox 1366 1167 1433 1208; x_wconf 87' lang='grc'><strong>52.</strong></span> <span class='ocrx_word' id='word_1_154' title='bbox 1463 1162 1547 1206; x_wconf 72' lang='grc' dir='ltr'><strong>Οὔκ</strong></span> <span class='ocrx_word' id='word_1_155' title='bbox 1567 1165 1621 1206; x_wconf 75' lang='grc' dir='ltr'><strong>ἔτι</strong></span> <span class='ocrx_word' id='word_1_156' title='bbox 1637 1163 1711 1219; x_wconf 72' lang='grc' dir='ltr'><strong>γὰρ</strong></span> <span class='ocrx_word' id='word_1_157' title='bbox 1733 1163 1898 1206; x_wconf 84' lang='grc' dir='ltr'><em>δύναται</em></span> 
     </span>
     <span class='ocr_line' id='line_1_15' title="bbox 377 1225 1896 1285; baseline 0.003 -19"><span class='ocrx_word' id='word_1_158' title='bbox 377 1225 420 1267; x_wconf 80' lang='grc' dir='ltr'><strong>τὸ</strong></span> <span class='ocrx_word' id='word_1_159' title='bbox 442 1227 673 1280; x_wconf 81' lang='grc' dir='ltr'><em>τετυγμένον</em></span> <span class='ocrx_word' id='word_1_160' title='bbox 696 1227 798 1270; x_wconf 82' lang='grc' dir='ltr'><strong><em>εἶναι</em></strong></span> <span class='ocrx_word' id='word_1_161' title='bbox 815 1228 1069 1272; x_wconf 60' lang='grc' dir='ltr'><strong>ἅτυκτον.»--</strong></span> <span class='ocrx_word' id='word_1_162' title='bbox 1096 1232 1207 1270; x_wconf 84' lang='lat' dir='ltr'><strong>dolor</strong></span> <span class='ocrx_word' id='word_1_163' title='bbox 1227 1234 1334 1285; x_wconf 83' lang='lat' dir='ltr'><strong>qnod</strong></span> <span class='ocrx_word' id='word_1_164' title='bbox 1351 1255 1405 1262; x_wconf 91' lang='lat'><strong>—-</strong></span> <span class='ocrx_word' id='word_1_165' title='bbox 1423 1240 1459 1270; x_wconf 74' lang='lat' dir='ltr'><strong>et</strong></span> <span class='ocrx_word' id='word_1_166' title='bbox 1482 1246 1603 1270; x_wconf 76' lang='lat' dir='ltr'><strong>mens.</strong></span> <span class='ocrx_word' id='word_1_167' title='bbox 1642 1235 1774 1271; x_wconf 83' lang='lat' dir='ltr'><strong>Minus</strong></span> <span class='ocrx_word' id='word_1_168' title='bbox 1792 1241 1896 1271; x_wconf 86' lang='lat' dir='ltr'><strong>recte</strong></span> 
     </span>
     <span class='ocr_line' id='line_1_16' title="bbox 378 1295 1897 1360; baseline 0.004 -28"><span class='ocrx_word' id='word_1_169' title='bbox 378 1295 427 1332; x_wconf 81' lang='lat' dir='ltr'><strong>G.</strong></span> <span class='ocrx_word' id='word_1_170' title='bbox 452 1296 491 1333; x_wconf 92' lang='lat' dir='ltr'><strong>J.</strong></span> <span class='ocrx_word' id='word_1_171' title='bbox 518 1297 679 1334; x_wconf 87' lang='lat' dir='ltr'><strong>Vossius</strong></span> <span class='ocrx_word' id='word_1_172' title='bbox 713 1295 857 1348; x_wconf 84' lang='lat' dir='ltr'><strong>(Instit.</strong></span> <span class='ocrx_word' id='word_1_173' title='bbox 889 1300 995 1337; x_wconf 86' lang='lat' dir='ltr'><strong>Orat.</strong></span> <span class='ocrx_word' id='word_1_174' title='bbox 1021 1299 1059 1348; x_wconf 90' lang='lat'><strong>5,</strong></span> <span class='ocrx_word' id='word_1_175' title='bbox 1085 1297 1124 1339; x_wconf 84' lang='lat'><strong>4.</strong></span> <span class='ocrx_word' id='word_1_176' title='bbox 1153 1313 1195 1350; x_wconf 87' lang='lat' dir='ltr'><strong>p.</strong></span> <span class='ocrx_word' id='word_1_177' title='bbox 1219 1298 1351 1354; x_wconf 56' lang='lat'><strong>3130,</strong></span> <span class='ocrx_word' id='word_1_178' title='bbox 1380 1299 1625 1347; x_wconf 84' lang='lat' dir='ltr'><strong>Sanadonus,</strong></span> <span class='ocrx_word' id='word_1_179' title='bbox 1653 1299 1897 1360; x_wconf 65' lang='lat' dir='ltr'><strong>Dorighello‚</strong></span> 
     </span>
     <span class='ocr_line' id='line_1_17' title="bbox 378 1363 1899 1420; baseline 0.004 -21"><span class='ocrx_word' id='word_1_180' title='bbox 378 1363 447 1399; x_wconf 88' lang='lat' dir='ltr'><strong>alii</strong></span> <span class='ocrx_word' id='word_1_181' title='bbox 466 1364 681 1415; x_wconf 84' lang='lat' dir='ltr'><strong>explicant,</strong></span> <span class='ocrx_word' id='word_1_182' title='bbox 713 1371 758 1402; x_wconf 93' lang='lat' dir='ltr'><strong>ut</strong></span> <span class='ocrx_word' id='word_1_183' title='bbox 777 1365 828 1403; x_wconf 87' lang='lat' dir='ltr'><strong>sit</strong></span> <span class='ocrx_word' id='word_1_184' title='bbox 845 1365 956 1403; x_wconf 87' lang='lat' dir='ltr'><strong>dolor</strong></span> <span class='ocrx_word' id='word_1_185' title='bbox 972 1373 1009 1403; x_wconf 85' lang='lat' dir='ltr'><strong>et</strong></span> <span class='ocrx_word' id='word_1_186' title='bbox 1029 1379 1136 1404; x_wconf 85' lang='lat' dir='ltr'><strong>mens</strong></span> <span class='ocrx_word' id='word_1_187' title='bbox 1154 1365 1266 1404; x_wconf 88' lang='lat' dir='ltr'><strong>dolor</strong></span> <span class='ocrx_word' id='word_1_188' title='bbox 1290 1369 1435 1405; x_wconf 86' lang='lat' dir='ltr'><strong>mentis</strong></span> <span class='ocrx_word' id='word_1_189' title='bbox 1463 1379 1534 1404; x_wconf 86' lang='lat' dir='ltr'><strong>seu</strong></span> <span class='ocrx_word' id='word_1_190' title='bbox 1555 1365 1731 1415; x_wconf 87' lang='lat' dir='ltr'><strong>offensio,</strong></span> <span class='ocrx_word' id='word_1_191' title='bbox 1757 1369 1801 1404; x_wconf 86' lang='lat' dir='ltr'><strong>in</strong></span> <span class='ocrx_word' id='word_1_192' title='bbox 1820 1379 1899 1420; x_wconf 83' lang='lat' dir='ltr'><strong>qua</strong></span> 
     </span>
     <span class='ocr_line' id='line_1_18' title="bbox 379 1430 1898 1485; baseline 0.003 -17"><span class='ocrx_word' id='word_1_193' title='bbox 379 1430 542 1482; x_wconf 90' lang='lat' dir='ltr'><strong>quidem</strong></span> <span class='ocrx_word' id='word_1_194' title='bbox 572 1446 614 1469; x_wconf 92' lang='lat' dir='ltr'><strong>re</strong></span> <span class='ocrx_word' id='word_1_195' title='bbox 636 1433 804 1483; x_wconf 82' lang='lat' dir='ltr'><strong>praeivit</strong></span> <span class='ocrx_word' id='word_1_196' title='bbox 832 1433 1042 1484; x_wconf 87' lang='lat' dir='ltr'><strong>Cruquius,</strong></span> <span class='ocrx_word' id='word_1_197' title='bbox 1068 1441 1244 1471; x_wconf 87' lang='lat' dir='ltr'><strong>mentem</strong></span> <span class='ocrx_word' id='word_1_198' title='bbox 1264 1434 1485 1472; x_wconf 85' lang='lat' dir='ltr'><strong>affectatam</strong></span> <span class='ocrx_word' id='word_1_199' title='bbox 1506 1431 1640 1471; x_wconf 88' lang='lat' dir='ltr'><strong>dolore</strong></span> <span class='ocrx_word' id='word_1_200' title='bbox 1657 1435 1898 1485; x_wconf 77' lang='lat' dir='ltr'><strong>intelligens,</strong></span> 
     </span>
     <span class='ocr_line' id='line_1_19' title="bbox 379 1499 1899 1552; baseline 0.003 -18"><span class='ocrx_word' id='word_1_201' title='bbox 379 1510 509 1549; x_wconf 83' lang='lat' dir='ltr'><strong>„quae</strong></span> <span class='ocrx_word' id='word_1_202' title='bbox 538 1499 597 1535; x_wconf 88' lang='lat' dir='ltr'><strong>ira</strong></span> <span class='ocrx_word' id='word_1_203' title='bbox 628 1501 691 1548; x_wconf 89' lang='lat' dir='ltr'><strong>sit,</strong></span> <span class='ocrx_word' id='word_1_204' title='bbox 723 1501 870 1552; x_wconf 87' lang='lat' dir='ltr'><strong>quippe</strong></span> <span class='ocrx_word' id='word_1_205' title='bbox 900 1513 1012 1537; x_wconf 87' lang='lat' dir='ltr'><strong>mens</strong></span> <span class='ocrx_word' id='word_1_206' title='bbox 1043 1501 1143 1538; x_wconf 83' lang='lat' dir='ltr'><strong>irata</strong></span> <span class='ocrx_word' id='word_1_207' title='bbox 1175 1513 1246 1538; x_wconf 89' lang='lat' dir='ltr'><strong>seu</strong></span> <span class='ocrx_word' id='word_1_208' title='bbox 1277 1500 1545 1552; x_wconf 83' lang='lat' dir='ltr'><strong>perturbata.“</strong></span> <span class='ocrx_word' id='word_1_209' title='bbox 1609 1501 1662 1538; x_wconf 87' lang='lat' dir='ltr'><strong>At</strong></span> <span class='ocrx_word' id='word_1_210' title='bbox 1701 1501 1812 1538; x_wconf 84' lang='lat' dir='ltr'><strong>dolor</strong></span> <span class='ocrx_word' id='word_1_211' title='bbox 1839 1502 1899 1539; x_wconf 87' lang='lat' dir='ltr'><strong>est</strong></span> 
     </span>
     <span class='ocr_line' id='line_1_20' title="bbox 379 1565 1898 1619; baseline 0.002 -18"><span class='ocrx_word' id='word_1_212' title='bbox 379 1565 583 1614; x_wconf 80' lang='lat' dir='ltr'><strong>aegritudo</strong></span> <span class='ocrx_word' id='word_1_213' title='bbox 609 1567 798 1615; x_wconf 85' lang='lat' dir='ltr'><strong>crucians,</strong></span> <span class='ocrx_word' id='word_1_214' title='bbox 831 1580 909 1619; x_wconf 88' lang='lat' dir='ltr'><strong>qua</strong></span> <span class='ocrx_word' id='word_1_215' title='bbox 933 1568 1020 1618; x_wconf 89' lang='lat' dir='ltr'><strong>quis</strong></span> <span class='ocrx_word' id='word_1_216' title='bbox 1053 1567 1237 1618; x_wconf 86' lang='lat' dir='ltr'><strong>injuriam</strong></span> <span class='ocrx_word' id='word_1_217' title='bbox 1265 1568 1340 1605; x_wconf 89' lang='lat' dir='ltr'><strong>sibi</strong></span> <span class='ocrx_word' id='word_1_218' title='bbox 1361 1568 1516 1604; x_wconf 88' lang='lat' dir='ltr'><strong>illatam</strong></span> <span class='ocrx_word' id='word_1_219' title='bbox 1538 1567 1684 1618; x_wconf 82' lang='lat' dir='ltr'><strong>perfert</strong></span> <span class='ocrx_word' id='word_1_220' title='bbox 1704 1574 1822 1619; x_wconf 82' lang='lat' dir='ltr'><strong>atque</strong></span> <span class='ocrx_word' id='word_1_221' title='bbox 1847 1566 1898 1604; x_wconf 83' lang='lat' dir='ltr'><strong>ad</strong></span> 
     </span>
     <span class='ocr_line' id='line_1_21' title="bbox 377 1631 1897 1685; baseline 0.003 -18"><span class='ocrx_word' id='word_1_222' title='bbox 377 1631 650 1670; x_wconf 85' lang='lat' dir='ltr'><strong>ulciscendum</strong></span> <span class='ocrx_word' id='word_1_223' title='bbox 683 1632 815 1682; x_wconf 86' lang='lat' dir='ltr'><strong>ardet,</strong></span> <span class='ocrx_word' id='word_1_224' title='bbox 859 1632 1158 1684; x_wconf 79' lang='lat' dir='ltr'><strong>„Rachgeffihl,</strong></span> <span class='ocrx_word' id='word_1_225' title='bbox 1203 1633 1470 1685; x_wconf 71' lang='lat' dir='ltr'><strong>Krankung,“</strong></span> <span class='ocrx_word' id='word_1_226' title='bbox 1509 1633 1742 1684; x_wconf 83' lang='lat' dir='ltr'><strong>indignatio.</strong></span> <span class='ocrx_word' id='word_1_227' title='bbox 1790 1635 1897 1685; x_wconf 84' lang='lat' dir='ltr'><strong>Virg.</strong></span> 
     </span>
     <span class='ocr_line' id='line_1_22' title="bbox 377 1699 1898 1751; baseline 0.002 -16"><span class='ocrx_word' id='word_1_228' title='bbox 377 1699 477 1735; x_wconf 90' lang='lat' dir='ltr'><strong>Aen.</strong></span> <span class='ocrx_word' id='word_1_229' title='bbox 503 1700 543 1747; x_wconf 87' lang='lat'><strong>9,</strong></span> <span class='ocrx_word' id='word_1_230' title='bbox 567 1700 633 1739; x_wconf 86' lang='lat'><strong>66.</strong></span> <span class='ocrx_word' id='word_1_231' title='bbox 663 1700 878 1751; x_wconf 71' lang='lat' dir='ltr'><strong>Igne-scunt</strong></span> <span class='ocrx_word' id='word_1_232' title='bbox 907 1701 991 1737; x_wconf 82' lang='lat' dir='ltr'><strong>irae</strong></span> <span class='ocrx_word' id='word_1_233' title='bbox 1013 1708 1050 1737; x_wconf 87' lang='lat' dir='ltr'><strong>et</strong></span> <span class='ocrx_word' id='word_1_234' title='bbox 1075 1701 1185 1738; x_wconf 79' lang='lat' dir='ltr'><strong>daris</strong></span> <span class='ocrx_word' id='word_1_235' title='bbox 1211 1701 1322 1738; x_wconf 83' lang='lat' dir='ltr'><strong>dolor</strong></span> <span class='ocrx_word' id='word_1_236' title='bbox 1340 1700 1490 1738; x_wconf 68' lang='lat' dir='ltr'><strong>ossibus</strong></span> <span class='ocrx_word' id='word_1_237' title='bbox 1514 1701 1638 1738; x_wconf 74' lang='lat' dir='ltr'><strong>ardet.</strong></span> <span class='ocrx_word' id='word_1_238' title='bbox 1667 1700 1780 1740; x_wconf 88' lang='lat' dir='ltr'><strong>Ovid.</strong></span> <span class='ocrx_word' id='word_1_239' title='bbox 1800 1702 1898 1739; x_wconf 81' lang='lat' dir='ltr'><strong>Met.</strong></span> 
     </span>
     <span class='ocr_line' id='line_1_23' title="bbox 379 1765 1898 1822; baseline 0.001 -18"><span class='ocrx_word' id='word_1_240' title='bbox 379 1766 445 1814; x_wconf 88' lang='lat'><strong>12,</strong></span> <span class='ocrx_word' id='word_1_241' title='bbox 470 1765 566 1807; x_wconf 85' lang='grc'><strong>373.</strong></span> <span class='ocrx_word' id='word_1_242' title='bbox 595 1766 685 1815; x_wconf 81' lang='lat' dir='ltr'><strong>Ipse</strong></span> <span class='ocrx_word' id='word_1_243' title='bbox 704 1766 815 1803; x_wconf 83' lang='lat' dir='ltr'><strong>dolor</strong></span> <span class='ocrx_word' id='word_1_244' title='bbox 839 1767 942 1804; x_wconf 64' lang='lat' dir='ltr'><strong>vires</strong></span> <span class='ocrx_word' id='word_1_245' title='bbox 961 1769 1093 1804; x_wconf 81' lang='lat' dir='ltr'><strong>animo</strong></span> <span class='ocrx_word' id='word_1_246' title='bbox 1119 1768 1275 1822; x_wconf 81' lang='grc' dir='ltr'>(θυμῷ)</span> <span class='ocrx_word' id='word_1_247' title='bbox 1305 1767 1440 1805; x_wconf 81' lang='lat' dir='ltr'><strong>dabat.</strong></span> <span class='ocrx_word' id='word_1_248' title='bbox 1475 1769 1616 1807; x_wconf 86' lang='lat' dir='ltr'><strong>Senec.</strong></span> <span class='ocrx_word' id='word_1_249' title='bbox 1640 1768 1688 1806; x_wconf 84' lang='lat' dir='ltr'><strong>de</strong></span> <span class='ocrx_word' id='word_1_250' title='bbox 1706 1770 1768 1805; x_wconf 87' lang='lat' dir='ltr'><strong>Ira</strong></span> <span class='ocrx_word' id='word_1_251' title='bbox 1796 1769 1832 1816; x_wconf 86' lang='lat'><strong>1,</strong></span> <span class='ocrx_word' id='word_1_252' title='bbox 1857 1768 1898 1808; x_wconf 84' lang='lat'><strong>3.</strong></span> 
     </span>
     <span class='ocr_line' id='line_1_24' title="bbox 378 1833 1900 1884; baseline 0.001 -15"><span class='ocrx_word' id='word_1_253' title='bbox 378 1834 481 1870; x_wconf 86' lang='lat' dir='ltr'><strong>iram</strong></span> <span class='ocrx_word' id='word_1_254' title='bbox 507 1846 586 1870; x_wconf 72' lang='lat' dir='ltr'><strong>esse</strong></span> <span class='ocrx_word' id='word_1_255' title='bbox 613 1833 869 1883; x_wconf 79' lang='lat' dir='ltr'><strong>cupiditatem</strong></span> <span class='ocrx_word' id='word_1_256' title='bbox 897 1833 1042 1871; x_wconf 80' lang='lat' dir='ltr'><strong>doloris</strong></span> <span class='ocrx_word' id='word_1_257' title='bbox 1071 1834 1295 1884; x_wconf 76' lang='lat' dir='ltr'><strong>reponendi.</strong></span> <span class='ocrx_word' id='word_1_258' title='bbox 1329 1834 1387 1871; x_wconf 89' lang='lat' dir='ltr'><strong>Id.</strong></span> <span class='ocrx_word' id='word_1_259' title='bbox 1421 1837 1461 1884; x_wconf 82' lang='lat'><strong>2,</strong></span> <span class='ocrx_word' id='word_1_260' title='bbox 1485 1835 1551 1876; x_wconf 86' lang='grc'><strong>32.</strong></span> <span class='ocrx_word' id='word_1_261' title='bbox 1582 1835 1652 1872; x_wconf 83' lang='grc' dir='ltr'><strong>[να</strong></span> <span class='ocrx_word' id='word_1_262' title='bbox 1679 1835 1797 1872; x_wconf 76' lang='lat' dir='ltr'><strong>hahet</strong></span> <span class='ocrx_word' id='word_1_263' title='bbox 1817 1835 1900 1872; x_wconf 67' lang='lat' dir='ltr'><strong>alt:-</strong></span> 
     </span>
     <span class='ocr_line' id='line_1_25' title="bbox 379 1899 1898 1950; baseline 0.004 -15"><span class='ocrx_word' id='word_1_264' title='bbox 379 1913 502 1950; x_wconf 81' lang='lat' dir='ltr'><strong>qnam</strong></span> <span class='ocrx_word' id='word_1_265' title='bbox 531 1899 771 1949; x_wconf 75' lang='lat' dir='ltr'><strong>voluptatem</strong></span> <span class='ocrx_word' id='word_1_266' title='bbox 800 1906 836 1935; x_wconf 77' lang='lat' dir='ltr'><strong>et</strong></span> <span class='ocrx_word' id='word_1_267' title='bbox 863 1899 978 1936; x_wconf 73' lang='lat' dir='ltr'><strong>dulce</strong></span> <span class='ocrx_word' id='word_1_268' title='bbox 1005 1907 1071 1949; x_wconf 80' lang='lat' dir='ltr'><strong>est,</strong></span> <span class='ocrx_word' id='word_1_269' title='bbox 1101 1901 1270 1938; x_wconf 87' lang='lat' dir='ltr'><strong>dolorem</strong></span> <span class='ocrx_word' id='word_1_270' title='bbox 1295 1901 1464 1939; x_wconf 83' lang='lat' dir='ltr'><strong>reddere.</strong></span> <span class='ocrx_word' id='word_1_271' title='bbox 1496 1903 1659 1940; x_wconf 85' lang='lat' dir='ltr'><strong>Aristot.</strong></span> <span class='ocrx_word' id='word_1_272' title='bbox 1675 1901 1836 1940; x_wconf 85' lang='lat' dir='ltr'><strong>Rhetor.</strong></span> <span class='ocrx_word' id='word_1_273' title='bbox 1856 1903 1898 1950; x_wconf 93' lang='lat'><strong>2,</strong></span> 
     </span>
     <span class='ocr_line' id='line_1_26' title="bbox 377 1961 1900 2022; baseline 0.003 -17"><span class='ocrx_word' id='word_1_274' title='bbox 377 1967 418 2005; x_wconf 85' lang='grc'><strong>2.</strong></span> <span class='ocrx_word' id='word_1_275' title='bbox 443 1963 572 2006; x_wconf 58' lang='lat' dir='ltr'><strong>”Eam</strong></span> <span class='ocrx_word' id='word_1_276' title='bbox 607 1963 658 2017; x_wconf 79' lang='grc' dir='ltr'><strong>δή</strong></span> <span class='ocrx_word' id='word_1_277' title='bbox 690 1965 718 2018; x_wconf 78' lang='grc' dir='ltr'><em>ἦ</em></span> <span class='ocrx_word' id='word_1_278' title='bbox 747 1961 843 2018; x_wconf 75' lang='grc' dir='ltr'><em>ὀργή</em></span> <span class='ocrx_word' id='word_1_279' title='bbox 871 1962 999 2018; x_wconf 72' lang='grc' dir='ltr'><strong><em>ὄρεξις</em></strong></span> <span class='ocrx_word' id='word_1_280' title='bbox 1029 1965 1124 2018; x_wconf 76' lang='grc' dir='ltr'><em>μετοέ</em></span> <span class='ocrx_word' id='word_1_281' title='bbox 1153 1966 1282 2020; x_wconf 82' lang='grc' dir='ltr'><em>λύπης</em></span> <span class='ocrx_word' id='word_1_282' title='bbox 1305 1969 1492 2022; x_wconf 82' lang='grc' dir='ltr'><strong><em>τιμωρίας</em></strong></span> <span class='ocrx_word' id='word_1_283' title='bbox 1522 1968 1780 2021; x_wconf 83' lang='grc' dir='ltr'><strong>φαινομένης.</strong></span> <span class='ocrx_word' id='word_1_284' title='bbox 1837 1969 1900 2006; x_wconf 83' lang='lat' dir='ltr'><strong>Cf·</strong></span> 
     </span>
     <span class='ocr_line' id='line_1_27' title="bbox 377 2031 1900 2087; baseline 0.003 -19"><span class='ocrx_word' id='word_1_285' title='bbox 377 2033 508 2069; x_wconf 82' lang='lat' dir='ltr'><strong>Brem.</strong></span> <span class='ocrx_word' id='word_1_286' title='bbox 529 2031 580 2069; x_wconf 86' lang='lat' dir='ltr'><strong>ad</strong></span> <span class='ocrx_word' id='word_1_287' title='bbox 598 2035 695 2084; x_wconf 87' lang='lat' dir='ltr'><strong>Nep.</strong></span> <span class='ocrx_word' id='word_1_288' title='bbox 715 2031 909 2085; x_wconf 89' lang='lat' dir='ltr'><strong>Lysandr.</strong></span> <span class='ocrx_word' id='word_1_289' title='bbox 929 2034 970 2081; x_wconf 83' lang='lat'><strong>3,</strong></span> <span class='ocrx_word' id='word_1_290' title='bbox 992 2034 1028 2073; x_wconf 90' lang='lat'><strong>1.</strong></span> <span class='ocrx_word' id='word_1_291' title='bbox 1049 2041 1088 2071; x_wconf 89' lang='lat' dir='ltr'><strong>et</strong></span> <span class='ocrx_word' id='word_1_292' title='bbox 1106 2033 1250 2072; x_wconf 88' lang='lat' dir='ltr'><strong>Ochsn.</strong></span> <span class='ocrx_word' id='word_1_293' title='bbox 1272 2034 1323 2072; x_wconf 88' lang='lat' dir='ltr'><strong>ad</strong></span> <span class='ocrx_word' id='word_1_294' title='bbox 1342 2037 1422 2073; x_wconf 86' lang='lat' dir='ltr'><strong>Cic.</strong></span> <span class='ocrx_word' id='word_1_295' title='bbox 1441 2037 1579 2086; x_wconf 91' lang='lat' dir='ltr'><strong>Eclog.</strong></span> <span class='ocrx_word' id='word_1_296' title='bbox 1601 2050 1640 2087; x_wconf 91' lang='lat' dir='ltr'><strong>p.</strong></span> <span class='ocrx_word' id='word_1_297' title='bbox 1659 2036 1726 2076; x_wconf 88' lang='lat'><strong>88.</strong></span> <span class='ocrx_word' id='word_1_298' title='bbox 1756 2036 1900 2073; x_wconf 85' lang='lat' dir='ltr'><strong>Contra</strong></span> 
     </span>
     <span class='ocr_line' id='line_1_28' title="bbox 378 2097 1900 2153; baseline 0.002 -18"><span class='ocrx_word' id='word_1_299' title='bbox 378 2112 486 2136; x_wconf 75' lang='lat' dir='ltr'><strong>mens</strong></span> <span class='ocrx_word' id='word_1_300' title='bbox 505 2098 611 2136; x_wconf 88' lang='lat' dir='ltr'><strong>idem</strong></span> <span class='ocrx_word' id='word_1_301' title='bbox 631 2098 738 2151; x_wconf 89' lang='lat' dir='ltr'><strong>quod</strong></span> <span class='ocrx_word' id='word_1_302' title='bbox 755 2101 914 2137; x_wconf 68' lang='lat' dir='ltr'><strong>animus</strong></span> <span class='ocrx_word' id='word_1_303' title='bbox 933 2097 992 2153; x_wconf 81' lang='lat' dir='ltr'><strong>(v.</strong></span> <span class='ocrx_word' id='word_1_304' title='bbox 1013 2099 1099 2151; x_wconf 88' lang='lat'><strong>62.)</strong></span> <span class='ocrx_word' id='word_1_305' title='bbox 1119 2097 1259 2152; x_wconf 82' lang='grc' dir='ltr'>θυμός,</span> <span class='ocrx_word' id='word_1_306' title='bbox 1291 2101 1415 2150; x_wconf 85' lang='lat' dir='ltr'><strong>ardor,</strong></span> <span class='ocrx_word' id='word_1_307' title='bbox 1439 2102 1776 2149; x_wconf 81' lang='lat' dir='ltr'><strong>excandescentia,</strong></span> <span class='ocrx_word' id='word_1_308' title='bbox 1798 2114 1900 2153; x_wconf 84' lang='lat' dir='ltr'><strong>quae</strong></span> 
     </span>
     <span class='ocr_line' id='line_1_29' title="bbox 378 2164 1898 2220; baseline 0.003 -18"><span class='ocrx_word' id='word_1_309' title='bbox 378 2164 584 2203; x_wconf 89' lang='lat' dir='ltr'><strong>hominem</strong></span> <span class='ocrx_word' id='word_1_310' title='bbox 616 2165 667 2203; x_wconf 86' lang='lat' dir='ltr'><strong>ad</strong></span> <span class='ocrx_word' id='word_1_311' title='bbox 692 2166 891 2217; x_wconf 89' lang='lat' dir='ltr'><strong>agendum</strong></span> <span class='ocrx_word' id='word_1_312' title='bbox 918 2169 1089 2220; x_wconf 86' lang='lat' dir='ltr'><strong>impellit</strong></span> <span class='ocrx_word' id='word_1_313' title='bbox 1119 2175 1236 2219; x_wconf 87' lang='lat' dir='ltr'><strong>atque</strong></span> <span class='ocrx_word' id='word_1_314' title='bbox 1259 2169 1409 2207; x_wconf 87' lang='lat' dir='ltr'><strong>incitat.</strong></span> <span class='ocrx_word' id='word_1_315' title='bbox 1472 2172 1532 2207; x_wconf 87' lang='lat' dir='ltr'><strong>Ita</strong></span> <span class='ocrx_word' id='word_1_316' title='bbox 1560 2169 1632 2208; x_wconf 87' lang='lat' dir='ltr'><strong>Od.</strong></span> <span class='ocrx_word' id='word_1_317' title='bbox 1665 2171 1702 2218; x_wconf 88' lang='lat'><strong>1,</strong></span> <span class='ocrx_word' id='word_1_318' title='bbox 1738 2169 1800 2217; x_wconf 89' lang='grc'><strong>16,</strong></span> <span class='ocrx_word' id='word_1_319' title='bbox 1829 2169 1898 2208; x_wconf 87' lang='grc'><strong>22.</strong></span> 
     </span>
     <span class='ocr_line' id='line_1_30' title="bbox 384 2233 1899 2286; baseline 0.001 -16"><span class='ocrx_word' id='word_1_320' title='bbox 384 2233 588 2284; x_wconf 79' lang='lat' dir='ltr'><strong>Compesce</strong></span> <span class='ocrx_word' id='word_1_321' title='bbox 626 2241 804 2271; x_wconf 86' lang='lat' dir='ltr'><strong>mentem.</strong></span> <span class='ocrx_word' id='word_1_322' title='bbox 864 2235 955 2272; x_wconf 90' lang='lat' dir='ltr'><strong>Alia</strong></span> <span class='ocrx_word' id='word_1_323' title='bbox 990 2235 1103 2286; x_wconf 87' lang='lat' dir='ltr'><strong>plura</strong></span> <span class='ocrx_word' id='word_1_324' title='bbox 1137 2234 1305 2272; x_wconf 84' lang='lat' dir='ltr'><strong>afferunt</strong></span> <span class='ocrx_word' id='word_1_325' title='bbox 1338 2236 1546 2284; x_wconf 78' lang='lat' dir='ltr'><strong>Bentlejns</strong></span> <span class='ocrx_word' id='word_1_326' title='bbox 1584 2244 1623 2275; x_wconf 87' lang='lat' dir='ltr'><strong>et</strong></span> <span class='ocrx_word' id='word_1_327' title='bbox 1654 2235 1899 2280; x_wconf 72' lang='lat' dir='ltr'><strong>Schmidius,</strong></span> 
     </span>
     <span class='ocr_line' id='line_1_31' title="bbox 379 2299 1897 2355; baseline 0.001 -17"><span class='ocrx_word' id='word_1_328' title='bbox 379 2314 478 2352; x_wconf 90' lang='lat' dir='ltr'><strong>quos</strong></span> <span class='ocrx_word' id='word_1_329' title='bbox 505 2299 611 2338; x_wconf 83' lang='lat' dir='ltr'><strong>vide.</strong></span> <span class='ocrx_word' id='word_1_330' title='bbox 668 2302 727 2338; x_wconf 87' lang='lat' dir='ltr'><strong>Ita</strong></span> <span class='ocrx_word' id='word_1_331' title='bbox 746 2301 858 2338; x_wconf 88' lang='lat' dir='ltr'><strong>dolor</strong></span> <span class='ocrx_word' id='word_1_332' title='bbox 885 2308 923 2339; x_wconf 87' lang='lat' dir='ltr'><strong>et</strong></span> <span class='ocrx_word' id='word_1_333' title='bbox 940 2303 1001 2338; x_wconf 84' lang='lat' dir='ltr'><strong>ira</strong></span> <span class='ocrx_word' id='word_1_334' title='bbox 1025 2302 1246 2352; x_wconf 87' lang='lat' dir='ltr'><strong>junguntur</strong></span> <span class='ocrx_word' id='word_1_335' title='bbox 1264 2315 1326 2353; x_wconf 91' lang='lat' dir='ltr'><strong>ap.</strong></span> <span class='ocrx_word' id='word_1_336' title='bbox 1345 2305 1443 2340; x_wconf 87' lang='lat' dir='ltr'><strong>Tac.</strong></span> <span class='ocrx_word' id='word_1_337' title='bbox 1463 2305 1566 2343; x_wconf 86' lang='lat' dir='ltr'><strong>Anu.</strong></span> <span class='ocrx_word' id='word_1_338' title='bbox 1590 2306 1627 2351; x_wconf 86' lang='lat'><strong>1,</strong></span> <span class='ocrx_word' id='word_1_339' title='bbox 1657 2301 1722 2343; x_wconf 85' lang='lat'><strong>41.</strong></span> <span class='ocrx_word' id='word_1_340' title='bbox 1742 2308 1781 2339; x_wconf 81' lang='lat' dir='ltr'><strong>et</strong></span> <span class='ocrx_word' id='word_1_341' title='bbox 1799 2300 1897 2355; x_wconf 75' lang='grc' dir='ltr'><strong>ὀργῆ</strong></span> 
     </span>
     <span class='ocr_line' id='line_1_32' title="bbox 380 2365 1899 2421; baseline 0.001 -17"><span class='ocrx_word' id='word_1_342' title='bbox 380 2375 419 2405; x_wconf 88' lang='lat' dir='ltr'><strong>et</strong></span> <span class='ocrx_word' id='word_1_343' title='bbox 438 2365 570 2420; x_wconf 71' lang='grc' dir='ltr'><strong><em>θυμός</em></strong></span> <span class='ocrx_word' id='word_1_344' title='bbox 599 2381 662 2419; x_wconf 86' lang='lat' dir='ltr'><strong>ap.</strong></span> <span class='ocrx_word' id='word_1_345' title='bbox 683 2369 863 2417; x_wconf 85' lang='lat' dir='ltr'><strong>Graecos,</strong></span> <span class='ocrx_word' id='word_1_346' title='bbox 893 2367 975 2405; x_wconf 83' lang='lat' dir='ltr'><strong>vid.</strong></span> <span class='ocrx_word' id='word_1_347' title='bbox 1003 2369 1139 2407; x_wconf 87' lang='lat' dir='ltr'><strong>Jacob.</strong></span> <span class='ocrx_word' id='word_1_348' title='bbox 1162 2368 1213 2406; x_wconf 85' lang='lat' dir='ltr'><strong>ad</strong></span> <span class='ocrx_word' id='word_1_349' title='bbox 1230 2370 1380 2406; x_wconf 88' lang='lat' dir='ltr'><strong>Lucian</strong></span> <span class='ocrx_word' id='word_1_350' title='bbox 1401 2371 1507 2407; x_wconf 84' lang='lat' dir='ltr'><strong>Tox.</strong></span> <span class='ocrx_word' id='word_1_351' title='bbox 1526 2383 1567 2421; x_wconf 92' lang='lat' dir='ltr'><strong>p.</strong></span> <span class='ocrx_word' id='word_1_352' title='bbox 1587 2369 1655 2410; x_wconf 93' lang='lat'><strong>55.</strong></span> <span class='ocrx_word' id='word_1_353' title='bbox 1710 2371 1799 2406; x_wconf 91' lang='lat' dir='ltr'><strong>Huc</strong></span> <span class='ocrx_word' id='word_1_354' title='bbox 1830 2382 1899 2406; x_wconf 90' lang='lat' dir='ltr'><strong>ac-</strong></span> 
     </span>
     <span class='ocr_line' id='line_1_33' title="bbox 380 2433 1900 2489; baseline 0.003 -18"><span class='ocrx_word' id='word_1_355' title='bbox 380 2433 484 2471; x_wconf 86' lang='lat' dir='ltr'><strong>cedit</strong></span> <span class='ocrx_word' id='word_1_356' title='bbox 510 2435 662 2472; x_wconf 84' lang='lat' dir='ltr'><strong>Horatii</strong></span> <span class='ocrx_word' id='word_1_357' title='bbox 692 2434 946 2483; x_wconf 88' lang='lat' dir='ltr'><strong>consuetudo,</strong></span> <span class='ocrx_word' id='word_1_358' title='bbox 977 2447 1055 2486; x_wconf 89' lang='lat' dir='ltr'><strong>qua</strong></span> <span class='ocrx_word' id='word_1_359' title='bbox 1082 2436 1228 2473; x_wconf 86' lang='lat' dir='ltr'><strong>similia</strong></span> <span class='ocrx_word' id='word_1_360' title='bbox 1249 2438 1448 2487; x_wconf 85' lang='lat' dir='ltr'><strong>componit</strong></span> <span class='ocrx_word' id='word_1_361' title='bbox 1479 2438 1545 2474; x_wconf 82' lang='lat' dir='ltr'><strong>vel</strong></span> <span class='ocrx_word' id='word_1_362' title='bbox 1574 2449 1699 2488; x_wconf 88' lang='lat' dir='ltr'><strong>genus</strong></span> <span class='ocrx_word' id='word_1_363' title='bbox 1727 2438 1900 2489; x_wconf 84' lang='lat' dir='ltr'><strong>explicat</strong></span> 
     </span>
     <span class='ocr_line' id='line_1_34' title="bbox 379 2502 1899 2556; baseline 0.003 -19"><span class='ocrx_word' id='word_1_364' title='bbox 379 2515 450 2552; x_wconf 88' lang='lat' dir='ltr'><strong>per</strong></span> <span class='ocrx_word' id='word_1_365' title='bbox 469 2503 641 2552; x_wconf 86' lang='lat' dir='ltr'><strong>speciem</strong></span> <span class='ocrx_word' id='word_1_366' title='bbox 663 2508 702 2539; x_wconf 84' lang='lat' dir='ltr'><strong>et</strong></span> <span class='ocrx_word' id='word_1_367' title='bbox 721 2509 867 2550; x_wconf 89' lang='lat' dir='ltr'><strong>contra,</strong></span> <span class='ocrx_word' id='word_1_368' title='bbox 887 2504 943 2539; x_wconf 90' lang='lat' dir='ltr'><strong>ita</strong></span> <span class='ocrx_word' id='word_1_369' title='bbox 962 2509 1109 2550; x_wconf 89' lang='lat' dir='ltr'><strong>tamen,</strong></span> <span class='ocrx_word' id='word_1_370' title='bbox 1133 2509 1179 2539; x_wconf 92' lang='lat' dir='ltr'><strong>ut</strong></span> <span class='ocrx_word' id='word_1_371' title='bbox 1194 2502 1252 2540; x_wconf 80' lang='lat' dir='ltr'><strong>vis</strong></span> <span class='ocrx_word' id='word_1_372' title='bbox 1271 2504 1495 2553; x_wconf 84' lang='lat' dir='ltr'><strong>posterioris</strong></span> <span class='ocrx_word' id='word_1_373' title='bbox 1515 2505 1621 2542; x_wconf 86' lang='lat' dir='ltr'><strong>vocis</strong></span> <span class='ocrx_word' id='word_1_374' title='bbox 1641 2504 1723 2542; x_wconf 89' lang='lat' dir='ltr'><strong>fere</strong></span> <span class='ocrx_word' id='word_1_375' title='bbox 1740 2506 1899 2556; x_wconf 82' lang='lat' dir='ltr'><strong>planius</strong></span> 
     </span>
     <span class='ocr_line' id='line_1_35' title="bbox 379 2568 1900 2623; baseline 0.004 -19"><span class='ocrx_word' id='word_1_376' title='bbox 379 2568 576 2606; x_wconf 86' lang='lat' dir='ltr'><strong>iudicetur</strong></span> <span class='ocrx_word' id='word_1_377' title='bbox 594 2575 712 2621; x_wconf 89' lang='lat' dir='ltr'><strong>atque</strong></span> <span class='ocrx_word' id='word_1_378' title='bbox 741 2575 943 2620; x_wconf 83' lang='lat' dir='ltr'><strong>augeatur,</strong></span> <span class='ocrx_word' id='word_1_379' title='bbox 973 2581 1153 2621; x_wconf 89' lang='lat' dir='ltr'><strong>quaeque</strong></span> <span class='ocrx_word' id='word_1_380' title='bbox 1179 2570 1273 2620; x_wconf 87' lang='lat' dir='ltr'><strong>quia</strong></span> <span class='ocrx_word' id='word_1_381' title='bbox 1301 2570 1349 2607; x_wconf 90' lang='lat' dir='ltr'><strong>ab</strong></span> <span class='ocrx_word' id='word_1_382' title='bbox 1369 2571 1644 2622; x_wconf 78' lang='lat' dir='ltr'><strong>interpretibus</strong></span> <span class='ocrx_word' id='word_1_383' title='bbox 1666 2585 1808 2623; x_wconf 87' lang='lat' dir='ltr'><strong>parum</strong></span> <span class='ocrx_word' id='word_1_384' title='bbox 1827 2573 1900 2610; x_wconf 90' lang='lat' dir='ltr'><strong>ob-</strong></span> 
     </span>
     <span class='ocr_line' id='line_1_36' title="bbox 381 2637 1900 2692; baseline 0.004 -21"><span class='ocrx_word' id='word_1_385' title='bbox 381 2642 533 2672; x_wconf 84' lang='lat' dir='ltr'><strong>servata</strong></span> <span class='ocrx_word' id='word_1_386' title='bbox 565 2649 708 2687; x_wconf 83' lang='lat' dir='ltr'><strong>pravae</strong></span> <span class='ocrx_word' id='word_1_387' title='bbox 740 2650 856 2689; x_wconf 88' lang='lat' dir='ltr'><strong>saepe</strong></span> <span class='ocrx_word' id='word_1_388' title='bbox 882 2637 1215 2688; x_wconf 82' lang='lat' dir='ltr'><strong>interpretationis</strong></span> <span class='ocrx_word' id='word_1_389' title='bbox 1246 2649 1363 2675; x_wconf 88' lang='lat' dir='ltr'><strong>causa</strong></span> <span class='ocrx_word' id='word_1_390' title='bbox 1394 2638 1492 2685; x_wconf 75' lang='lat' dir='ltr'><strong>fuit,</strong></span> <span class='ocrx_word' id='word_1_391' title='bbox 1517 2639 1720 2676; x_wconf 88' lang='lat' dir='ltr'><strong>luculenta</strong></span> <span class='ocrx_word' id='word_1_392' title='bbox 1749 2640 1900 2692; x_wconf 82' lang='lat' dir='ltr'><strong>aliquot</strong></span> 
     </span>
     <span class='ocr_line' id='line_1_37' title="bbox 381 2703 1898 2755; baseline 0.004 -17"><span class='ocrx_word' id='word_1_393' title='bbox 381 2714 578 2752; x_wconf 87' lang='lat' dir='ltr'><strong>apponam</strong></span> <span class='ocrx_word' id='word_1_394' title='bbox 597 2704 797 2755; x_wconf 87' lang='lat' dir='ltr'><strong>exempla.</strong></span> <span class='ocrx_word' id='word_1_395' title='bbox 854 2703 920 2742; x_wconf 83' lang='lat' dir='ltr'><strong>Sic</strong></span> <span class='ocrx_word' id='word_1_396' title='bbox 941 2718 979 2742; x_wconf 79' lang='lat' dir='ltr'><strong>v.</strong></span> <span class='ocrx_word' id='word_1_397' title='bbox 998 2706 1065 2745; x_wconf 83' lang='lat'><strong>36.</strong></span> <span class='ocrx_word' id='word_1_398' title='bbox 1085 2703 1218 2741; x_wconf 71' lang='lat' dir='ltr'><strong>studia</strong></span> <span class='ocrx_word' id='word_1_399' title='bbox 1236 2710 1276 2741; x_wconf 87' lang='lat' dir='ltr'><strong>et</strong></span> <span class='ocrx_word' id='word_1_400' title='bbox 1300 2718 1360 2741; x_wconf 76' lang='lat' dir='ltr'><strong>res</strong></span> <span class='ocrx_word' id='word_1_401' title='bbox 1377 2704 1570 2742; x_wconf 61' lang='lat' dir='ltr'><strong>honestae.</strong></span> <span class='ocrx_word' id='word_1_402' title='bbox 1603 2704 1676 2744; x_wconf 87' lang='lat' dir='ltr'><strong>Od.</strong></span> <span class='ocrx_word' id='word_1_403' title='bbox 1697 2707 1733 2754; x_wconf 88' lang='lat'><strong>1,</strong></span> <span class='ocrx_word' id='word_1_404' title='bbox 1761 2708 1802 2754; x_wconf 88' lang='lat'><strong>2,</strong></span> <span class='ocrx_word' id='word_1_405' title='bbox 1831 2706 1898 2747; x_wconf 84' lang='lat'><strong>15.</strong></span> 
     </span>
     <span class='ocr_line' id='line_1_38' title="bbox 381 2770 1895 2824; baseline 0.004 -20"><span class='ocrx_word' id='word_1_406' title='bbox 381 2776 632 2806; x_wconf 79' lang='lat' dir='ltr'><strong>monumenta</strong></span> <span class='ocrx_word' id='word_1_407' title='bbox 659 2784 798 2822; x_wconf 80' lang='lat' dir='ltr'><strong>regum</strong></span> <span class='ocrx_word' id='word_1_408' title='bbox 833 2771 1070 2822; x_wconf 80' lang='lat' dir='ltr'><strong>Templaque</strong></span> <span class='ocrx_word' id='word_1_409' title='bbox 1105 2770 1254 2807; x_wconf 81' lang='lat' dir='ltr'><strong>Vestae.</strong></span> <span class='ocrx_word' id='word_1_410' title='bbox 1294 2771 1335 2818; x_wconf 86' lang='lat'><strong>3,</strong></span> <span class='ocrx_word' id='word_1_411' title='bbox 1363 2771 1401 2810; x_wconf 92' lang='lat'><strong>9.</strong></span> <span class='ocrx_word' id='word_1_412' title='bbox 1434 2770 1554 2808; x_wconf 77' lang='lat' dir='ltr'><strong>robur</strong></span> <span class='ocrx_word' id='word_1_413' title='bbox 1580 2779 1618 2808; x_wconf 87' lang='lat' dir='ltr'><strong>et</strong></span> <span class='ocrx_word' id='word_1_414' title='bbox 1645 2786 1712 2811; x_wconf 73' lang='lat' dir='ltr'><strong>aee</strong></span> <span class='ocrx_word' id='word_1_415' title='bbox 1741 2773 1895 2824; x_wconf 76' lang='lat' dir='ltr'><strong>triplex.</strong></span> 
     </span>
     <span class='ocr_line' id='line_1_39' title="bbox 381 2835 1900 2891; baseline 0.002 -17"><span class='ocrx_word' id='word_1_416' title='bbox 381 2837 421 2884; x_wconf 92' lang='lat'><strong>2,</strong></span> <span class='ocrx_word' id='word_1_417' title='bbox 440 2835 480 2883; x_wconf 87' lang='lat'><strong>7,</strong></span> <span class='ocrx_word' id='word_1_418' title='bbox 501 2835 541 2875; x_wconf 90' lang='grc'><strong>9.</strong></span> <span class='ocrx_word' id='word_1_419' title='bbox 573 2835 784 2887; x_wconf 78' lang='lat' dir='ltr'><strong>Philippos</strong></span> <span class='ocrx_word' id='word_1_420' title='bbox 812 2845 847 2874; x_wconf 79' lang='lat' dir='ltr'><strong>et</strong></span> <span class='ocrx_word' id='word_1_421' title='bbox 874 2839 1034 2875; x_wconf 84' lang='lat' dir='ltr'><strong>celerem</strong></span> <span class='ocrx_word' id='word_1_422' title='bbox 1051 2837 1218 2888; x_wconf 65' lang='lat' dir='ltr'><strong>fingam.</strong></span> <span class='ocrx_word' id='word_1_423' title='bbox 1250 2836 1290 2886; x_wconf 88' lang='grc'><strong>3,</strong></span> <span class='ocrx_word' id='word_1_424' title='bbox 1311 2838 1349 2885; x_wconf 90' lang='grc'><strong>6,</strong></span> <span class='ocrx_word' id='word_1_425' title='bbox 1372 2838 1414 2876; x_wconf 89' lang='grc'><strong>2.</strong></span> <span class='ocrx_word' id='word_1_426' title='bbox 1445 2838 1592 2889; x_wconf 82' lang='lat' dir='ltr'><strong>templa</strong></span> <span class='ocrx_word' id='word_1_427' title='bbox 1609 2839 1811 2891; x_wconf 66' lang='lat' dir='ltr'><strong>Aedis-que</strong></span> <span class='ocrx_word' id='word_1_428' title='bbox 1836 2840 1900 2877; x_wconf 81' lang='lat' dir='ltr'><strong>la-</strong></span> 
     </span>
     <span class='ocr_line' id='line_1_40' title="bbox 384 2901 1900 2957; baseline 0.003 -17"><span class='ocrx_word' id='word_1_429' title='bbox 384 2901 511 2940; x_wconf 79' lang='lat' dir='ltr'><strong>bentes</strong></span> <span class='ocrx_word' id='word_1_430' title='bbox 543 2902 732 2942; x_wconf 79' lang='lat' dir='ltr'><strong>Deorum.</strong></span> <span class='ocrx_word' id='word_1_431' title='bbox 775 2904 874 2942; x_wconf 84' lang='lat' dir='ltr'><strong>Ibid.</strong></span> <span class='ocrx_word' id='word_1_432' title='bbox 902 2906 970 2947; x_wconf 88' lang='grc'><strong>20.</strong></span> <span class='ocrx_word' id='word_1_433' title='bbox 1003 2906 1180 2956; x_wconf 80' lang='lat' dir='ltr'><strong>patriam</strong></span> <span class='ocrx_word' id='word_1_434' title='bbox 1210 2905 1495 2957; x_wconf 76' lang='lat' dir='ltr'><strong>populumque.</strong></span> <span class='ocrx_word' id='word_1_435' title='bbox 1537 2906 1577 2954; x_wconf 88' lang='lat'><strong>3,</strong></span> <span class='ocrx_word' id='word_1_436' title='bbox 1613 2903 1652 2956; x_wconf 82' lang='grc'>4,</span> <span class='ocrx_word' id='word_1_437' title='bbox 1679 2905 1720 2948; x_wconf 85' lang='grc'><strong>4.</strong></span> <span class='ocrx_word' id='word_1_438' title='bbox 1743 2906 1900 2956; x_wconf 74' lang='lat' dir='ltr'><strong>fidibus</strong></span> 
     </span>
    </p>
   </div>
  </div>
 </body>
</html>
