2028 3268
352 261 438 304 380
507 264 880 305 COMMENTARII
900 265 954 303 IN
973 262 1191 304 HORATII
1213 263 1311 303 LIB.
1331 265 1360 303 Ι.
1388 264 1552 306 EPIST.
1573 266 1720 307 SEPT.
1780 268 1862 308 108

354 386 540 436 Quicquid
569 388 711 435 credis,
758 386 854 423 hanc
891 390 932 423 ut
956 398 1142 436 personae
1177 385 1240 423 vili
1269 399 1313 423 ac
1351 388 1461 423 tenui⁴
1488 391 1615 425 notam
1647 389 1864 439 appositam

352 457 456 490 recte
486 454 574 491 dicit
602 452 819 490 Mar-cilius.
877 453 955 490 Sed
984 457 1023 491 et
1050 454 1088 490 in
1121 453 1189 490 hac
1212 465 1253 490 re
1282 453 1448 490 nonnulli
1483 455 1706 505 interpretes
1737 457 1861 493 sordi-

351 520 438 556 dam
460 521 643 569 quandam
672 520 924 567 tenacitatem,
952 532 1082 570 parum
1111 519 1395 557 convenientem
1423 520 1585 558 moribus
1607 521 1713 571 hujus
1740 522 1860 559 homi-

351 586 409 621 nis
434 598 493 621 vv.
515 585 567 624 57
586 605 636 612 --
654 585 720 624 59.
747 586 944 637 descriptis
973 587 1264 623 animadvertere
1290 585 1360 623 sibi
1387 585 1456 622 visi
1482 590 1581 623 sunt.
1638 587 1711 631 Qui
1740 588 1863 626 offen-

351 652 488 688 duntur
515 663 550 688 v.
577 652 761 701 proprios
793 653 970 703 unguis,
1014 650 1170 690 Poetam
1202 653 1334 701 jocose
1363 652 1527 689 officium
1553 653 1738 700 tonsoris,
1785 665 1859 701 quo

351 719 459 754 homo
485 718 546 755 ille
573 719 657 768 ipse
685 719 834 757 functus
862 721 933 767 sit,
985 731 1030 756 ex
1065 720 1334 757 contrariorum
1361 720 1508 756 ratione
1546 718 1754 768 significare
1786 730 1862 755 non

349 785 489 822 vident.
546 784 606 823 De
633 785 839 824 Horatiano
866 785 974 836 hujus
1002 799 1086 823 voc.
1115 799 1186 824 usu
1214 786 1288 823 vid.
1316 785 1546 822 Lilbkerum
1566 787 1615 823 ad
1643 785 1718 822 Od.
1751 786 1790 834 1,
1822 786 1867 833 1,

350 851 389 889 9.
419 855 532 901 atque
561 853 609 890 de
639 853 708 890 hoc
735 854 902 891 tonsoris
932 852 1056 890 officio
1086 852 1207 890 Plaut.
1236 851 1356 889 Aulul.
1388 854 1427 900 2,
1455 848 1496 900 4,
1525 849 1593 890 34.
1651 849 1732 888 val.
1760 850 1860 888 Max.

348 916 390 967 4,
420 921 460 967 2,
491 919 556 960 15.
613 919 776 959 Martial.
797 921 838 969 3,
868 916 936 969 74,
966 919 1006 959 3.
1062 919 1229 957 Broukh.
1261 923 1299 956 et
1326 918 1431 956 Diss.
1464 919 1513 956 ad
1544 917 1632 955 Tib.
1665 918 1703 966 1,
1732 918 1757 957 8
1786 916 1862 967 (9),

350 987 416 1027 12.
482 986 626 1036 B6ttig.
664 987 792 1024 Sabin.
830 1000 868 1037 p.
894 985 990 1026 355.
1055 986 1218 1023 Becker.
1255 986 1305 1023 ad
1346 985 1445 1022 Gall.
1483 985 1513 1022 Ι.
1553 998 1593 1034 p.
1622 983 1719 1024 330.
1776 983 1862 1021 Jam

348 1057 450 1090 recte
482 1053 665 1102 judicabis
705 1055 752 1091 de
791 1053 975 1102 scriptura
1003 1053 1167 1103 proprio
1207 1065 1252 1090 ex
1294 1051 1499 1102 Xylandri
1534 1051 1863 1101 interpretatione:

348 1120 415 1167 „in
442 1119 511 1156 hos
539 1133 628 1158 usus
653 1120 801 1169 facto,“
830 1133 874 1158 ex
902 1118 1068 1156 Bothii:
1099 1120 1193 1169 „qui
1220 1120 1387 1157 tonsoris
1417 1118 1533 1156 cultro
1562 1118 1615 1157 uti
1643 1117 1784 1166 nollet,
1812 1129 1862 1154 ne

349 1188 436 1236 quid
465 1200 534 1237 pro
559 1200 604 1225 eo
630 1199 778 1237 quoque
805 1187 929 1224 officio
958 1186 1027 1223 sibi
1046 1187 1314 1224 numerandum
1335 1185 1479 1222 foret.“
1506 1205 1563 1212 —
1583 1183 1643 1221 Ad
1662 1197 1743 1221 voc.
1765 1183 1862 1220 lent-

349 1261 423 1299 ter,
453 1254 477 1292 i.
508 1267 541 1291 e.
571 1254 690 1302 lente,
720 1253 940 1303 tranquille,
970 1253 1006 1290 J.
1026 1253 1190 1291 Merkel.
1207 1251 1264 1304 *):
1294 1250 1598 1301 „gemaehlichf‘
1632 1249 1859 1287 Schmidius

347 1320 475 1357 laudat
501 1319 624 1370 Epist.
658 1322 704 1369 1,
743 1322 816 1369 18,
855 1319 923 1359 97.
995 1321 1133 1358 Scheff.
1163 1322 1211 1358 ad
1242 1318 1402 1355 Phaedr.
1434 1319 1480 1367 1,
1519 1316 1597 1367 25,
1634 1319 1675 1357 7.
1747 1317 1861 1354 Ovid.

347 1385 474 1423 Amor.
506 1390 543 1436 1,
574 1388 614 1435 6,
643 1388 682 1426 7.
744 1387 818 1431 Qui
846 1385 1044 1437 eleganter
1065 1387 1264 1437 explicant,
1293 1385 1464 1435 Philippo
1490 1384 1698 1421 attribuunt
1718 1382 1862 1432 Lyncei

347 1454 499 1500 oculos3
528 1466 643 1502 quare
672 1454 819 1503 dubito,
845 1467 927 1492 rum
955 1458 1057 1491 recte
1085 1453 1348 1490 Burmannus
1375 1453 1423 1489 ad
1442 1451 1596 1489 Petron.
1617 1451 1685 1490 31.
1706 1464 1746 1501 p.
1766 1451 1858 1491 121.

340 1522 477 1570 pueris
506 1521 758 1571 paronychia
797 1535 887 1558 cum
923 1521 1077 1572 ingenti
1110 1519 1327 1557 subtilitate
1356 1518 1582 1556 tollentibus
1609 1531 1691 1556 voc.
1726 1508 1862 1554 leniter

345 1589 445 1624 idem
473 1600 557 1624 esse
585 1589 686 1637 quod
714 1587 910 1624 subtiliter
937 1588 1084 1626 dixerit.

455 1651 500 1690 V·
539 1653 590 1694 52
611 1675 667 1680 -—
687 1653 754 1694 55.
812 1655 993 1691 Demetri
1028 1674 1084 1682 -—-
1119 1654 1300 1689 Menam.
1357 1652 1441 1689 Jam
1479 1651 1670 1702 Philippus
1702 1650 1860 1700 quadam

346 1714 577 1773 εὐτραπελίᾳ
603 1719 782 1769 impulsus
811 1733 879 1770 per
903 1721 1136 1758 Demetrium
1165 1731 1311 1756 servum
1339 1719 1553 1768 percontari
1576 1718 1684 1767 jubet
1710 1731 1786 1755 non
1814 1731 1859 1756 ex

344 1789 521 1834 tonsore,
559 1786 614 1822 uti
637 1787 810 1836 opinatur
836 1786 1093 1824 Hoclzederus
1121 1787 1169 1823 ad
1197 1797 1232 1822 v.
1262 1785 1353 1833 56.,
1393 1788 1507 1834 atque
1535 1785 1606 1822 sibi
1630 1785 1860 1834 persuadent

342 1852 403 1889 vel
432 1852 640 1902 complures
673 1865 822 1902 eorum,
861 1854 923 1902 qui
951 1858 1143 1891 tonsorem
1171 1852 1210 1889 in
1237 1851 1424 1889 tonstrina
1452 1863 1527 1887 non
1555 1851 1720 1888 adfuisse
1745 1851 1857 1901 paulo

344 1923 432 1957 ante
458 1921 717 1969 conjecerunt,
743 1921 812 1957 sed
840 1932 884 1957 ex
908 1920 1054 1957 homine
1083 1921 1192 1969 ipso,
1221 1918 1303 1967 quis
1332 1919 1393 1955 sit.
1450 1917 1599 1955 Etenim
1623 1916 1739 1954 verba
1763 1930 1858 1967 quae

344 1990 550 2036 sequuntur
567 1999 603 2023 v.
626 1986 678 2026 55
702 1999 785 2036 sqq.
813 1999 898 2023 esse
925 1987 1042 2036 ipsius
1066 1986 1202 2023 Volteii
1231 1988 1332 2022 certe
1354 1983 1434 2020 vult
1458 1984 1635 2021 Horatius
1659 1987 1698 2020 et
1725 1985 1859 2021 suadet

343 2054 400 2090 rei
429 2054 590 2091 comicae
609 2052 760 2101 elegans
781 2052 959 2101 gravitas.
1019 2054 1262 2102 Quapropter
1281 2063 1428 2099 vereor,
1457 2062 1505 2086 ne
1532 2049 1721 2095 Orellius,
1745 2063 1857 2099 quum

344 2132 390 2157 ex
418 2120 563 2156 verbis:
582 2126 676 2170 post
702 2118 833 2156 decisa
860 2121 1018 2169 negotia
1046 2132 1203 2169 campo,
1231 2117 1418 2154 Volteium
1436 2120 1525 2153 tunc
1542 2117 1664 2167 ipsum
1686 2118 1725 2155 in
1743 2117 1855 2154 Cam-

343 2199 434 2236 pum
461 2186 637 2224 Martium
664 2187 719 2223 ire
746 2187 785 2223 in
813 2188 936 2223 animo
971 2186 1166 2236 habuisse,
1211 2198 1257 2223 ex
1285 2197 1359 2234 qua
1385 2197 1427 2222 re
1455 2196 1660 2235 apparere,
1702 2196 1857 2235 puerum

456 2308 496 2354 *)
525 2310 616 2344 Dum
643 2312 731 2346 haec
760 2311 892 2355 scribo,
920 2310 1004 2345 mihi
1032 2309 1188 2344 traditur
1214 2309 1250 2346 J.
1271 2309 1432 2343 Merkelii
1458 2309 1576 2343 versio
1606 2319 1694 2354 quae
1725 2307 1855 2342 dicitur

344 2366 587 2412 Epistolarum
613 2368 702 2402 Hor.
733 2367 1046 2411 (Aschaffenburg,
1076 2366 1136 2400 bei
1166 2365 1237 2403 Th.
1266 2365 1411 2410 Pergay
1441 2365 1541 2408 [Carl
1566 2364 1700 2409 Krebs]
1731 2360 1854 2407 1841.)

344 2423 447 2462 Quae
475 2423 520 2457 V.
554 2423 588 2456 d.
618 2423 663 2457 de
691 2423 792 2467 hujus
819 2424 1008 2468 Epistolae
1034 2421 1266 2456 translatione
1293 2433 1314 2454 a
1347 2420 1525 2455 Giinther«)
1552 2421 1648 2453 facta
1666 2424 1751 2453 nota
1769 2430 1853 2465 qua-

343 2477 421 2512 dam
449 2478 611 2512 censoria
637 2491 673 2524 p.
702 2479 807 2513 XVII
825 2498 872 2504 —-
891 2479 1011 2512 XXII.
1041 2478 1159 2521 docet,
1187 2476 1367 2510 maximam
1395 2481 1532 2520 partem
1552 2476 1781 2520 approbanda
1799 2475 1854 2509 vi-

344 2534 484 2568 dentur.
542 2534 724 2568 Dissentio
753 2538 870 2568 tamen
899 2535 943 2568 de
978 2545 1011 2567 v.
1042 2530 1120 2577 24.‚
1164 2533 1210 2566 ad
1243 2543 1343 2576 quem
1371 2531 1458 2564 haec
1487 2535 1654 2565 annotat:
1696 2532 1852 2575 „Horaz

343 2590 417 2623 will
446 2590 544 2624 nicht
573 2602 703 2636 sagen,
755 2591 836 2625 dass
864 2591 952 2624 auch
981 2600 1020 2623 er
1046 2590 1121 2623 sich
1147 2587 1321 2622 bemiihen
1349 2587 1475 2630 wolle,
1522 2587 1675 2621 sondern
1701 2587 1783 2621 dass
1813 2598 1853 2620 er

343 2645 454 2679 durch
473 2645 550 2680 sein
569 2647 751 2692 Betragen
777 2648 866 2680 auch
895 2646 1027 2681 seinem
1054 2644 1280 2679 wohlthiiter
1309 2642 1406 2676 Ehre
1435 2643 1579 2676 macheu
1607 2642 1751 2678 wolle.“
1795 2643 1852 2677 Ex

344 2704 467 2735 nostra
495 2706 623 2747 autem,
654 2714 754 2749 quam
782 2714 890 2748 supra
917 2702 1114 2748 posuimus,
1143 2698 1446 2743 interpretatione
1476 2700 1590 2732 Poeta
1619 2702 1717 2733 tecte
1743 2698 1851 2744 signi-

344 2757 449 2800 ficat,
498 2769 537 2790 se
577 2770 597 2791 a
628 2759 837 2793 Maecenate
877 2770 940 2792 suo
978 2758 1070 2791 dona
1105 2754 1272 2790 illiberali
1313 2753 1515 2788 conditione
1554 2766 1623 2788 non
1659 2755 1849 2800 accepisse.

344 2812 492 2847 Ia'ibkcri
518 2812 609 2847 liber
637 2815 752 2849 bonae
782 2814 896 2859 frugis
924 2813 1158 2860 plenissimus,
1190 2822 1290 2857 quem
1320 2810 1511 2854 aliquoties
1541 2810 1770 2854 laudavimus,
1799 2810 1849 2844 sic

344 2868 537 2913 inscriptus
566 2873 639 2903 est:
671 2871 923 2913 „Commentar
952 2881 996 2905 zu
1025 2869 1178 2906 Horaz's
1209 2867 1326 2910 Oden,
1356 2866 1454 2900 Buch
1482 2867 1499 2900 Ι
1517 2885 1565 2892 -
1583 2867 1677 2902 ΙῙῙ.“
1707 2865 1848 2901 Schles-

344 2924 437 2970 wig:
465 2924 525 2959 bei
554 2925 604 2959 M.
625 2926 757 2960 Bruhn.
789 2923 890 2963 1841.
