2028 3268
322 253 402 295 174
431 255 795 294 COMMENTARII
823 254 877 290 IN
904 251 1120 289 HORATII
1138 249 1307 288 EPIST.
1332 250 1546 292 SECUND.
1575 252 1672 291 LIB.
1696 252 1728 292 1.
1783 251 1836 291 68

321 389 376 394 —
394 375 437 404 ut
465 380 565 404 nono
588 365 744 403 demum
766 362 874 400 sulco
886 361 1150 412 perdometur.
1183 362 1342 401 Petron.
1362 361 1429 400 99.
1457 368 1589 399 aratro
1617 360 1838 411 domefacta

322 433 437 470 tellus
458 435 569 471 uitet.
602 432 662 469 cf.
689 431 794 479 Virg.
820 429 897 466 Ge.
929 428 965 476 1,
1003 427 1095 468 125.
1123 426 1220 468 494.
1250 428 1343 466 Tib.
1363 428 1402 476 2,
1430 429 1471 476 3,
1503 429 1541 468 8.
1597 430 1663 466 Ex
1681 427 1744 466 his
1763 440 1838 466 ex-

322 502 463 552 emplis
494 503 665 550 apparet,
695 493 998 534 similitudinem
1029 508 1052 532 a
1087 508 1128 531 re
1149 496 1311 532 militari
1334 495 1501 545 petitam
1514 496 1620 532 varie
1638 495 1839 547 transferri

322 567 373 604 ad
392 568 682 618 agriculturam.
741 561 1010 602 Simili-sensu
1023 576 1127 600 arasa
1158 569 1351 613 eoguntur
1362 575 1521 611 parere,
1549 562 1708 607 servire,
1733 559 1839 613 quod

321 633 421 669 bene
450 631 651 668 annotavit
677 628 854 679 Heynius
878 626 936 665 -ad
964 629 1073 679 Virg.
1100 630 1204 666 Aen.
1241 631 1278 677 1,
1315 629 1368 677 3.,
1417 630 1484 680 qui
1511 627 1672 679 quidem
1702 641 1838 666 versus

321 697 489 736 Aeneitli
521 696 687 748 praefixi
713 701 817 736 sunt.
874 694 939 732 Sic
963 695 1214 733 Germanicus
1247 696 1289 731 iu
1317 697 1427 732 Arat.
1458 693 1607 732 Phaeu.
1626 708 1666 745 p.
1687 695 1754 734 96.
1775 692 1838 731 ed.

325 765 466 805 1589.:
485 764 726 814 fructusque
751 760 873 798 dabat
888 769 1040 811 pacata
1068 762 1201 799 colono
1226 761 1374 812 Sponte
1397 775 1470 798 sua
1498 761 1629 806 tellus,
1658 761 1718 796 uti
1734 758 1841 798 hunc

322 832 454 868 locum
483 828 621 867 laudat
638 831 717 866 Fea
744 826 795 865 ad
814 828 895 865 Sat.
918 829 955 876 1,
986 829 1022 877 1,
1037 830 1109 869 29.
1165 831 1212 866 In
1231 842 1271 865 re
1295 841 1375 865 non
1396 842 1553 879 prorsus
1574 826 1768 875 dissimili,
1792 825 1841 863 de

323 895 564 945 aurifodinis,
584 897 712 934 Lucil.
731 897 826 935 Jun.
845 897 960 935 Aetn.
976 896 1096 935 269.:
1133 896 1559 946 Torquenturflamma
1578 901 1701 930 terrae
1706 893 1843 944 serro-

323 978 398 1015 que
429 963 653 1000 domantur.
712 963 777 999 Fr.
809 962 952 1000 Jacobs
985 969 1183 1013 comparat
1219 961 1420 999 Plutarch.
1459 964 1530 1003 vit.
1566 963 1683 998 Num.
1712 974 1748 998 c.
1777 960 1842 1000 16.

322 1029 474 1082 τρέπων
496 1028 560 1070 ἐπὶ
581 1029 773 1081 γεωργίαν
793 1026 862 1069 τόν
881 1028 1010 1079 δῆμον
1036 1024 1118 1080 ἅμα
1132 1031 1183 1083 τῇ
1200 1024 1308 1083 χώρᾳ
1329 1025 1728 1081 συνεξημερούμενον.
1773 1027 1844 1066 Vi-

325 1097 392 1134 des
413 1098 546 1147 igitur,
566 1097 600 1133 si
613 1094 822 1133 hominum
835 1096 1012 1132 laborem
1030 1097 1226 1146 respicias,
1248 1107 1369 1146 quem
1386 1096 1428 1132 in
1444 1096 1516 1132 tali
1531 1109 1575 1132 re
1595 1100 1843 1142 consumunt,

324 1165 423 1201 bene
453 1163 531 1201 dici
551 1163 712 1213 pacari,
742 1163 777 1199 si
801 1175 894 1200 vero
916 1168 1063 1199 terram
1093 1163 1234 1212 ipsam,
1264 1175 1365 1214 quae
1392 1162 1526 1200 labore
1542 1162 1614 1199 illo
1633 1163 1766 1198 mitior
1786 1160 1842 1209 fit,

320 1230 497 1280 placari,
525 1236 569 1266 ut
587 1242 853 1266 mansuescere
871 1230 978 1279 Virg.
1000 1229 1070 1266 Ge.
1093 1230 1130 1277 1,
1162 1228 1253 1269 152.
1308 1230 1514 1266 Praeterea
1535 1242 1592 1266 ex
1610 1230 1758 1266 ratione
1776 1234 1844 1267 to-

325 1299 401 1334 tius
435 1297 512 1334 loci
540 1302 714 1347 apparet,
743 1296 866 1332 silvas
889 1309 911 1333 a
938 1295 1109 1333 Zurckio
1135 1308 1343 1346 perperam
1370 1296 1541 1346 intelligi
1568 1308 1681 1346 agros
1708 1295 1843 1345 spinis,

326 1365 453 1415 lappis
486 1370 524 1399 et
558 1364 714 1400 tribulis
746 1375 924 1414 asperos3
957 1363 1192 1413 intelligitur
1228 1363 1359 1414 potius
1393 1375 1575 1412 agrormn
1605 1362 1846 1400 silvestrium

327 1433 493 1478 cultura,
525 1429 573 1467 de
587 1443 673 1481 ⁴qua
692 1428 774 1467 vid.
794 1431 919 1482 Epist.
940 1431 979 1478 2,
999 1431 1039 1478 2,
1060 1431 1155 1470 186.
1209 1429 1273 1467 Ad
1294 1443 1455 1467 sensum
1473 1431 1580 1480 Virg.
1601 1429 1670 1468 Ge.
1691 1430 1731 1478 2,
1750 1429 1846 1469 211.

326 1501 388 1534 At
408 1485 519 1534 rudis
537 1498 677 1534 enituit
693 1496 862 1546 impulso
879 1510 1031 1534 vomere
1048 1511 1225 1548 campus.
1257 1499 1347 1535 Vox
1363 1496 1536 1533 incultae
1557 1495 1667 1534 haud
1688 1496 1768 1534 scio
1795 1508 1847 1532 an
1865 1496 1867 1498 ’

327 1566 451 1615 possit
482 1563 532 1600 ad
563 1564 670 1614 ipsas
695 1565 814 1601 silvas
837 1564 965 1600 -relata
994 1576 1039 1601 eo
1069 1576 1190 1601 sensu
1218 1565 1355 1615 accipi,
1386 1576 1463 1615 quo
1483 1565 1589 1614 Virg.
1608 1564 1694 1600 Ecl.
1713 1560 1753 1611 4,
1777 1563 1846 1603 29.

329 1630 573 1680 Ine-ullisque
595 1629 739 1666 rubens
761 1629 947 1679 pendebit
975 1628 1147 1666 sentibus
1177 1642 1257 1666 uva
1280 1627 1415 1679 (Vossx
1456 1628 1698 1678 „wildernde
1726 1629 1847 1668 Wal-

330 1693 507 1750 dung“),
536 1698 601 1734 vel
620 1711 691 1748 per
712 1697 914 1748 prolepsin
935 1696 1124 1746 explicari
1149 1697 1227 1733 sic:
1257 1697 1417 1744 „Silvae
1436 1703 1561 1734 aratro
1589 1696 1848 1747 agriculturae

329 1765 601 1814 subjiciuntur,
626 1770 675 1800 -ut
698 1761 850 1814 (ipsae)
879 1762 1051 1799 incultae
1081 1762 1171 1809 sint,
1203 1775 1284 1799 non
1313 1764 1482 1814 amplius
1515 1764 1732 1800 colantur.“
1787 1763 1848 1800 Ita

329 1831 457 1883 Epod.
483 1833 547 1879 17,
570 1828 607 1870 4.
640 1830 762 1878 refixa
778 1829 968 1866 devocare
988 1829 1117 1865 sidera
1134 1841 1204 1879 pro
1222 1827 1426 1878 devocare,
1450 1837 1494 1866 ut
1510 1829 1632 1867 refixa
1652 1830 1752 1877 sint3
1779 1828 1849 1865 ubi

330 1898 420 1936 vide
448 1896 567 1936 Jahn.
600 1903 639 1933 et
666 1895 716 1932 ad
742 1897 790 1934 A.
818 1898 865 1933 P..
887 1894 998 1944 294„
1028 1894 1078 1932 ad
1105 1897 1214 1945 Virg.
1239 1895 1316 1932 Ge.
1337 1897 1374 1943 1,
1404 1895 1502 1936 320.
1558 1895 1712 1933 Eodem
1729 1893 1848 1932 modo

332 1966 506 2016 explices
528 1962 600 2001 Od.
614 1965 658 2010 2,
681 1963 719 2009 9,
742 1963 779 2001 1.
808 1962 984 2012 hispidos
1006 1976 1125 2013 agros
1149 1969 1187 1998 et
1210 1963 1318 2012 Virg.
1339 1963 1439 1999 Aen.
1463 1964 1503 2011 3,
1533 1963 1628 2003 508.
1663 1961 1734 1998 Sol
1751 1963 1850 2007 ruit,

331 2035 477 2069 interea
496 2038 533 2067 et
549 2036 696 2067 montes
714 2027 948 2065 umbrantur
967 2030 1094 2078 opaci.
1150 2029 1270 2064 Plura
1290 2027 1406 2078 hujus
1427 2030 1580 2079 generis
1600 2028 1851 2080 suppeditant

332 2102 473 2136 Bauer.
505 2096 555 2133 ad
586 2097 718 2146 Sanct.
746 2096 916 2132 Minerv.
942 2097 993 2132 II.
1020 2108 1060 2146 p.
1085 2092 1194 2142 342„
1223 2095 1387 2135 Weber.
1409 2095 1460 2133 ad
1479 2098 1623 2134 Juven.
1642 2097 1725 2136 Sat.
1747 2097 1786 2136 6.
1810 2110 1850 2147 p.

333 2165 426 2205 442.
449 2172 488 2202 et
506 2165 727 2202 Wellauer.
747 2163 789 2198 in
812 2160 998 2199 Seebodii
1019 2160 1216 2210 „Archiv“
1239 2163 1359 2203 1831.
1375 2175 1415 2213 Ρ.
1434 2161 1515 2203 405
1531 2176 1618 2215 sqq.

444 2233 490 2270 V.
509 2230 575 2270 46.
612 2230 727 2280 Quod
742 2230 1029 2279 satis—optet.
1062 2227 1196 2267 Schol.
1218 2230 1358 2280 Cruq.:
1388 2256 1420 2276 „
1432 2229 1550 2278 Quod
1560 2252 1617 2258 —
1635 2230 1848 2280 contingit.-

339 2302 478 2337 Monet
501 2298 585 2342 lu'c,
613 2298 650 2333 si
675 2310 721 2333 ea
748 2309 849 2347 quae
881 2297 991 2346 eupit
1014 2295 1180 2345 aliquis,
1209 2303 1434 2332 consecutas
1460 2302 1497 2331 et
1520 2296 1686 2345 adeptus
1700 2295 1850 2346 fuerit,

336 2365 547 2417 cupiditati
575 2377 670 2401 suae
686 2363 815 2411 finem
830 2363 983 2413 saciat.
1049 2362 1117 2399 Sic
1144 2360 1260 2406 alibi,
1290 2360 1384 2398 bene
1410 2369 1466 2398 est
1490 2364 1556 2398 eui
1579 2362 1692 2398 Deus
1712 2360 1852 2398 obtulit

330 2447 463 2484 parva
487 2431 593 2483 quod
610 2431 707 2467 satis
727 2437 782 2466 est
802 2433 979 2466 manu.“
996 2427 1085 2481 (Οά.
1106 2428 1145 2476 3,
1171 2428 1234 2475 16,
1257 2425 1344 2479 42.)
1371 2430 1502 2466 Minus
1530 2435 1653 2476 recte3
1682 2428 1852 2466 formula

338 2502 444 2537 enim
472 2497 578 2549 quod
603 2498 700 2534 satis
726 2504 782 2533 est
805 2496 999 2547 significat
1029 2496 1132 2532 vitae
1154 2495 1394 2543 necessaria,
1420 2492 1470 2534 vo}
1504 2491 1720 2548 ἆρκοῦντα,
1753 2494 1852 2546 (vid.

337 2565 493 2604 Mitsch.
519 2565 569 2602 ad
588 2563 660 2602 Od.
681 2565 720 2612 3,
747 2565 783 2612 1,
803 2563 871 2603 25.
893 2569 931 2600 et
950 2560 1128 2600 Schmid.
1151 2559 1202 2598 ad
1222 2561 1348 2611 Epist.
1367 2563 1406 2609 2,
1433 2564 1473 2611 2,
1497 2562 1582 2614 52.)
1607 2568 1645 2598 et
1663 2563 1854 2599 contraria

340 2641 398 2670 est
428 2633 640 2670 formulae:
662 2631 789 2681 plura
814 2641 977 2680 parare,
1009 2627 1058 2666 de
1087 2641 1165 2680 qua
1197 2626 1299 2664 dixit
1327 2625 1530 2664 Kirchner.
1566 2626 1617 2664 ad
1646 2627 1730 2666 Sat.
1754 2630 1786 2665 Ι.
1811 2641 1850 2679 p.

341 2702 431 2741 190.
462 2699 663 2737 Sententia
684 2711 736 2735 ex
753 2698 839 2749 ipsa
857 2697 981 2748 ipsius
995 2697 1141 2734 Poetae
1162 2692 1414 2746 philosophia
1437 2692 1669 2745 deprompta
1683 2692 1851 2743 videtur,

338 2765 420 2803 vid.
452 2765 523 2802 Od.
555 2767 591 2813 1,
619 2767 686 2812 31,
715 2765 781 2804 17.
818 2766 858 2812 2,
884 2765 924 2804 2.
951 2765 990 2810 2,
1027 2763 1091 2810 16,
1128 2762 1195 2802 13.
1235 2762 1274 2808 2,
1307 2761 1372 2800 18.
1403 2761 1443 2808 3,
1486 2761 1523 2800 1.
1558 2761 1625 2800 16.
1657 2761 1852 2812 imprimis

342 2834 407 2880 16,
428 2831 480 2872 25
502 2844 585 2882 sqq.
610 2830 648 2878 4,
671 2833 710 2879 9,
729 2829 783 2871 45
806 2843 892 2882 sqq.
921 2831 1045 2881 Epist.
1070 2829 1135 2877 10,
1153 2827 1220 2869 46.
1263 2830 1361 2865 Rem
1379 2829 1549 2864 illustrat
1570 2829 1706 2866 Senec.
1726 2829 1852 2878 Epist.

343 2897 407 2939 14.
476 2899 518 2935 Is
550 2899 718 2934 maxime
753 2898 902 2935 divitiis
925 2896 1084 2948 fluitur
1092 2923 1110 2942 ‚
1147 2895 1219 2946 qui
1245 2895 1406 2931 minime
1434 2895 1581 2932 divitiis
1617 2894 1777 2945 indzgret.
1800 2916 1853 2922 -—
