2028 3268
134 249 190 294 23
265 245 649 289 COMMENTARH
679 245 738 287 IN
758 244 989 286 HORATll
1018 242 1164 286 L1B.1.
1202 243 1368 284 EPIST.
1390 244 1550 284 TERT.
1599 243 1684 286 213

133 374 252 412 rensis
280 376 320 412 et
339 372 434 424 juris
462 372 578 411 civilis
602 373 737 411 studiis
766 385 834 424 per
857 372 968 410 horas
991 369 1205 409 subsecivas
1231 382 1383 422 operam
1401 371 1531 422 daret,
1564 370 1682 422 signi-

132 442 342 482 ficarentur.
401 440 507 479 Idem
535 441 675 479 sentire
716 440 911 479 Orellium
938 440 1058 478 video.

243 509 289 548 V.
318 509 385 550 21.
408 511 479 551 22.
534 509 633 546 Non
667 509 742 546 tibi
759 531 816 537 —-
834 507 999 546 hirtum.
1053 508 1270 560 Ingenium
1300 521 1382 544 non
1403 520 1581 559 parvum
1610 519 1679 558 per

131 578 288 628 litoten,
315 581 359 615 ut
390 577 466 617 Od.
494 578 544 627 1,
573 579 649 628 28,
681 575 747 618 14.
779 575 828 627 4,
857 577 907 626 8,
935 573 1000 623 4.;
1031 590 1111 613 non
1140 576 1282 614 incult.
1315 583 1373 613 est
1391 583 1428 613 et
1448 583 1555 626 turp.
1580 574 1674 613 hir-t.

131 657 177 684 ex
196 649 290 684 nota
313 644 453 695 ingenii
481 657 566 682 cum
585 659 678 696 agro
698 645 990 697 comparatione.
1035 646 1115 683 Cic.
1148 645 1256 682 Brut.
1282 644 1329 694 4,
1351 646 1390 684 7.
1413 642 1520 695 (ibiq.
1541 644 1677 695 Peter)

134 713 319 751 Seremus
346 714 473 765 igitur
501 713 664 765 aliquid
691 720 889 764 tanquam
916 713 960 749 in
991 713 1142 750 inculto
1172 720 1208 749 et
1236 712 1420 750 derelicto
1440 712 1535 750 solo.
1593 709 1679 750 Alia

130 783 303 821 dedimus
323 783 372 820 ad
405 782 427 822 1
444 808 458 832 ,
492 782 514 821 1
531 809 545 832 ,
577 779 645 823 40.
676 795 716 833 p.
733 781 800 821 60.
827 803 878 809 -—
904 781 1072 831 turpiter
1091 781 1242 818 hirtum
1263 786 1306 820 ut
1325 779 1373 822 A.
1390 780 1433 820 P.
1452 781 1492 821 3.
1511 780 1679 830 turpiter

129 857 291 898 atrum;
321 850 370 888 de
393 862 486 900 agro
516 850 600 903 ipso
623 849 806 888 Prudent.
847 847 983 888 Perist.
1019 850 1093 900 11,
1125 850 1220 891 120.
1233 851 1398 901 frustra
1423 850 1565 899 Carpit
1591 849 1678 899 spi-

130 921 280 972 nigeris
309 917 501 968 stirpibus
526 917 657 955 hirtus
686 931 798 969 ager.
851 916 1030 954 Similiter
1058 918 1132 956 Od.
1162 919 1209 968 2,
1244 917 1292 968 9,
1328 919 1364 958 1.
1392 919 1485 969 agri
1511 917 1677 967 hispidi.

128 987 248 1026 Recte
275 988 335 1026 hic
366 987 495 1038 posuit
519 986 730 1033 Bentlejus
760 993 798 1022 et
829 986 877 1023 de
908 997 949 1022 re
974 998 1051 1023 non
1083 987 1137 1024 ita
1164 987 1313 1024 diversa
1340 998 1464 1036 neque
1486 987 1524 1024 in
1556 986 1676 1036 majus

127 1069 199 1108 per
222 1071 295 1094 nec
319 1058 523 1097 efferenda.
566 1054 627 1093 De
655 1054 806 1105 ingenio
832 1057 871 1091 et
897 1053 1063 1092 moribus
1091 1054 1220 1105 Vellej.
1243 1052 1393 1092 Patere.
1419 1056 1467 1104 2,
1495 1054 1561 1094 11.
1595 1054 1676 1091 Ca-

114 1126 191 1173 jus
211 1125 375 1162 Marius
393 1125 524 1162 hirtus
551 1131 672 1175 atque
693 1122 900 1169 horridus,
931 1121 995 1160 ubi
1017 1122 1221 1165 Ruhnken,
1249 1122 1348 1160 hunc
1373 1122 1495 1161 locum
1516 1122 1675 1162 confert.

126 1192 189 1231 Sic
211 1192 376 1230 horrida
396 1193 631 1244 incultaque
652 1193 735 1229 vita
763 1204 824 1242 ap.
851 1191 932 1229 Cic.
952 1204 1012 1242 pr.
1033 1190 1147 1230 Rosc.
1164 1190 1291 1229 Amer.
1312 1191 1381 1240 27,
1409 1190 1475 1231 75.
1519 1191 1676 1228 Schmi-

125 1261 218 1298 clius
242 1261 392 1299 addidit
418 1261 500 1300 Cic.
527 1261 634 1298 Brut.
662 1259 738 1309 31,
775 1259 871 1299 117.
931 1259 1082 1296 Tubero
1109 1280 1166 1288 —
1197 1266 1242 1295 ut
1274 1261 1358 1297 vita
1369 1287 1385 1304 ‚
1417 1261 1474 1295 sic
1502 1260 1677 1296 oratione

126 1329 278 1375 durus,
307 1329 506 1378 incultus,
535 1327 735 1366 horridus.
782 1327 855 1365 His
879 1327 971 1379 ipsis
1000 1329 1222 1366 emendatur
1242 1327 1435 1366 Torrentii
1462 1328 1676 1378 conjectura

127 1397 332 1447 quaedam:
379 1396 563 1448 „Alludit
594 1401 721 1434 autem
760 1396 810 1433 ad
838 1395 932 1447 hoc,
971 1397 1073 1446 quod
1103 1396 1202 1434 hirti
1226 1398 1305 1435 sive
1335 1396 1483 1433 hirsuti
1510 1396 1677 1434 audaces

125 1464 246 1515 magis
282 1465 470 1504 habentur
498 1478 610 1515 quam
639 1465 844 1516 ingeniosi:
894 1464 965 1502 nisi
991 1466 1028 1502 in
1059 1464 1283 1515 metaphora
1316 1464 1364 1503 ab
1399 1477 1492 1514 agro
1520 1467 1675 1515 sumpta

123 1533 326 1585 persistere
356 1547 442 1572 eum
477 1533 603 1581 malis3
638 1534 748 1570 hirta
778 1533 877 1571 enim
909 1545 1007 1582 quae
1032 1538 1071 1571 et
1096 1533 1278 1572 inculta.“
1334 1533 1421 1571 Hoc
1441 1545 1571 1570 verum
1590 1532 1674 1581 qui-

122 1601 229 1649 dem;
258 1601 538 1640 similitudinem
566 1602 662 1640 bene
685 1601 863 1652 explicuit
894 1601 1070 1639 Orellius
1084 1629 1097 1646 ,
1123 1613 1246 1651 neque
1266 1601 1364 1639 male
1381 1599 1507 1639 Schol.
1530 1600 1672 1649 Cruq.:

121 1668 320 1714 „hirtum
331 1698 347 1715 ,
375 1669 636 1716 rusticum‘ss
666 1670 725 1708 cui
750 1669 939 1708 consentit
966 1668 1092 1707 Schol.
1123 1670 1160 1708 d.
1190 1682 1254 1722 ap.
1283 1668 1480 1707 Hoehed.:
1510 1668 1673 1716 „rusti-

120 1750 212 1774 cum
242 1744 280 1773 et
306 1739 615 1788 supessuumf‘

231 1805 279 1851 Y.
304 1805 358 1847 23
374 1828 422 1834 —
436 1805 502 1846 25.
562 1806 643 1843 Seu
671 1804 858 1856 linguam
882 1829 942 1835 -—
963 1806 1163 1856 praemia.
1219 1806 1334 1852 Quod
1365 1804 1456 1843 dicit
1483 1804 1673 1856 linguam

118 1874 253 1911 causis
271 1874 410 1919 acuis,
438 1877 498 1911 est
523 1887 569 1912 ex
595 1874 783 1922 frequenti
813 1886 929 1924 quum
954 1874 1138 1912 sermonis
1166 1877 1247 1912 tum
1275 1873 1515 1924 eloquentiae
1546 1874 1672 1912 foren-

116 1941 168 1979 sis
197 1955 281 1979 cum
308 1941 384 1980 telo
416 1943 606 1992 armisque
635 1943 927 1994 comparatione.
983 1942 1096 1982 Locis
1120 1943 1160 1981 in
1191 1956 1275 1982 eam
1303 1956 1382 1982 rem
1412 1956 1435 1982 a
1464 1942 1671 1980 Schmidio

117 2009 279 2047 laudatis
301 2010 379 2048 Cic.
403 2010 514 2049 Brut.
533 2011 600 2050 97.
628 2017 672 2047 tu
692 2011 792 2048 illuc
812 2024 977 2049 veneras
996 2026 1103 2049 unus
1112 2041 1128 2058 ,
1157 2013 1228 2063 qui
1245 2026 1327 2049 non
1347 2012 1535 2064 linguam
1555 2011 1671 2048 modo

117 2078 291 2115 acuisses
315 2079 588 2115 exercitatione
608 2078 768 2115 (licendi
780 2107 794 2123 ‚
822 2079 895 2116 sed
922 2086 959 2115 et
989 2081 1121 2131 ipsam
1150 2080 1418 2131 eloquentiam
1447 2079 1649 2130 locupleta
1662 2074 1686 2109 ss

119 2146 238 2183 uisses
266 2149 341 2184 etc.
386 2145 541 2185 Pindar.
571 2144 686 2195 Pyth.
715 2146 762 2196 1,
793 2147 862 2186 86.
891 2146 999 2197 [ibiq,
1025 2147 1194 2186 Boeckh.
1221 2147 1271 2186 11.
1303 2149 1341 2189 2.
1377 2164 1418 2201 p.
1452 2149 1548 2200 238]
1577 2151 1669 2201 χαλ-

117 2209 254 2254 κεύειν
277 2216 460 2268 γλῶσσαν
480 2209 582 2265 πρός
612 2229 690 2253 τινι
720 2214 819 2251 adde
845 2215 925 2256 Cic.
950 2217 997 2253 de
1019 2216 1088 2255 Or.
1113 2216 1165 2266 3,
1184 2216 1262 2266 30,
1290 2217 1385 2258 121.
1444 2217 1544 2253 Νοη
1564 2218 1670 2254 enim

115 2283 246 2320 solum
275 2282 460 2320 acuenda
488 2280 602 2318 nobis
622 2288 743 2332 atque
760 2283 1022 2332 procudenda
1044 2283 1190 2335 lingua
1211 2291 1268 2321 esc
1277 2313 1294 2331 ,
1322 2286 1394 2322 Sed
1419 2286 1669 2324 onerandum

116 2351 476 2402 complendumque
487 2356 630 2400 pectus
656 2351 928 2388 maximarum
947 2366 1080 2389 rerum
1101 2359 1138 2388 et
1151 2352 1430 2402 plurimarum
1449 2355 1667 2401 suavitate,

116 2421 260 2470 copia,
291 2420 497 2458 varietate.
561 2417 678 2456 Inscr.
698 2431 760 2470 ap.
792 2418 909 2460 Orell.
943 2419 994 2459 N.
1020 2420 1131 2460 1183
1155 2421 1205 2459 de
1231 2420 1487 2460 Merobaude:
1517 2423 1562 2459 in
1581 2423 1668 2460 Al-

111 2485 236 2537 pibus
269 2486 442 2524 acuebat
472 2485 688 2536 eloquium.
741 2487 840 2526 Stat.
876 2488 968 2526 Silv.
1004 2486 1056 2536 4,
1090 2487 1138 2539 5,
1164 2489 1232 2529 51.
1258 2491 1318 2538 (et
1344 2491 1393 2527 ibi
1421 2491 1598 2532 Wernsd.
1624 2492 1664 2530 in

116 2553 224 2592 Poet.
257 2553 346 2593 Lat.
385 2554 474 2592 min.
503 2553 572 2594 IlI.
626 2569 667 2607 p.
708 2555 829 2603 376.)
872 2557 921 2594 de
962 2556 1202 2606 eloquentia:
1275 2558 1475 2610 Ensisque
1511 2562 1664 2612 vagina

118 2623 315 2674 quiescit,
359 2622 563 2674 Stringere
598 2625 643 2660 ni
675 2623 855 2672 jubeant
884 2627 1020 2665 amici.
1083 2625 1244 2670 Quintil.
1273 2625 1371 2664 [nst.
1416 2627 1491 2678 10,
1518 2627 1558 2679 5,
1591 2629 1659 2670 16.

115 2691 200 2741 ipse
230 2689 300 2727 ille
329 2703 464 2727 mucro
500 2692 653 2742 ingenii
685 2694 922 2743 quotidiana
954 2707 1103 2745 pugna
1135 2694 1375 2732 retundatur
1407 2710 1560 2734 necesse
1586 2705 1655 2736 est.

115 2757 211 2796 Inde
227 2770 289 2810 ap.
316 2756 476 2797 Lucian·
497 2757 597 2801 Tox.
625 2761 693 2800 11·
719 2759 1038 2813 παρασκευάζειν
1064 2757 1278 2814 εὐστόχους
1299 2763 1368 2803 καὶ
1386 2764 1662 2818 τεθηγμένους

114 2822 211 2873 τούς
239 2821 405 2879 λόγους,
433 2826 497 2864 ubi
525 2827 665 2865 Jacob.
698 2843 740 2880 p.
762 2830 831 2871 60.
875 2830 1007 2869 laudat
1035 2831 1103 2868 Fr.
1134 2830 1292 2870 Jacobs,
1323 2833 1373 2870 ad
1404 2831 1540 2872 Achill.
1565 2833 1657 2874 Tat.

114 2907 155 2946 p.
177 2890 274 2934 374.
321 2892 433 2932 Adde
456 2892 619 2947 Rupert.
644 2897 693 2934 ad
724 2898 811 2936 Juv.
837 2900 879 2950 7,
910 2900 1006 2940 156.
1045 2899 1314 2951 Intelliguntur
1329 2904 1455 2939 autem
1476 2901 1516 2940 h.
1535 2901 1558 2939 l.
1579 2915 1659 2940 me-

115 2961 317 3001 ditationes
351 2963 522 3002 forenses
551 2976 619 3002 seu
645 2964 981 3014 declamationes,
1022 2968 1157 3019 quibus
1182 2970 1339 3020 juvenes
1373 2969 1534 3010 Romani
1560 2971 1656 3010 fictis
