2028 3268
237 230 610 271 COMMENTARII
635 231 690 268 IN
712 227 934 267 HORATn
961 225 1137 264 EPIST.
1168 225 1311 263 PRIM.
1341 225 1441 262 LIB.
1470 225 1501 262 1.
1588 221 1642 263 91

101 348 291 398 leguntur
317 357 380 397 ap.
411 345 646 382 Ciceronem
688 339 836 392 (Tusc.
860 339 907 390 4,
939 339 1002 380 13.
1018 339 1059 392 ):
1110 338 1316 377 Vitiositas
1338 345 1396 375 est
1417 336 1578 390 affectio
1601 338 1645 374 in

104 419 188 452 tota
205 413 290 452 vita
318 414 548 450 inconstans
575 418 613 448 et
632 425 662 448 a
689 424 730 448 se
758 411 847 461 zpsa
868 409 1115 447 dissentiens.
1179 406 1248 445 Sic
1274 407 1417 444 vitiosa
1443 420 1542 443 cura
1571 404 1644 444 Od.

102 484 143 532 2,
171 483 237 531 16,
265 483 332 523 21.
358 482 411 520 ib.
446 477 606 519 Mitsch.
631 479 820 517 ceterum
835 484 977 530 sponte
997 483 1186 528 apparet,
1228 475 1408 526 subjecto
1424 505 1434 523 ,
1465 473 1644 519 libidini,

103 563 225 604 quam
239 551 420 588 Donatus
450 548 502 586 ad
524 549 619 586 Ter.
637 549 732 587 Hec.
751 549 801 596 2,
824 549 872 596 2,
910 547 950 587 3.
981 552 1086 583 recte
1119 546 1403 596 interpretatur
1427 541 1646 594 quamlibet

102 619 345 657 voluntatem
363 625 504 655 temere
519 623 760 667 susceptam,
793 615 984 655 orationis
1002 615 1086 651 vim
1110 612 1367 650 tribuendam
1384 612 1508 650 fuisse
1519 642 1529 660 ,
1561 625 1645 650 nou

101 686 351 741 praedicato:
371 686 516 738 facere
532 685 770 736 auspicium.
807 684 867 721 De
892 682 1040 720 talibus
1068 680 1255 733 epithetis
1279 695 1407 733 nuper
1427 680 1542 718 docte
1560 679 1645 718 dis-

101 757 257 808 putavit
276 755 433 794 Dc'ssen.
459 752 510 792 ad
528 754 624 792 Tib.
644 766 684 804 p.
703 753 844 791 CLXX
864 764 954 804 sqq.
975 758 1015 788 et
1035 750 1087 788 ad
1110 752 1133 791 1
1148 780 1158 799 ,
1195 752 1240 798 1,
1269 751 1337 790 62.
1395 751 1504 787 Bene
1527 750 1647 787 vertit

105 825 158 862 P.
183 825 341 869 Dum,
374 822 692 873 elegantissimus
721 822 942 873 interpres:
983 821 1130 868 „Pour
1159 833 1212 856 un
1239 820 1324 856 avis
1355 817 1424 856 des
1453 819 1588 856 Dieux
1615 818 1646 855 il

104 891 232 944 prend
252 905 308 930 un
326 893 420 928 vain
444 891 610 942 caprIce‚
624 891 649 910 “
680 895 719 926 et
738 889 897 926 Go'ller:
936 885 1016 939 ὅπη
1038 885 1080 927 δὲ
1102 882 1227 934 κακός
1257 902 1322 926 νιν
1345 884 1440 926 ἄλλο
1459 902 1494 925 τι
1515 883 1648 936 θυμὸς

105 958 275 1014 ἄνωγεν.
309 982 366 988 --
398 958 554 998 Eodem
575 958 659 995 fere
685 970 806 995 sensu
832 959 951 995 Nisus
977 969 1038 1008 ap.
1058 957 1165 1007 Virg.
1191 958 1293 994 Aen.
1322 956 1371 1003 9,
1401 954 1503 995 185:
1538 955 1648 991 Dine

104 1027 212 1065 hunc
236 1027 418 1065 ardorem
444 1025 641 1065 mentibus
660 1025 820 1063 addant
829 1054 846 1071 ,
878 1024 1084 1076 Euryale,
1113 1039 1170 1061 an
1191 1038 1267 1062 sua
1297 1024 1441 1074 cuique
1462 1023 1576 1060 Deus
1589 1023 1649 1070 fic

102 1095 194 1134 dira
227 1095 404 1146 cupido?
449 1108 571 1148 quem
602 1095 740 1132 locum
771 1095 1015 1145 expressisse
1048 1092 1209 1130 videtur
1239 1091 1354 1130 Ovid.
1378 1093 1472 1131 Met.
1497 1092 1546 1139 8,
1580 1093 1647 1132 72.

103 1164 192 1202 Alio
221 1161 386 1216 quidem
417 1177 539 1202 sensu
569 1164 690 1200 etiam
722 1163 925 1200 Ausonius
955 1163 1090 1213 Epigr.
1118 1163 1197 1209 71,
1228 1162 1267 1200 2.
1297 1159 1413 1197 dicit:
1454 1160 1650 1209 Repperit

46 1236 53 1241 ⁸
101 1230 312 1269 obscoenas
343 1231 511 1270 Veneres
531 1233 674 1270 vitiosa
705 1230 843 1268 libido.
904 1230 1050 1268 Totius
1079 1236 1215 1266 autem
1243 1229 1323 1266 loci
1353 1235 1536 1279 argutam
1562 1230 1648 1266 vim

102 1300 292 1352 pervertit
308 1297 552 1345 Lambinus,
587 1312 711 1351 quem
731 1299 920 1336 refutavit
943 1297 1188 1335 Schmidius.
1221 1298 1418 1348 Apposite
1444 1305 1649 1349 comparat

109 1368 350 1418 Campenon.
391 1367 530 1406 senec.
550 1368 702 1421 Tranq.
723 1369 799 1405 An.
815 1368 858 1407 2.
898 1366 999 1403 Inde
1015 1366 1356 1417 peregrinationes
1376 1367 1650 1416 susczpizmtur

103 1449 234 1487 vagae
242 1463 260 1482 ,
289 1435 406 1472 litora
424 1442 714 1485 pererrantur,
745 1442 783 1471 et
811 1433 926 1471 modo
950 1434 1057 1470 mari
1079 1446 1137 1478 se,
1168 1434 1283 1471 modo
1313 1442 1419 1471 terra
1449 1436 1649 1485 experitur

103 1516 255 1554 semper
267 1502 547 1554 praesentibus
576 1504 723 1556 infesta
755 1502 910 1539 levitas.
954 1502 1082 1539 Nunc
1106 1502 1373 1553 Campaniam
1395 1509 1468 1540 etc.
1512 1504 1646 1555 Atque

103 1570 212 1610 haud
240 1573 323 1610 scio
351 1584 402 1608 an
433 1572 558 1609 Poeta
587 1572 799 1610 celeritatis
832 1573 1064 1619 notionem,
1109 1583 1213 1622 quae
1239 1570 1343 1621 fugit
1377 1571 1647 1618 Glareanmn,

102 1640 339 1692 particulam
356 1654 446 1677 cras
463 1640 602 1688 „brevi
616 1642 822 1692 tempore“
845 1641 1187 1689 interpretantem,
1212 1640 1452 1678 imminuere
1472 1642 1648 1679 noluerit

104 1707 288 1747 addendo
318 1721 357 1747 v.
385 1709 519 1759 inquit
539 1721 577 1750 v,
609 1710 675 1749 86,
693 1739 703 1757 ‚
739 1707 849 1761 quod
878 1709 921 1745 in
955 1707 1105 1744 talibus
1136 1708 1320 1745 omittere
1345 1710 1477 1746 solent
1504 1710 1647 1760 optimi

102 1778 323 1829 scriptores,
362 1776 452 1815 Vid.
472 1778 608 1814 Burm.
628 1775 680 1813 ad
695 1777 854 1815 Petron.
871 1776 939 1817 33.
956 1790 996 1827 p.
1014 1776 1110 1816 132.
1123 1806 1134 1824 ,
1165 1774 1287 1814 Drak.
1311 1776 1360 1814 ad
1378 1779 1465 1815 Liv.
1491 1779 1560 1826 23,
1577 1776 1644 1824 45,

102 1846 163 1894 6.,
191 1846 319 1882 Beier.
345 1843 398 1881 ad
413 1844 495 1884 Cic.
518 1844 629 1882 Offic.
651 1847 681 1883 Ι.
707 1858 746 1896 p.
766 1845 883 1892 289.,
917 1843 1048 1894 Siuig.
1081 1842 1132 1880 ad
1163 1844 1240 1882 Cir.
1273 1846 1340 1886 65.
1377 1869 1433 1874 ——-
1469 1848 1648 1885 Teanum

103 1911 145 1950 h.
166 1913 194 1952 l.
217 1911 442 1951 Sidicinum
461 1913 629 1965 (Tiano)
642 1943 652 1962 ‚
682 1913 846 1950 Calibus
862 1913 1063 1960 vicinum,
1100 1926 1121 1950 a
1146 1914 1253 1963 Bajis
1273 1913 1325 1950 ad
1343 1915 1507 1965 triginta
1534 1917 1647 1952 milia

104 1986 302 2017 remotum
325 1987 376 2028 et,
398 1988 442 2018 ut
463 1982 518 2018 ait
535 1982 687 2030 Acron,
710 1980 961 2026 „abundans
985 1981 1144 2031 optimis
1149 1981 1292 2032 flabris
1314 1989 1349 2019 et
1371 1982 1648 2021 sartoribusfs

104 2045 198 2086 vid:
216 2046 357 2085 Strabo
385 2048 433 2096 5,
458 2047 499 2087 3.
519 2061 560 2099 p.
584 2047 679 2088 384.
711 2047 896 2086 Tauchn.
921 2051 1024 2087 vett.
1047 2051 1217 2089 Roman.
1237 2052 1417 2090 Itinerar.
1443 2051 1505 2090 ed.
1522 2053 1649 2089 Wes-

105 2115 248 2165 seling.
268 2128 308 2166 p.
329 2115 421 2156 122.
442 2114 536 2156 304.
555 2122 595 2152 et
612 2127 712 2167 quos
730 2115 898 2154 laudant
926 2119 974 2156 N.
997 2119 1186 2156 Heinsius
1209 2125 1248 2155 et
1272 2117 1478 2156 Drakenb.
1500 2118 1553 2156 ad
1572 2120 1646 2160 Sil.

104 2183 153 2230 8,
173 2181 291 2231 513,
321 2184 466 2235 quibus
497 2181 600 2220 adde
626 2183 856 2234 Capmartin
881 2184 929 2221 de
955 2182 1124 2236 Chaupy
1147 2186 1324 2223 Decouv.
1346 2185 1395 2223 de
1422 2188 1463 2224 la
1490 2189 1648 2226 maison

104 2256 177 2291 etc.
197 2251 266 2289 111.
295 2264 335 2302 p.
363 2249 461 2292 479.
485 2273 540 2279 —
572 2250 730 2288 tolletis.
791 2253 851 2289 De
877 2250 954 2290 hoc
981 2253 1122 2289 Futuri
1148 2252 1273 2291 Indic.
1303 2268 1374 2305 pro
1406 2257 1647 2307 Imperativo

102 2319 318 2371 usqulura
344 2318 524 2357 dicemus
550 2317 601 2356 ad
630 2320 758 2370 Epist.
782 2321 858 2368 10,
891 2318 985 2368 24.;
1022 2320 1203 2358 conferas
1228 2327 1365 2358 tamen
1391 2321 1459 2361 hic
1480 2325 1648 2375 Krarup

103 2385 154 2424 de
171 2400 250 2425 usu
266 2388 496 2438 Imperativi
522 2400 584 2439 ap.
611 2388 742 2425 Latin.
766 2388 809 2424 in
839 2387 1036 2426 Friedem.
1068 2395 1112 2425 etv
1140 2387 1311 2426 Seebod.
1327 2391 1441 2429 Misc.
1465 2391 1575 2430 Critt.
1595 2394 1647 2432 11.

103 2452 142 2495 4.
165 2467 207 2506 p.
225 2453 318 2496 734.
345 2461 383 2492 et
412 2454 556 2493 Heiud.
587 2453 638 2492 ad
663 2457 767 2495 Plat.
799 2456 918 2507 Gorg.
940 2457 1006 2497 50.
1027 2470 1066 2508 p.
1093 2457 1161 2497 68.
1220 2458 1363 2495 Nescio
1389 2461 1551 2511 utique,
1579 2474 1649 2499 cur

102 2521 350 2568 Hocheder„
379 2535 505 2575 quum
529 2530 635 2560 recte
658 2521 734 2561 hoc
763 2524 958 2561 Futurum
983 2526 1058 2576 Ep.
1091 2525 1169 2572 13,
1194 2525 1235 2566 2.
1269 2527 1541 2577 explicaverit,
1570 2527 1646 2568 hoc

103 2589 191 2627 loco
209 2590 254 2626 in
271 2590 420 2630 Futuro
440 2594 675 2630 vaticinium
693 2591 898 2644 quoddam
920 2591 1075 2641 videat,
1101 2594 1181 2630 nisi
1201 2594 1323 2630 aliam
1342 2595 1462 2634 totius
1479 2597 1559 2635 loci
1572 2611 1646 2636 ve·-

103 2658 152 2695 lit
183 2658 568 2709 interpretationem,
608 2661 757 2698 veluti:
802 2662 1005 2709 „vitiosae
1026 2660 1236 2713 cupiditati
1256 2663 1290 2700 si
1321 2665 1543 2716 auspicium
1568 2667 1646 2704 ali-

105 2723 213 2776 quod
249 2729 492 2776 annuerit‚“
520 2735 565 2766 ut
594 2729 682 2780 ipsa
708 2730 989 2780 intelligantur
1025 2730 1200 2781 auspicia
1239 2743 1378 2783 reapse
1410 2733 1643 2783 observata;

103 2791 212 2846 quod
230 2794 279 2831 ab
298 2792 376 2832 hoc
398 2794 562 2846 quidem
581 2796 670 2835 loco
695 2798 874 2835 alienum
897 2797 1069 2836 videtur.

213 2863 261 2903 V.
289 2862 473 2904 87—89.
528 2865 676 2903 Lectus
698 2887 755 2894 —-
771 2868 942 2904 maritis.
1006 2866 1156 2905 Sensus
1176 2880 1257 2906 non
1275 2875 1359 2918 est,
1389 2876 1435 2907 ut
1455 2873 1643 2911 nonnulli

105 2930 268 2970 volunt:
297 2932 466 2982 „Mariti
489 2932 655 2972 laudant
685 2935 890 2973 fortunam
918 2935 1139 2986 coelibum,
1169 2938 1340 2977 coelibes
1364 2940 1643 2991 maritorum‚“
