2028 3268
387 236 470 278 '222
524 236 900 278 COMMENTARII
916 235 971 273 IN
998 233 1222 272 HORATII
1256 233 1352 272 LIB.
1372 234 1400 272 1.
1426 234 1587 274 EPIST.
1612 235 1766 274 TERT.
1846 238 1899 280 32

395 360 441 397 V
432 362 577 397 ossius.-
610 359 750 409 „Euch
771 355 1091 395 Heimkehrenden
1114 355 1247 393 weidet
1264 355 1323 391 ein
1354 354 1506 404 heiliges
1525 355 1624 394 Kalb
1648 358 1714 394 der
1741 357 1901 396 Vers6l1-

388 427 532 477 nung.“
588 426 647 464 De
675 426 805 462 eodem
830 423 952 459 reditu
989 422 1027 458 in
1051 422 1207 471 gratiam
1235 420 1328 472 (Cic.
1359 422 1406 459 ad
1426 420 1541 459 Attio.
1575 424 1598 463 2
1614 452 1624 472 ‚
1652 423 1711 476 3.)
1733 425 1901 474 cogitant

398 495 655 536 Tar-cerotum,
688 487 984 539 Habeffeldas‚
1019 488 1261 533 Wetzelms,
1289 500 1382 537 quae
1402 488 1548 536 quidem
1567 501 1625 526 res
1649 503 1725 528 non
1752 491 1845 528 mira
1862 491 1900 528 in

388 560 568 609 Horatio,
592 558 654 607 qui
673 568 786 606 saepe
805 555 899 593 circa
919 555 1135 604 praecordia
1153 554 1258 591 ludit.
1313 553 1439 603 Atque
1457 554 1557 593 haud
1581 556 1656 594 scio
1676 569 1725 594 an
1742 561 1842 594 recte
1861 557 1900 594 in

389 627 543 663 eandem
561 623 783 661 sententiam
802 625 952 659 auctore
970 624 1009 657 et
1027 633 1178 658 suasore
1203 620 1377 671 Spolmio
1405 620 1667 671 interpretatus
1693 623 1743 660 sit
1761 624 1900 660 Disse-

389 694 480 728 nius
506 691 594 729 Tib.
625 691 673 739 3,
703 691 729 729 3
738 716 750 740 ‚
781 690 847 729 27.
889 701 965 737 pro
993 687 1104 723 dulci
1132 688 1261 724 reditu
1294 701 1561 738 quaecamque
1585 695 1786 725 voventur.
1855 688 1900 725 In

388 762 500 809 poeta
527 756 715 793 Venusino
755 754 897 804 omnia,
930 757 973 791 ut
1000 765 1081 791 mea
1115 755 1264 802 quidem
1292 754 1365 790 fert
1396 753 1544 804 opinio,
1580 755 1613 791 si
1644 754 1894 793 observaveris

387 824 571 874 duplicem
589 823 758 872 protasin
777 821 882 870 sequi
915 819 1117 871 simplicem
1144 821 1348 870 apodosin‚
1376 821 1570 872 perspicua
1595 825 1706 871 sunt,
1740 825 1783 858 ut
1813 820 1901 858 nihil

386 890 438 926 sit
464 889 746 927 sollicitandum.
803 887 907 925 Dixit
937 886 1062 934 quasi:
1101 887 1380 936 „Quocumque
1417 888 1514 925 inter
1549 899 1615 924 vos
1653 887 1775 925 affecti
1811 887 1900 924 estis

388 957 530 1006 animo,
559 969 629 1006 ego
657 967 724 992 vos
755 958 883 992 mutuo
913 954 1046 1003 dignos
1074 965 1198 990 amore
1225 953 1474 1006 (quapropter
1495 957 1659 992 vestrum
1687 954 1727 992 in
1745 953 1901 1004 gratiam

386 1023 545 1060 reditum
562 1035 787 1074 magnopere
805 1018 959 1072 exopto)
977 1031 1099 1057 amare
1117 1032 1193 1058 non
1211 1020 1418 1059 desinam.“
