2028 3268
451 1098 783 1143 Sucoidumeum
817 1097 880 1139 ad
895 1110 959 1153 ν.
999 1095 1078 1140 29.
1156 1097 1296 1141 Forte
1325 1111 1417 1156 per
1452 1100 1694 1156 anqustam
1729 1096 1880 1143 tenuis

682 1176 919 1235 volpecula
951 1175 1123 1218 rimam
1158 1177 1340 1233 itemque
1375 1176 1431 1219 ad
1465 1176 1522 1234 6,
1559 1174 1642 1218 64.

410 1480 546 1540 Hanc
573 1501 794 1551 scripturam
822 1500 950 1551 Cyrilli
978 1513 1125 1551 quoque
1154 1499 1399 1551 Apologetico
1429 1499 1637 1538 confirmari
1664 1513 1763 1538 nunc
1793 1501 1913 1552 video.

410 1571 449 1608 Is
471 1571 510 1607 in
536 1568 619 1606 libri
649 1569 803 1606 secundi
824 1570 944 1619 capite
973 1568 1087 1606 XImo
1123 1573 1249 1606 narrat
1276 1567 1439 1606 fabulam
1466 1568 1513 1604 de
1544 1566 1662 1617 vulpe
1688 1573 1726 1603 et
1748 1567 1916 1618 mustela

410 1637 466 1674 sic
492 1639 534 1674 ut
560 1635 660 1686 apud
681 1635 890 1672 Horatium.
947 1634 1091 1672 Fabula
1120 1635 1248 1685 Cyrilli
1271 1636 1326 1672 sic
1353 1634 1501 1685 incipit:
1531 1633 1752 1672 Macilenta
1777 1635 1914 1686 vulpes

415 1725 462 1731 —
502 1703 546 1739 in
569 1703 721 1752 pingue
749 1700 954 1737 cellarium
982 1709 1123 1739 secreto
1152 1709 1301 1752 reperto
1327 1702 1532 1752 jbramine
1558 1702 1747 1738 introivit.
1806 1702 1915 1740 Hunc

410 1770 552 1806 sontem
579 1768 722 1818 aperuit
749 1767 817 1803 Fr.
833 1754 835 1756 .
849 1766 1055 1805 Jacobsias
1081 1770 1119 1805 in
1145 1768 1254 1817 libro,
1282 1769 1345 1818 qui
1368 1767 1598 1805 inscribitur:
1622 1767 1831 1817 „Beitr'eige
1848 1780 1915 1805 zur

409 1834 530 1873 'a‘ltern
556 1832 745 1872 Literatur
772 1833 863 1870 oder
890 1833 1268 1885 Merkwiirdigkeiten
1297 1835 1363 1872 der
1388 1833 1566 1883 Herzogl.
1601 1833 1742 1871 6ffentl.
1772 1833 1915 1872 Biblio-

410 1900 543 1938 thek.“
570 1900 597 1938 Ι.
627 1901 665 1942 2.
689 1897 788 1949 Lpz.
814 1899 933 1939 1835.
964 1913 1004 1952 p.
1029 1900 1108 1943 225
1136 1915 1195 1952 sq.
1224 1901 1276 1939 N.
1304 1899 1372 1941 47.
1429 1901 1565 1950 Neque
1593 1899 1652 1937 hic
1689 1899 1915 1949 omittamus,

414 1966 617 2018 Xylandri
663 1964 950 2016 explicationem
998 1967 1046 2005 de
1085 1966 1163 2004 loto
1205 1979 1353 2005 comesa
1389 1967 1439 2004 ad
1475 1969 1528 2017 6,
1577 1963 1646 2005 64.
1683 1967 1915 2015 propositam

411 2034 596 2084 quandam
622 2027 760 2069 habere
788 2044 811 2068 a
836 2031 997 2070 Maximo
1024 2033 1140 2083 Tyrio
1170 2035 1238 2084 20,
1266 2033 1306 2072 4.
1337 2034 1702 2072 commendationem.
1756 2034 1794 2071 Is
1821 2036 1916 2072 enim

411 2102 509 2140 inter
536 2100 629 2137 alia:
667 2096 837 2150 ἐντυχών
862 2098 1026 2152 α’νδρῶν
1053 2099 1159 2153 γένει
1186 2095 1391 2155 ἄκολιίστςο
1415 2099 1483 2140 καὶ
1513 2096 1736 2155 φιληδόνῳ,
1764 2101 1804 2140 οἳ
1827 2101 1916 2150 διῆ-

411 2180 497 2220 γον,
519 2162 702 2216 καθάπερ
724 2163 774 2206 τοὶ
794 2165 1016 2219 θρέμματα,
1044 2163 1166 2207 λωτὸν
1194 2165 1447 2221 ἐρεπτόμενοι
1476 2165 1658 2219 μελιηδέα
1687 2163 1810 2219 (οὕτω
1836 2164 1915 2220 γάρ

412 2248 492 2273 που
514 2230 588 2285 τήν
619 2230 774 2285 ἡδονήν
802 2229 987 2286 ὀνομάζει
1003 2230 1214 2286 ”Ομηρος),
1240 2231 1536 2286 α’ναμιχθέντας
1557 2229 1683 2275 αὐτοῦ
1698 2229 1793 2281 τούς
1812 2232 1916 2274 ἑταί-

414 2315 509 2353 ρους
536 2302 586 2355 τῇ
614 2295 765 2340 τούτων
792 2303 926 2356 τρυφῇ
949 2322 1005 2330 --
1030 2299 1096 2341 ἐπὶ
1123 2302 1226 2340 ναῦν
1249 2297 1346 2353 ἄγει.

809 2558 815 2561 ,
1147 2514 1184 2558 1.

719 2599 980 2634 Excmzsus
1012 2599 1366 2634 GRAMMATICUS
1395 2599 1457 2634 An
1489 2598 1533 2634 V.
1557 2599 1613 2635 18.

599 2673 711 2716 'Pam
740 2675 889 2717 teneor
917 2671 1051 2732 dono,
1093 2687 1216 2730 quam
1249 2674 1286 2716 si
1322 2671 1505 2716 dimittar
1537 2674 1732 2720 onustus,

524 2779 634 2818 Hunc
656 2794 806 2820 versum
827 2794 940 2832 supra
967 2781 1014 2819 de
1042 2783 1227 2820 sententia
1243 2781 1473 2820 Scholiastae
1498 2782 1678 2832 expressi,
1701 2792 1750 2819 ne
1778 2779 1913 2819 diutius

416 2847 454 2884 in
482 2845 683 2884 Groebelio
714 2849 910 2887 refutando
938 2849 1165 2888 immorarer.
1224 2850 1323 2887 Olim
1354 2848 1456 2886 dono
1491 2861 1560 2900 pro
1589 2849 1752 2887 donandi
1779 2850 1915 2884 conatu

419 2914 496 2951 sive
517 2913 709 2953 voluntate
735 2917 901 2966 positum
926 2915 1025 2964 dixi,
1067 2918 1122 2956 uti
1149 2917 1259 2958 ovid.
1286 2917 1379 2957 Met.
1407 2918 1455 2966 1,
1495 2912 1588 2957 184.
1618 2915 1771 2966 captivo
1794 2912 1916 2958 coelo,
