2028 3268
187 267 241 312 55

663 265 809 307 LIBRI
833 266 866 309 1.
922 264 1187 306 EPISTOLA
1214 265 1263 305 V.

1655 262 1738 307 245

252 394 444 443 Fecundi
478 394 634 441 calices
662 410 787 455 quem
813 409 900 441 non
935 395 1082 441 fecere
1117 391 1356 441 disertum?

253 474 488 524 Contracta
516 488 641 534 quem
674 489 761 521 non
788 476 833 521 in
866 479 1122 536 paupertate
1154 471 1378 521 solutum?

1679 474 1736 515 20

253 555 378 602 Haec
402 569 489 617 ego
519 568 754 614 procurare
789 559 832 601 et
859 556 1040 601 idoneus
1074 556 1263 616 imperor
1291 556 1335 599 et
1367 566 1454 599 non

250 636 441 698 Invitus,
470 647 525 681 ne
559 637 686 695 turpe
720 637 863 698 toral,
890 650 947 681 ne
979 635 1154 681 sordida
1181 647 1339 694 mappa

250 714 475 777 Corruget
501 716 647 776 nariS,
683 730 738 761 ne
772 730 859 762 non
893 721 938 763 et
967 717 1198 762 cantharus
1233 717 1277 759 et
1310 713 1414 758 lanx

249 795 466 842 Ostendat
494 797 569 842 tibi
595 800 667 857 te,
702 811 758 842 ne
782 795 890 842 fidos
926 797 1039 841 inter
1073 797 1235 842 amicos

248 873 320 925 Sit
355 878 424 936 qui
459 875 573 923 dicta
607 875 728 922 foras
763 877 983 938 eliminet,
1018 881 1066 922 ut
1096 877 1221 922 coeat
1248 886 1327 934 par

759 956 939 1003 Butram
974 959 1050 1004 tibi
1078 955 1398 1017 Septiciumque

245 955 550 1018 Jungaturque
582 958 690 1017 pari.

176 1090 322 1125 98.516.
330 1089 440 1126 Loch.
448 1089 532 1124 Asc.
549 1089 591 1123 In
602 1089 734 1133 verbis,
747 1100 840 1134 quae
848 1102 931 1125 con-

170 1146 354 1192 jungenda
361 1151 587 1192 erant‚saepe
596 1147 731 1182 librarii
740 1148 931 1195 suntlapsi‚

175 1207 216 1239 ut
235 1216 271 1242 v.
290 1205 348 1239 28.
373 1203 493 1249 Epist.
512 1207 545 1249 1,
560 1205 616 1250 15,
644 1207 701 1244 25.
723 1207 778 1250 16,
797 1206 854 1244 15.
870 1207 930 1243 49.

173 1260 234 1296 cf.
250 1261 361 1297 Drak.
378 1262 424 1296 ad
438 1261 521 1297 Liv.
540 1264 599 1308 38,
617 1263 676 1308 49,
693 1261 728 1298 4.
744 1265 931 1300 Addocere

174 1323 292 1354 autem
308 1322 349 1354 ut
365 1331 424 1365 ap.
440 1320 517 1354 Cic.
535 1332 591 1366 pr.
607 1322 751 1357 Cluent.
766 1322 823 1366 37,
836 1324 929 1367 104.,

174 1376 356 1412 adservire
372 1388 431 1423 ap.
443 1378 550 1413 eund.
571 1377 607 1412 in
625 1379 780 1424 Taso-2,
800 1381 855 1424 24,
869 1382 927 1420 56.

172 1434 260 1479 ibiq.
274 1434 406 1478 Klotz„
425 1436 610 1470 addiscere
633 1447 691 1482 ap.
710 1437 820 1473 Ovid.
835 1439 927 1475 Met.

172 1491 208 1535 3,
241 1491 324 1527 593.
347 1491 437 1538 ibiq.
453 1493 565 1528 Bach.
591 1513 640 1520 -—
670 1501 709 1531 at
725 1497 838 1532 docet.
856 1497 926 1535 MS.

170 1550 291 1587 Berol.
311 1551 345 1586 2.

217 1608 263 1643 V.
283 1609 341 1644 19.
370 1607 548 1658 Fecundi.
608 1609 670 1644 Sic
703 1622 788 1646 mss.
819 1612 926 1648 Dess.

171 1667 205 1702 1.
233 1664 334 1711 Lips.
354 1667 387 1703 2.
424 1667 616 1710 saecundi.
636 1669 770 1703 Graev.
789 1669 925 1704 Ortho-

170 1723 445 1769 graphiamsec„
464 1735 568 1770 quam
583 1724 715 1760 habent
728 1738 810 1763 mss.
823 1727 923 1773 LiPS.

171 1783 204 1816 1.
228 1782 266 1817 3.
296 1781 400 1816 Dess.
430 1782 464 1817 2.
489 1781 556 1826 aL,
585 1782 761 1829 improbat
777 1783 924 1818 Bothius

169 1838 215 1874 ad
233 1839 304 1874 Od.
323 1841 361 1883 2,
394 1838 456 1883 14,
491 1840 549 1876 28.
577 1840 613 1874 in
641 1842 696 1875 ed.
715 1843 836 1886 Feae,
865 1854 925 1878 re-

169 1896 260 1931 ctius
283 1901 399 1932 autem
423 1897 467 1931 de
498 1908 539 1931 re
560 1897 698 1942 judicat
718 1899 865 1935 Weber.
885 1901 922 1935 in

167 1955 491 2000 „Uebungsschule
504 1956 528 1974 “
571 1967 608 2002 p.
642 1955 722 1992 144.
761 1957 810 1993 N.
851 1958 923 2002 59„

169 2023 317 2059 quocum
351 2013 399 2046 cf.
428 2012 590 2057 Benary:
635 2014 772 2058 „R6m.
809 2015 922 2050 Laut-

167 2070 307 2105 lehre.“
323 2069 354 2104 I.
371 2081 406 2115 p.
423 2071 481 2107 62.
518 2070 699 2106 Facundi.
716 2072 806 2106 Mss.
822 2074 921 2108 Pott.

168 2131 202 2164 1.
212 2130 248 2164 7.
260 2127 422 2162 Hoched.
431 2129 469 2162 b.
483 2127 522 2171 i.‚
535 2127 594 2173 qui
604 2128 694 2162 hanc
708 2129 922 2175 scripturam

167 2198 237 2221 non
259 2185 435 2231 improbat
453 2185 558 2219 aliter
583 2186 758 2220 sentiente
771 2187 920 2222 Orellio.

211 2244 259 2279 V.
294 2245 354 2280 21.
395 2254 549 2288 egoque.
612 2243 682 2278 Ms.
723 2243 848 2278 Jaeck.
889 2246 921 2280 6.

165 2303 229 2337 sed
253 2313 323 2346 que
353 2312 376 2335 a
401 2304 435 2338 2.
466 2313 511 2336 m.
544 2320 593 2325 —-
627 2300 815 2345 imperare.
847 2301 920 2337 Ms.

165 2361 287 2397 Jaeck.
304 2360 338 2394 5.
362 2377 410 2385 —-
438 2358 519 2392 Huc
535 2358 696 2403 respexit
711 2361 860 2395 Servius
878 2362 921 2396 ad

165 2419 267 2464 Virg.
284 2418 375 2452 Aen.
394 2418 457 2460 10,
488 2415 570 2451 444.
589 2437 637 2442 —
668 2417 713 2454 V.
732 2421 791 2456 22.
824 2419 921 2452 Invi-

165 2482 258 2512 ctus.
291 2475 383 2509 Edd.
399 2474 489 2510 Ven.
517 2473 598 2509 479.
617 2475 676 2512 81.
707 2494 756 2500 --
785 2476 921 2510 thoral.

165 2534 229 2569 Sic
245 2535 350 2568 Gott.
368 2534 402 2568 2.
422 2536 459 2567 et
471 2532 552 2566 edd.
564 2532 656 2567 Ven.
670 2531 750 2568 479.
765 2534 824 2568 81.
838 2533 920 2568 Ald.

164 2592 248 2628 501.
278 2609 327 2616 —-
357 2601 422 2624 nec
447 2591 544 2626 sord.
569 2602 616 2627 m.
642 2590 730 2626 Mss.
749 2592 859 2628 Pulm.
881 2592 918 2627 3.

167 2652 223 2685 10.
266 2660 304 2682 re
325 2648 421 2683 sord.
458 2648 529 2683 Ms.
550 2648 670 2682 Guelf.
687 2651 722 2686 2.
755 2650 918 2684 Invitus.-

163 2718 190 2741 η
202 2719 220 2742 e
233 2725 282 2732 —
295 2717 321 2752 p
332 2717 355 2739 a
365 2705 416 2741 ri.
463 2706 526 2740 Sic
541 2706 764 2751 Praedicov„
782 2711 823 2741 ut
834 2719 916 2741 ver-

163 2765 212 2799 ba
250 2763 440 2808 majoribus
478 2763 594 2798 literis
634 2764 812 2810 descripta
850 2777 915 2811 pro

165 2821 328 2856 mandato
367 2821 578 2856 habeantur.
642 2822 791 2858 Versum
827 2823 917 2858 citat

166 2879 271 2914 Serv.
288 2878 333 2913 ad
342 2878 446 2924 Virg.
461 2878 551 2913 Aen.
567 2880 584 2912 1
598 2905 609 2924 ,
639 2880 722 2916 701.

209 2937 257 2973 V.
268 2937 325 2975 23.
338 2936 394 2974 24.
413 2937 613 2980 Conruget.
643 2936 703 2972 Sic
718 2948 799 2973 mss.
810 2938 914 2974 Dess.

165 2996 200 3033 2.
227 2993 328 3041 Lips.
346 2995 380 3030 1.
399 2995 436 3031 3.
449 2993 519 3029 Ed.
541 2994 696 3040 Cuning.
724 3014 772 3021 —-
797 2997 913 3034 naris.

1678 867 1734 911 25

976 1091 1044 1129 Ms.
1064 1089 1175 1126 Orell.
1192 1100 1225 1125 c.
1251 1106 1298 1111 —
1327 1095 1394 1118 nec
1412 1092 1500 1117 non.
1528 1079 1616 1115 Mss.
1644 1079 1731 1124 alqt.

976 1162 1033 1195 ap.
1051 1150 1162 1184 Pulm.
1181 1145 1303 1191 quinq.
1323 1154 1380 1187 ap.
1396 1140 1532 1175 Bersm.
1551 1136 1729 1173 Comb.D.

976 1209 1020 1245 F.
1043 1207 1151 1242 Orell.
1167 1206 1204 1239 b.
1228 1207 1266 1237 et
1279 1211 1456 1247 superscr.
1474 1210 1492 1231 c
1508 1197 1545 1230 in
1562 1208 1594 1231 c.
1609 1195 1729 1230 Guelf.

976 1266 1011 1303 3.
1020 1266 1159 1301 Dess.1.
1173 1266 1207 1300 2.
1219 1261 1272 1305 (in
1284 1260 1349 1293 hoc
1359 1266 1537 1302 superscr.
1547 1254 1612 1298 ne)
1623 1253 1730 1286 Gott.

978 1325 1012 1359 2.
1029 1322 1147 1357 Berol.
1169 1325 1200 1357 1.
1218 1322 1252 1355 2.
1276 1315 1371 1351 Edd.
1388 1315 1479 1350 Ven.
1496 1310 1579 1349 479.
1596 1311 1652 1345 81.
1669 1310 1728 1346 83.

974 1383 1031 1417 86.
1047 1382 1104 1418 92.
1124 1380 1180 1414 ed.
1196 1376 1310 1422 princ.
1325 1385 1382 1419 ap.
1393 1371 1519 1407 Comb.
1536 1369 1634 1404 Flor.
1645 1369 1728 1404 482.

972 1439 1071 1485 Lips.
1094 1439 1174 1474 492.
1207 1435 1266 1471 98.
1294 1432 1376 1467 516.
1410 1429 1516 1463 Loch.
1533 1427 1615 1463 498.
1646 1426 1728 1460 Ald.

971 1498 1052 1532 501.
1080 1496 1163 1530 Asc.
1189 1493 1300 1528 Pulm.
1322 1489 1431 1525 Fabr.
1454 1487 1535 1523 578.
1581 1496 1628 1519 ne
1654 1495 1730 1518 non

972 1554 1152 1600 scriptura
1165 1552 1263 1596 vulg.
1281 1550 1337 1583 est
1351 1547 1388 1581 in
1403 1545 1483 1580 Ald.
1493 1543 1576 1580 519.
1586 1542 1624 1576 in
1636 1541 1726 1577 Ven.

971 1610 1165 1647 Britannici
1181 1610 1263 1645 520.
1279 1627 1327 1632 -
1346 1609 1531 1640 cantat-us.
1565 1600 1628 1635 Sic
1645 1609 1727 1634 mss.

969 1670 1074 1704 Dess.
1092 1671 1128 1705 2.
1159 1666 1261 1712 Lips.
1281 1666 1312 1702 1.
1327 1666 1361 1700 2.
1378 1663 1413 1697 3.
1446 1660 1547 1697 Gott.
1566 1659 1601 1694 2.
1633 1656 1726 1691 Edd.

969 1731 1043 1762 vet.
1059 1746 1106 1751 —
1123 1726 1217 1759 lans.
1249 1722 1319 1757 Ms.
1335 1719 1458 1755 Jaeck.
1474 1716 1508 1756 4.
1527 1735 1573 1742 —-
1602 1717 1649 1751 V.
1667 1713 1725 1750 24.

974 1784 1188 1819 Ostendant.
1235 1781 1306 1818 Ms.
1327 1780 1395 1814 Fe.
1414 1778 1454 1821 1,
1485 1787 1522 1820 g.
1571 1771 1725 1814 Quidam

968 1842 1020 1877 sic
1044 1841 1115 1887 legi
1137 1840 1328 1875 voluerunt
1347 1839 1443 1870 teste
1455 1831 1648 1875 Lambino,
1672 1829 1724 1863 sic

968 1901 1024 1935 ed.
1043 1899 1194 1944 Dorigh.
1234 1897 1404 1931 Ostentet.
1434 1891 1505 1928 Ed.
1522 1887 1667 1924 Minois.

1014 1958 1060 1996 V.
1070 1958 1128 1994 25.
1133 1956 1240 2002 soris.
1251 1954 1340 1989 Mss.
1350 1954 1417 1987 Fe.
1430 1954 1464 1994 2,
1475 1961 1508 1984 a.
1519 1949 1543 1986 i.
1555 1945 1672 1983 Berol.
1691 1946 1724 1980 2.

967 2017 1060 2051 Edd.
1070 2017 1162 2050 Ven.
1173 2013 1254 2049 479.
1274 2011 1331 2046 81.
1350 2010 1407 2045 83.
1417 2009 1474 2045 86.
1485 2009 1545 2043 92.
1562 2005 1654 2039 duae
1664 2015 1722 2049 ap.

966 2073 1087 2110 Maitt.
1104 2071 1172 2107 474
1190 2074 1227 2103 et
1241 2069 1297 2104 76.
1316 2068 1414 2103 Flor.
1424 2066 1506 2103 482.
1523 2063 1624 2109 Lips.
1638 2061 1721 2099 492.

966 2129 1078 2163 Loch.
1096 2128 1144 2162 At
1159 2126 1241 2161 vide
1257 2125 1375 2159 Hand.
1391 2125 1501 2158 Ture.
1518 2122 1566 2156 ΙΙ.
1590 2133 1626 2166 p.
1641 2119 1723 2155 705.

967 2187 1071 2231 Vulg.
1087 2184 1274 2219 constituit
1291 2183 1370 2217 Ald.
1390 2181 1471 2217 501.
1485 2198 1526 2204 -
1546 2177 1720 2212 eliminat.

968 2245 1136 2280 Mss.Fe.
1153 2245 1193 2284 2,
1229 2241 1265 2277 d.
1290 2239 1332 2283 (a
1351 2241 1383 2273 1.
1399 2238 1467 2281 m.)
1498 2238 1520 2272 6
1534 2262 1543 2279 ‚
1569 2246 1602 2268 a.
1629 2234 1669 2277 (a
1686 2234 1719 2269 1.

967 2303 1030 2346 m.)
1040 2320 1083 2325 —
1093 2305 1139 2334 et.
1152 2299 1237 2332 Mss.
1247 2304 1321 2331 tres
1332 2296 1466 2329 Bersm.
1477 2292 1597 2327 Guelf.
1614 2289 1719 2327 1.2.4.

966 2360 1078 2394 Dorv.
1093 2361 1126 2395 2.
1140 2355 1257 2390 Berol.
1269 2359 1302 2391 1.
1314 2353 1412 2398 Lips.
1424 2354 1459 2389 2.
1472 2350 1619 2385 Mentel.
1630 2348 1720 2382 Ver-

964 2418 1010 2451 ba
1027 2421 1070 2450 ut
1086 2419 1187 2448 coeat
1201 2425 1274 2459 par
1294 2413 1336 2446 ad
1356 2408 1540 2455 sequentia
1556 2407 1720 2441 referunt

965 2485 1043 2507 cum
1060 2472 1181 2506 Guelf.
1200 2469 1235 2507 4.
1266 2469 1345 2505 edd.
1362 2467 1477 2503 Land.
1498 2469 1535 2499 et
1549 2463 1718 2510 plurimae

965 2535 1053 2572 vet„
1077 2529 1184 2563 etiam
1211 2527 1290 2562 Ald.
1320 2527 1399 2561 519.
1434 2523 1528 2567 (vid.
1560 2534 1595 2567 p.
1618 2521 1716 2565 168.)

964 2591 1045 2624 Asc.
1088 2587 1171 2620 Bas.
1203 2586 1285 2621 531.
1317 2583 1398 2622 555,
1434 2581 1560 2616 Irenic.
1601 2578 1714 2615 Chab.

963 2645 1097 2680 Biedm.
1126 2644 1262 2678 Rodeli.
1293 2642 1385 2676 Phil.
1416 2645 1452 2674 et
1469 2639 1522 2674 sic
1546 2635 1714 2681 distingui

960 2704 1096 2739 mavult
1127 2701 1328 2736 Schmidius
1356 2699 1395 2733 in
1432 2697 1519 2732 edit.
1555 2694 1711 2729 Braunh.

959 2763 1009 2796 II.
1040 2762 1139 2796 Sect.
1155 2761 1192 2795 3.
1226 2771 1264 2804 p.
1293 2757 1395 2801 490„
1420 2755 1479 2791 vir
1494 2754 1619 2788 doctus
1635 2750 1712 2798 qui-

961 2821 1040 2854 dam
1063 2819 1100 2852 in
1126 2819 1207 2854 Jen.
1234 2815 1308 2850 Lit.
1326 2813 1423 2850 Zeit.
1441 2812 1544 2850 1832.
1575 2811 1630 2844 ch.
1649 2809 1709 2845 57.

958 2890 995 2924 p.
1013 2876 1095 2911 453.
1118 2875 1198 2909 Vid.
1216 2874 1325 2908 infra.

1005 2935 1050 2969 V.
1068 2934 1127 2970 26.
1154 2934 1383 2977 Iungamur.
1410 2928 1481 2963 Ms.
1497 2928 1599 2963 Dess.
1615 2928 1709 2962 2.—

961 2993 1131 3029 Butram.
1175 2989 1267 3025 Mss.
1297 2988 1409 3024 Pulm.
1443 2987 1478 3022 1.
1510 2988 1544 3023 2.
1578 2986 1614 3019 7.
1651 2983 1707 3018 10.
