2028 3268
279 250 652 291 COMMENTARII
670 250 724 288 IN
744 247 966 287 HORATII
991 245 1162 286 EPIST.
1191 245 1336 288 PRIM.
1358 246 1458 284 LIB.
1487 247 1519 283 Ι.
1616 241 1671 285 75

125 365 194 404 Sic
211 365 382 404 Catilina
404 377 468 416 ap.
489 363 658 402 Sallust.
679 375 714 401 c.
731 362 801 403 20.
860 360 976 399 Nam
991 368 1212 413 postquam
1240 357 1470 410 respublica
1499 359 1543 395 in
1559 371 1673 408 pau-

126 447 261 472 corum
274 435 350 481 jus
377 439 500 484 atque
527 431 714 470 ditionem
740 429 929 467 concessit
949 449 1007 457 —
1038 429 1156 465 ceteri
1177 440 1329 473 omnes,
1361 427 1530 472 strenui,
1561 425 1673 471 boni,

125 501 274 540 nobiles
294 509 415 553 atque
438 498 633 552 ignobiles
652 497 986 551 vulgzwsuimus.
1045 497 1188 536 senec.
1208 497 1396 535 Controv.
1418 496 1466 543 2,
1486 495 1528 535 9.
1591 493 1677 531 Sed

127 569 243 610 nulla
267 571 435 608 materia
462 570 506 606 in
528 567 645 605 rebus
665 566 855 604 humanis
872 566 1039 603 virtutes
1059 565 1211 602 clarius
1232 564 1401 602 ostendit
1426 576 1560 600 censu.
1599 561 1674 599 Se-

126 639 326 676 nator-ium
340 637 518 690 gradum
539 649 679 674 een-sus
695 633 876 672 ascendit
888 649 900 670 .·
927 647 1068 671 census
1085 634 1253 686 equitem
1265 633 1500 670 Romanam
1517 645 1544 668 a
1555 630 1674 681 plebe

126 707 251 744 cernit
277 721 364 759 sqq.
428 707 490 744 Cf.
515 707 558 743 in
581 705 704 742 totius
734 703 954 740 sententiae
984 714 1149 739 sensum
1179 701 1264 739 Sat.
1295 703 1344 750 2,
1384 700 1434 750 5,
1465 701 1506 740 8.
1536 699 1588 748 3,
1619 698 1674 740 95

127 788 242 827 sqq.,
274 777 321 824 1,
354 777 398 823 1,
428 776 497 815 62.
554 774 684 825 Epist.
709 772 757 820 1,
786 771 835 819 6,
863 770 933 811 38.
964 770 1004 818 2,
1035 772 1075 818 2,
1109 769 1205 810 151.
1237 776 1276 806 et
1305 782 1425 821 supra
1458 767 1509 805 ad
1532 782 1571 806 v.
1606 767 1674 808 52.

128 843 293 882 Sallust.
317 843 404 880 cat.
426 843 501 890 12,
524 843 563 882 1.
600 842 706 878 Plin.
723 841 774 876 H.
797 840 846 876 N.
875 851 1057 891 prooem.
1089 837 1160 874 lib.
1195 834 1261 877 14.
1292 851 1332 889 p.
1357 835 1456 877 241.
1484 835 1546 874 ed.
1566 838 1674 885 Bas.,

127 913 234 949 Plin.
254 912 382 963 Epist.
404 912 450 959 1,
474 909 546 958 14,
564 911 605 950 9.
663 909 767 946 nino
791 909 887 946 Juv.
915 906 966 955 3,
1000 894 1093 946 164.
1139 906 1276 943 Haud
1291 905 1424 958 facile
1447 911 1672 956 emergunt,

129 993 298 1032 quorum
317 977 531 1017 virtutibus
547 976 675 1015 obstat
695 976 780 1013 Res
795 983 973 1027 angzwta
997 973 1119 1011 domi.
1182 975 1334 1011 Rursus
1358 973 1579 1011 Menander
1609 987 1674 1026 ap.

127 1049 240 1087 Stob.
270 1048 381 1086 Grot.
403 1046 499 1086 867.
528 1048 646 1086 τοῦτο
677 1040 806 1097 μόνον
835 1043 1038 1085 ἐπισκοτεῖ
1063 1042 1132 1083 καὶ
1161 1041 1395 1095 δυσγένειαν
1425 1041 1494 1082 καὶ
1522 1038 1675 1092 τρόπου

127 1114 348 1168 πονηρίαν,
386 1111 435 1154 τοὶ
463 1110 591 1155 πολλοὶ
620 1114 854 1165 κεκτῆσθαι.
910 1109 1088 1148 Brunck.
1130 1126 1255 1164 γνωμ.
1294 1125 1473 1162 μονοςιχ.
1504 1109 1601 1152 408.
1633 1125 1675 1163 Ρ.

127 1182 228 1223 821.
271 1182 400 1223 Πενία
424 1177 458 1222 δ’
481 1179 625 1234 ἄτιμον
654 1179 723 1222 καὶ
750 1177 817 1220 τὸν
847 1174 994 1232 ε’ὗγενῆ
1022 1183 1140 1220 ποιεῖ.
1179 1179 1240 1216 Cf.
1259 1177 1446 1228 Theogn.
1472 1180 1676 1221 515-20.

129 1249 210 1290 631
227 1262 318 1302 sqq.
347 1250 431 1291 909
449 1262 540 1302 sqq.
576 1251 700 1291 1073.
723 1262 813 1301 sqq.
870 1250 1056 1299 Rutgers.
1079 1249 1172 1286 Var.
1191 1248 1303 1284 Lect.
1331 1247 1402 1284 lib.
1424 1245 1466 1287 4.
1486 1261 1526 1299 p.
1549 1247 1646 1288 357.

242 1319 291 1356 V.
322 1318 494 1358 59-61,
551 1319 616 1355 At
637 1318 760 1369 paeri
785 1338 843 1346 —
873 1316 1008 1367 culpa.
1071 1314 1222 1363 Quodsi
1250 1316 1376 1354 Poeta
1404 1316 1487 1366 legi
1509 1317 1677 1353 Rosciae

130 1386 197 1423 vel
223 1385 462 1423 formulam:
492 1387 582 1437 Rex
610 1387 715 1432 eris,
746 1387 784 1423 si
810 1399 844 1422 r.
866 1386 1022 1437 facies,
1053 1399 1106 1422 ex
1125 1392 1259 1422 mente
1280 1385 1466 1437 Cruquii‚
1497 1397 1521 1422 a
1540 1386 1676 1436 pueris

130 1454 235 1491 inter
261 1453 485 1492 ludendum
523 1461 563 1492 et
601 1456 739 1492 munia
777 1454 854 1491 sibi
893 1467 916 1492 a
953 1454 1184 1506 parentibus
1221 1454 1400 1504 injuncta
1439 1460 1676 1504 peragentes

131 1529 344 1571 cantatam,
373 1523 440 1560 vel
468 1520 569 1560 haec
599 1524 736 1561 omnia
765 1522 886 1559 verba
915 1527 1055 1572 utpote
1085 1522 1133 1559 ab
1163 1522 1244 1560 illis
1276 1529 1344 1559 aut
1374 1523 1417 1558 in
1443 1520 1582 1559 schola
1612 1535 1676 1559 re—

132 1590 252 1626 citata
281 1596 349 1627 aut
378 1592 476 1629 alias
507 1598 701 1644 tanquam
730 1603 891 1628 carmen
921 1591 1078 1627 triviale
1108 1591 1150 1627 in
1181 1604 1248 1628 ore
1276 1588 1434 1638 habita,
1477 1589 1540 1642 (v.
1571 1590 1676 1628 infra

129 1657 280 1699 Annot.
294 1657 398 1710 crit.)
411 1661 701 1712 proposuisset,
723 1672 809 1696 rem
827 1671 922 1696 sane
941 1658 1147 1696 fortuitam
1169 1666 1288 1712 atque
1307 1657 1402 1695 inde
1420 1659 1573 1695 nullius
1593 1658 1677 1696 fere

130 1727 323 1764 momenti
337 1735 577 1776 enarrasset3
601 1741 735 1780 quare,
760 1734 805 1764 ut
826 1728 985 1777 gravius
1005 1728 1056 1764 sit
1079 1728 1343 1775 contrarium,
1362 1728 1517 1764 verbis:
1542 1727 1678 1773 „Rex

131 1794 435 1846 eris—saeie⁸“
455 1795 563 1834 ethis
574 1803 745 1845 tantum,
764 1797 894 1847 ipsam
914 1796 1092 1846 ipsorum
1102 1809 1318 1847 puerorum
1330 1795 1529 1833 sentiendi
1549 1809 1677 1847 agen-

132 1860 252 1914 dique
275 1864 472 1902 rationem
490 1865 659 1903 indicari
683 1863 933 1902 crediderim.
973 1864 1180 1910 Muretus,
1209 1863 1455 1910 Lambinus,
1490 1878 1591 1917 quos
1611 1878 1678 1903 se-

133 1938 308 1984 quuntur
315 1934 495 1986 plerique
504 1935 750 1986 interpretes,
764 1931 1032 1983 significatum
1041 1933 1183 1971 volunt
1195 1932 1398 1986 quendam
1410 1934 1516 1984 pilae
1526 1935 1677 1982 lusum,

133 2001 175 2037 in
192 2013 292 2052 quo,
318 2002 388 2053 qui
399 2001 500 2039 forte
511 2015 719 2054 nunquam
736 1996 950 2054 peccasset,
971 2012 1043 2037 rex
1058 2000 1180 2049 fieret,
1203 2003 1273 2053 qui
1286 2003 1433 2038 iterum
1446 2014 1491 2038 ac
1504 2004 1678 2054 saepius,

135 2069 268 2106 asinus
281 2070 559 2120 appellaretur.
589 2069 681 2108 Vid.
698 2071 856 2107 Platon.
870 2067 1080 2106 Theaetet.
1094 2067 1152 2119 (p.
1168 2070 1262 2110 108.
1278 2068 1484 2120 ed.Frkf.)
1506 2084 1539 2108 c.
1555 2072 1621 2112 10.
1632 2084 1673 2122 p.

134 2136 231 2185 295,
250 2135 395 2174 Heind.
406 2138 557 2175 Pollux
567 2136 695 2190 (9,7.)
705 2135 812 2174 hunc
821 2138 958 2174 lusum
967 2131 1164 2188 οὐρανίαν
1175 2144 1303 2174 vocat.
1321 2138 1418 2187 Ejus
1431 2139 1552 2175 etiam
1561 2152 1680 2175 men-

135 2205 287 2242 tionem
314 2205 430 2253 facit,
459 2211 643 2242 narrante
671 2205 892 2252 Lambino,
946 2203 1245 2254 Chrysostomus
1275 2206 1316 2242 in
1342 2212 1442 2243 orat.
1475 2205 1524 2242 de
1555 2219 1679 2257 regno

134 2270 202 2313 4.:
230 2268 335 2313 Ου’δὲ
354 2270 429 2326 γάρ
450 2276 530 2313 τῶν
553 2272 713 2312 παίδων
731 2269 752 2313 ὅ
771 2267 965 2324 νικήσας,
992 2267 1089 2311 ’ὅταν
1107 2271 1324 2320 παίζωσιν,
1356 2270 1411 2319 ὥς
1430 2268 1555 2313 αὐτόν
1577 2284 1680 2322 φασι

134 2339 320 2392 βασιλέα,
349 2343 404 2396 τῷ
425 2337 512 2381 ὄντι
538 2337 726 2393 βασιλεύς
747 2338 864 2379 ἔστιν.
923 2340 1030 2387 Alii,
1060 2345 1106 2376 ut
1127 2340 1306 2376 Nannius
1324 2340 1439 2377 Misc.
1461 2338 1509 2390 4,
1540 2342 1608 2381 16.
1636 2343 1680 2378 in

134 2408 291 2446 Gruter.
312 2409 453 2459 Lamp.
480 2409 566 2445 crit.
596 2409 635 2448 1.
665 2422 706 2460 p.
734 2405 857 2455 1284,
888 2408 1123 2460 βασιλίνδαν
1144 2405 1186 2443 h.
1211 2407 1241 2443 l.
1267 2408 1512 2460 intelligunt.
1560 2411 1680 2447 Illam

134 2477 444 2527 explicationem
484 2489 717 2529 quanquam
750 2489 832 2514 non
867 2477 1211 2529 impugnaverhn,
1253 2477 1375 2514 aliam
1402 2484 1538 2515 tamen
1554 2491 1679 2517 ,com-

132 2543 422 2582 mendaverim.
478 2547 598 2583 Pueri
628 2546 735 2582 enim
764 2544 968 2583 interdum
996 2559 1123 2597 regna
1154 2546 1242 2595 ipsa
1286 2551 1326 2582 et
1363 2546 1531 2596 imperia
1559 2545 1679 2584 lude—

134 2613 253 2660 bant,
291 2611 340 2649 de
369 2625 448 2665 quo
477 2615 624 2665 puerili
651 2615 744 2651 lusu
773 2612 879 2662 vid„
915 2627 1015 2666 quos
1045 2612 1204 2661 laudat,
1233 2611 1353 2664 hujus
1382 2615 1462 2652 loci
1489 2627 1570 2652 non
1598 2616 1679 2652 im—

135 2693 303 2728 memor,
331 2679 586 2734 Peerlkamp.
617 2680 668 2719 ad
691 2679 765 2719 Od.
793 2683 829 2730 1,
849 2681 919 2732 36,
941 2685 996 2731 8.‚
1030 2681 1200 2720 casaub.
1225 2681 1277 2719 ad
1297 2683 1459 2721 Aelium
1477 2683 1677 2735 Spartian.

135 2750 178 2786 in
207 2748 355 2786 Severo
380 2750 433 2797 1.,
462 2749 579 2788 Torr.
601 2750 653 2788 ad
671 2750 784 2788 Suet.
815 2752 963 2789 Neron.
985 2751 1054 2792 35.
1079 2757 1118 2788 et
1140 2751 1313 2802 interpp.
1334 2750 1386 2789 ad
1406 2752 1676 2802 Justin.-1,5.‚

136 2816 282 2868 quibus
313 2814 415 2852 adde
444 2817 589 2855 Muret.
617 2819 711 2858 Var.
740 2819 870 2856 Lectt.
901 2820 976 2867 13,
1008 2820 1049 2859 9.
1081 2825 1120 2855 et
1149 2820 1312 2858 omnino
1341 2818 1392 2858 de
1419 2821 1544 2858 simili
1571 2823 1678 2874 regis

136 2884 426 2935 significatione
456 2885 634 2924 Turneb.
663 2885 768 2924 Adv.
799 2885 877 2936 24,
907 2887 977 2927 29.
1035 2888 1179 2939 Popm.
1208 2886 1260 2925 ad
1289 2890 1400 2928 Varr.
1419 2891 1468 2928 L.
1487 2891 1535 2928 L.
1562 2893 1613 2929 Π.
1634 2905 1677 2943 p.

135 2953 179 2992 7.
208 2951 271 2990 ed.
298 2953 391 3004 Bip.
449 2954 537 2991 Huc
570 2953 747 3004 accedit,
778 2954 888 3008 quod
915 2956 1062 2994 usitata
1092 2956 1293 2996 veteribus
1314 2957 1393 2996 fuit
1425 2970 1596 3011 eamque
1625 2959 1676 2998 ob
