2054 3268
552 842 1344 908 COMMENTARII

913 1002 960 1030 IN

164 1108 586 1158 HORA'rll
661 1108 1250 1158 EPIS'POLAM
1332 1104 1720 1153 PRIMAM

756 1252 992 1304 LIB.
1068 1251 1122 1303 1.

166 1481 388 1559 Quicquid
406 1507 480 1544 viri
498 1506 603 1546 docti
631 1506 680 1545 de
701 1510 1012 1547 Horatianarum
1032 1507 1310 1560 Epistolarum
1330 1504 1482 1542 ratione
1506 1516 1550 1541 ac
1579 1510 1721 1540 natura

165 1575 364 1622 sentiunt,
389 1575 433 1611 in
456 1589 525 1625 eo,
564 1574 674 1629 quod
706 1585 799 1614 sunt
818 1575 1082 1615 humanitatis
1106 1587 1267 1629 sparsae
1297 1573 1382 1609 sale
1401 1578 1522 1624 atque
1542 1572 1720 1622 insigues

164 1641 333 1680 mitioris
358 1643 577 1694 sapientiae
597 1645 726 1692 notis,
756 1658 895 1684 omnes
926 1647 1180 1684 consentiant
1214 1653 1379 1678 necesse
1411 1647 1486 1677 est·
1568 1640 1721 1686 Quodsi

165 1721 332 1759 quaeras
346 1739 357 1757 ,
393 1717 432 1746 et
451 1708 571 1748 hodie
591 1713 819 1765 quaesitum
840 1720 921 1762 est,
956 1720 1094 1750 utrum
1114 1726 1183 1750 eae
1204 1707 1256 1747 ad
1278 1709 1485 1760 poeticum
1515 1707 1721 1759 quoddam

165 1789 291 1826 genus
318 1778 478 1828 auspice
507 1780 623 1817 Musa
653 1783 924 1833 compositum
953 1782 1207 1831 pertineant,
1241 1789 1291 1813 an
1323 1789 1465 1828 prosae
1497 1777 1668 1814 orationi
1699 1791 1721 1814 a

164 1846 250 1883 sola
267 1845 522 1898 intelligendi
543 1848 584 1883 vi
615 1849 816 1899 profectae
838 1856 877 1886 et
902 1848 1059 1899 legibus
1081 1846 1260 1884 metricis
1294 1843 1577 1882 tantummodo
1603 1846 1721 1882 astri-

165 1921 250 1952 ctae
273 1913 596 1952 annumerandae
628 1914 864 1965 videantur,
891 1918 1027 1968 ipsum
1057 1916 1158 1953 libet
1187 1912 1326 1951 audire
1350 1914 1541 1960 Poenam,
1574 1914 1645 1965 qui
1669 1927 1722 1950 ex

165 1986 375 2033 poetarum
394 1995 563 2020 numero
583 1997 626 2019 se
646 1991 784 2034 utpote
804 1984 982 2022 sermoni
1002 1984 1189 2035 propiora
1213 1981 1416 2019 dicentem
1438 1982 1618 2018 eximere
1638 1995 1721 2020 non

167 2049 322 2086 dubitat
342 2049 426 2086 Sat.
450 2050 488 2096 1,
507 2047 547 2095 4,
567 2049 737 2092 39-63
777 2058 816 2087 et
837 2052 966 2102 Epist.
999 2052 1049 2099 2,
1071 2051 1115 2099 1,
1133 2050 1232 2091 250-
1291 2051 1378 2096 Qua
1411 2048 1577 2102 quidem
1605 2051 1649 2087 in
1680 2064 1722 2087 re

168 2113 414 2153 observanda
433 2122 526 2151 sunt
540 2115 632 2154 duo.
691 2118 875 2155 Primum
907 2119 1017 2155 enim
1033 2119 1207 2155 Romani
1234 2119 1363 2168 magis
1395 2118 1438 2153 in
1467 2131 1509 2153 re
1538 2118 1624 2168 ipsa
1649 2116 1721 2154 de-

167 2183 314 2233 scripta
334 2193 456 2232 quam
479 2183 522 2218 in
549 2197 620 2230 eo,
652 2183 763 2237 quod
793 2186 998 2235 spectabat
1029 2186 1240 2223 scribentis
1270 2198 1316 2222 ac
1338 2184 1571 2222 meditantis
1604 2188 1722 2237 inge-

166 2252 301 2297 nium,
338 2261 500 2285 omnem
520 2249 711 2290 videbant
742 2257 912 2303 poeseos
933 2255 1018 2291 vim
1042 2267 1088 2291 ac
1106 2260 1313 2300 naturam,
1341 2259 1385 2290 ut
1405 2253 1508 2289 bene
1531 2253 1721 2292 observa-

166 2318 224 2353 vit
253 2317 301 2354 F.
327 2317 547 2354 Passovias
571 2318 622 2355 ad
642 2321 753 2358 Pers.
782 2334 822 2371 p.
844 2322 937 2361 294.
1006 2320 1117 2357 Tum
1139 2323 1350 2367 Horatius»,
1382 2321 1466 2357 sive
1499 2323 1603 2359 serio
1637 2323 1721 2360 sive

166 2385 353 2422 simulate
383 2380 419 2433 *)
454 2381 580 2432 dixit,
621 2388 663 2423 in
681 2389 874 2439 Epistolis
899 2387 1198 2426 conscribendis
1222 2393 1368 2440 poetae
1401 2389 1570 2427 minime
1594 2389 1722 2443 depo-

165 2454 245 2490 suit
263 2463 499 2504 personam‚
521 2452 605 2489 sive
631 2462 787 2505 spectes
812 2462 1025 2492 externam
1046 2457 1321 2508 Epistolarum
1341 2457 1528 2506 formam,
1551 2460 1634 2496 sive
1655 2473 1721 2497 re-

166 2532 255 2556 rum
271 2521 449 2571 ipsarum
464 2518 762 2570 inventionem,
783 2520 1092 2573 dispositionem
1105 2555 1115 2573 ,
1147 2527 1454 2573 tractationem3
1486 2538 1720 2580 quanquam

166 2592 281 2635 sunt,
316 2588 386 2639 qui
415 2594 454 2625 et
485 2587 627 2625 Satiris
661 2595 700 2625 et
729 2589 943 2641 Epistolis,
979 2600 1143 2645 utpote,
1174 2595 1339 2644 opinor,
1377 2595 1515 2633 afflatu
1543 2595 1719 2647 quodam

168 2653 304 2691 divino
330 2656 574 2704 carentibus,
604 2669 767 2693 omnem
784 2657 868 2694 fere
894 2662 1096 2710 poeticam
1125 2661 1210 2698 vim
1238 2662 1480 2713 abjudicent.
1541 2664 1602 2701 Cf.
1627 2663 1715 2716 Ag.

167 2722 346 2773 Benaty.
374 2723 417 2759 in
434 2724 585 2760 Berlin.
605 2721 774 2762 Jahrbb.
800 2726 831 2763 s.
858 2727 1094 2767 wissensch.
1114 2730 1216 2768 Krit.
1237 2730 1359 2772 1834.
1386 2745 1427 2784 p.
1453 2731 1534 2773 569
1560 2739 1599 2769 et
1623 2730 1718 2773 584.

259 2908 298 2954 *)
329 2909 383 2945 De
400 2910 466 2944 hac
482 2910 609 2946 callida
625 2911 767 2948 Horatii
784 2914 1063 2951 dissimulatione
1079 2929 1192 2965 nuper
1207 2918 1299 2954 dixit
1314 2919 1358 2955 A.
1380 2919 1429 2954 G.
1448 2920 1566 2965 Rein„
1584 2920 1630 2955 V.
1648 2921 1717 2965 CL,

168 2965 206 2999 in
221 2964 348 3011 Progr.
365 2967 493 3014 schol„
509 2969 548 3003 in
565 2982 633 3015 quo
651 2971 696 3007 de
711 2973 947 3009 Romanorum
962 2974 1094 3009 Satiris
1109 2976 1245 3022 agitur.
1281 2977 1399 3012 Gerae
1417 2978 1520 3014 1836.
1540 2991 1576 3025 p.
1594 2979 1629 3013 2.
