2028 3268
381 256 464 297 216
506 256 880 297 COMMENTARII
910 258 967 296 IN
989 255 1214 296 HORATII
1243 257 1340 296 LIB.
1360 259 1390 297 1.
1423 259 1584 302 EPIST.
1606 261 1762 303 TERT.
1844 264 1897 305 26

383 380 481 418 beat.
515 380 580 419 11.
613 381 676 430 (de
704 391 878 416 sensuum
906 377 1061 427 deliciis)
1103 378 1288 416 mollibus
1316 378 1539 431 levibusque
1558 382 1747 432 fomentis
1775 389 1899 419 totum

382 447 587 484 lacessitur
628 459 758 482 eorum
794 457 944 493 corpus.
1005 445 1156 483 Petron.
1186 447 1252 487 98.
1282 448 1510 497 mitigatum
1537 448 1679 484 osculis
1706 455 1896 499 tanquam

375 514 562 564 fomentis
601 524 811 562 aggressus
849 518 917 548 est.
985 510 1132 562 Apulej.
1162 512 1254 553 Met.
1285 514 1324 554 2.
1362 526 1400 563 Ρ.
1430 511 1521 554 124.
1544 516 1776 564 paupertati
1802 529 1898 552 suae

373 581 553 631 fomenta
585 578 819 627 conquirere.
876 577 971 618 Ibid.
1003 579 1042 617 8.
1071 592 1108 629 p.
1137 579 1233 619 510.
1271 580 1399 628 (quem
1426 580 1546 617 locum
1573 581 1738 619 laudavit
1765 581 1895 630 Orell.)

370 647 552 697 jbmento
590 644 880 680 consuetudinis
907 650 1150 684 exaestuans.
1194 646 1340 684 Firmic.
1370 647 1417 684 de
1439 646 1564 684 Error.
1595 647 1691 697 prof.
1719 647 1822 697 relig.
1855 649 1894 688 8.

381 713 487 750 Nolo
521 724 581 747 me
604 723 679 759 per
723 710 894 746 tumulos
932 724 1061 746 eorum
1092 711 1340 763 favillasque
1379 713 1558 758 ducatis,
1585 713 1674 750 nolo
1706 721 1752 750 ut
1779 715 1899 750 errori

382 786 503 816 vestro
533 790 673 814 nomen
703 790 832 812 meum
862 777 1040 827 fomenta
1068 779 1296 827 suppeditet.
1354 780 1412 820 Id.
1443 781 1507 820 13.
1547 778 1758 816 Adulten'o
1795 780 1897 817 dele-

381 852 511 882 ctatur
549 844 697 894 aliquis
708 871 722 888 ,
759 844 895 880 Jovem
932 845 1090 893 respicit
1124 852 1160 881 et
1192 846 1283 882 inde
1323 847 1550 896 cupiditatis
1592 860 1687 884 suae
1717 846 1897 896 fomenta

379 911 592 961 conquirit,
614 909 777 959 probat,
807 911 986 947 imitatur
1015 918 1051 946 et
1078 910 1235 957 laudat,
1266 912 1374 963 quod
1399 917 1471 955 etc.
1515 912 1654 951 Arnob.
1682 912 1730 950 II.
1758 927 1798 964 p.
1828 914 1896 953 87.

379 979 437 1016 ed.
457 978 572 1017 Salm.
590 976 877 1013 Blandimenta
897 977 994 1014 llaec
1015 991 1127 1014 cassa
1147 985 1238 1015 sunt
1260 987 1296 1015 et
1314 982 1494 1016 inanium
1503 981 1687 1030 sbmenta
1707 986 1898 1017 votorum.

378 1045 593 1094 Hieronym.
622 1045 706 1083 adv.
733 1045 917 1084 Jovinian.
944 1044 991 1082 11.
1034 1043 1100 1094 (T.
1130 1046 1168 1084 2.
1201 1058 1240 1095 p.
1265 1043 1322 1093 54,
1344 1046 1402 1087 ed.
1428 1046 1532 1084 Frkf.
1563 1048 1611 1083 ad
1640 1045 1692 1084 M.
1721 1049 1760 1083 et
1789 1045 1895 1096 Lips-

380 1108 507 1162 1684)
547 1110 727 1147 Deliciae
773 1118 807 1146 et
851 1111 1059 1160 epularum
1093 1113 1298 1149 varietates
1329 1113 1508 1163 fomenta
1553 1114 1746 1150 avaritiae
1785 1119 1890 1149 sunt.

376 1176 553 1216 Lactant.
590 1177 686 1217 Inst.
717 1179 767 1227 6,
798 1177 875 1227 23,
906 1178 943 1217 5.
995 1177 1141 1225 Objicit
1179 1180 1323 1229 quippe
1353 1179 1476 1215 oculis
1508 1179 1717 1217 irritabiles
1736 1181 1896 1232 sbrmas

377 1245 633 1294 suggeritque
649 1244 835 1294 fomenta
840 1272 853 1289 ,
885 1251 921 1280 et
940 1246 1046 1281 vitiis
1072 1244 1271 1294 pabulum
1294 1244 1566 1281 subministrat
1594 1250 1663 1284 etc.
1710 1247 1781 1284 His
1803 1247 1896 1297 ipsis

377 1310 614 1360 intelligitur,
651 1311 690 1348 in
718 1314 838 1348 utram
867 1315 1011 1362 partem
1038 1312 1187 1349 inclinet
1214 1312 1391 1360 loquendi
1418 1313 1658 1352 consuetudo.
1720 1312 1772 1350 At
1799 1326 1896 1351 nova

377 1378 539 1415 exoritur
579 1377 753 1415 Genitivo
793 1378 856 1415 illo
894 1393 1080 1415 curarum
1111 1379 1169 1415 vel
1205 1379 1368 1429 Subjecti
1411 1378 1467 1415 vel
1505 1379 1651 1428 Objecti
1688 1379 1894 1418 difficultas.

376 1444 450 1481 Pro
478 1444 541 1482 illo
570 1444 684 1481 habet
719 1444 917 1490 Orellius,
955 1458 1070 1494 quum
1107 1446 1214 1495 dicit,
1254 1460 1337 1483 cur.
1369 1446 1474 1496 me.
1512 1447 1706 1484 manifesto
1743 1458 1824 1483 esse
1851 1458 1896 1484 ea

376 1512 561 1559 fomenta,
591 1523 687 1560 quae
711 1524 819 1548 curae
838 1511 949 1550 Floro
978 1513 1184 1562 imponant,
1207 1526 1276 1563 pro
1296 1513 1377 1562 hoc,
1398 1513 1420 1551 i.
1446 1526 1478 1549 e.
1506 1514 1638 1562 quibus
1665 1525 1773 1550 curae
1791 1512 1896 1563 ipsae

377 1577 617 1625 deliniantur,
647 1578 818 1614 Botlzius
847 1583 886 1616 et
915 1579 1205 1628 Clzarpentier„
1235 1592 1392 1628 quorum
1421 1579 1480 1616 ille
1509 1580 1638 1629 „s0m.
1661 1580 1770 1630 frig.
1804 1579 1894 1616 leni-

375 1648 524 1692 menta,
553 1643 688 1682 solatia
716 1645 851 1695 putida
876 1649 989 1694 atque
1014 1646 1177 1697 inepta‘<
1205 1647 1490 1695 interpretatur,
1518 1645 1575 1682 hic
1603 1658 1808 1694 „curarum
1835 1658 1894 1683 re-

375 1711 495 1748 media
522 1723 617 1747 vana
647 1714 685 1747 et
713 1711 877 1750 inania.“
915 1714 1089 1750 Similiter
1115 1713 1226 1750 vertit
1261 1712 1505 1756 Giintlzerus,
1537 1712 1718 1763 interpres
1744 1712 1894 1762 elegan-

375 1777 555 1814 tissimus:
593 1777 778 1826 „Wofern
815 1779 866 1815 du
902 1778 957 1816 los
996 1780 1080 1816 dich
1118 1779 1300 1817 machtest
1339 1790 1410 1815 von
1441 1779 1547 1827 dem,
1589 1791 1664 1816 was
1694 1779 1754 1816 die
1780 1778 1892 1828 Sorg’

376 1844 586 1892 unkraeftig
624 1843 909 1894 beschwichtigt.
927 1846 954 1868 ‘⁶
1018 1846 1122 1882 Haec
1149 1844 1405 1895 interpretatio
1434 1845 1683 1894 metaphorice
1711 1844 1773 1882 illo
1810 1858 1889 1884 voc.

364 1910 514 1961 frigid.
530 1922 600 1946 usu
625 1910 718 1947 bene
745 1911 887 1950 nititur.
917 1912 979 1949 Sic
999 1912 1110 1951 ovid.
1132 1925 1176 1949 ex
1191 1912 1303 1949 Pont.
1322 1909 1362 1960 4,
1390 1912 1429 1959 2,
1451 1908 1517 1950 45.
1548 1911 1692 1947 solatia
1710 1911 1889 1962 frigida.

374 1975 468 2013 Plin.
493 1977 615 2027 Epist.
647 1977 695 2025 1,
726 1976 774 2026 9,
804 1978 841 2016 3.
873 1977 938 2026 (ibi
967 1979 1160 2027 Schaefer)
1196 1979 1300 2027 Quot
1330 1979 1411 2014 dies
1442 1991 1563 2027 quam
1584 1977 1756 2028 frigidis
1776 1977 1891 2014 rebus

374 2042 609 2093 absumpsi?
647 2044 803 2092 Satyrus
834 2045 873 2081 in
901 2043 985 2085 Del.
1013 2045 1142 2096 Epigr.
1173 2059 1228 2095 gr.
1262 2045 1300 2093 1,
1322 2045 1389 2093 53,
1414 2044 1452 2084 5.
1479 2043 1613 2096 ψυχροὶ
1640 2040 1890 2095 παραμύθια.

373 2110 556 2148 Herodot.
585 2111 634 2158 6,
667 2110 759 2149 108.
791 2110 996 2162 ἐπικουρίη
1026 2108 1173 2163 ψυχρή.
1232 2112 1315 2150 Vid.
1345 2112 1448 2149 Cort.
1480 2111 1528 2147 ad
1556 2109 1695 2150 Lucan.
1727 2111 1766 2160 6,
1795 2111 1888 2151 281.

374 2175 458 2216 Ast.
488 2177 535 2213 de
559 2175 656 2216 Plat.
681 2176 839 2216 Phaedr.
868 2190 905 2227 p.
926 2177 991 2218 98.
1024 2178 1086 2217 Fr.
1108 2179 1258 2218 Jacobs,
1275 2180 1316 2228 *)
1345 2179 1393 2216 ad
1421 2177 1504 2216 Del.
1528 2176 1659 2228 Epigr.
1688 2179 1728 2228 7,
1757 2174 1824 2228 54,
1851 2179 1888 2218 2.

463 2408 502 2452 *)
529 2408 643 2448 Quum
672 2407 734 2440 Fr.
761 2409 963 2443 Jacobsium
995 2409 1038 2442 de
1072 2409 1146 2442 loco
1172 2410 1365 2443 difficillimo
1396 2407 1655 2451 consuluissem,
1687 2407 1717 2440 is
1741 2419 1803 2452 pro
1827 2419 1889 2442 sua

374 2464 584 2497 humanitate
611 2465 653 2498 ad
678 2476 731 2499 me
754 2465 937 2511 rescripsit
958 2465 1098 2499 haecce:
1132 2465 1232 2508 „Die
1254 2465 1491 2498 Horazischen
1508 2466 1561 2507 fr.
1582 2466 1670 2507 som.
1693 2475 1769 2498 cur.
1802 2464 1889 2498 habe

373 2520 428 2553 ich
452 2521 571 2554 immer
594 2521 652 2554 fiir
674 2522 824 2555 remedia
847 2533 1066 2566 genommen‚
1092 2522 1174 2555 aber
1198 2521 1345 2555 remedia
1370 2532 1479 2562 vana,
1502 2520 1629 2562 inania,
1654 2521 1726 2554 also
1749 2516 1888 2565 ψυχροὶ,

375 2575 431 2609 die
447 2576 506 2609 das
524 2577 637 2610 Uebel
654 2578 743 2611 wohl
760 2590 823 2622 gar
835 2579 923 2612 noch
940 2577 1228 2613 verschlimmern.
1257 2578 1297 2610 In
1313 2578 1389 2611 dem
1405 2577 1510 2610 Sinne
1525 2576 1655 2610 kiinnte
1666 2588 1744 2610 man
1761 2588 1887 2620 sugent

374 2629 589 2675 θαλπτήριοι
612 2630 738 2676 ψυχροὶ
759 2635 950 2679 μεριμνῶν.
994 2630 1123 2678 Ψυχρὰ
1146 2631 1208 2667 καὶ
1231 2630 1403 2677 ἀνωφελῆ
1426 2634 1503 2667 hab’
1526 2633 1582 2667 ich
1604 2633 1689 2677 mir,
1711 2633 1765 2666 ich
1783 2632 1887 2667 weiss

375 2687 468 2721 nicht
491 2689 609 2722 woher
633 2690 832 2734 (Luciam),
858 2690 1079 2735 angemerkt3
1104 2701 1155 2723 am
1185 2691 1307 2723 besten
1340 2690 1424 2723 aber
1446 2690 1575 2724 stimmt
1597 2701 1642 2723 zu
1670 2689 1798 2723 meiner
1818 2689 1886 2722 Er-

373 2743 521 2788 kliirung
544 2745 600 2778 die
621 2741 814 2790 ἐπικουρίη
837 2743 959 2791 ψυχρὴ
982 2747 1072 2780 beim
1096 2747 1251 2780 Herodot
1283 2746 1320 2788 6,
1348 2747 1424 2781 108.
1438 2772 1447 2790 ,
1481 2757 1535 2779 wo
1560 2757 1637 2779 man
1658 2745 1740 2789 νίκη
1763 2741 1885 2789 ψυχρὴ

375 2811 437 2834 aus
453 2800 485 2842 9,
501 2801 557 2834 49.
583 2802 787 2846 vergleicht.
811 2804 907 2837 Beim
930 2803 1052 2848 Eurip.
1077 2801 1153 2846 Iph.
1175 2801 1251 2836 Aul.
1278 2803 1379 2837 1021.
1403 2799 1527 2847 ψυχροὶ
1551 2798 1661 2845 ἐλπίς,
1684 2812 1757 2835 was
1781 2801 1887 2834 eben-

375 2855 527 2889 daselbst
549 2857 627 2891 994.
653 2854 741 2902 κενὴ
768 2854 869 2899 ἐλπὶς
901 2859 1021 2894 heisst.
1081 2858 1153 2891 Das
1185 2857 1379 2892 Materielle
1410 2859 1472 2892 des
1499 2858 1626 2893 Sinnes
1656 2858 1780 2891 findert.
1812 2856 1885 2890 sich

375 2911 526 2947 dadurch
550 2912 663 2946 nicht:
694 2925 732 2947 es
765 2914 901 2950 kiinnen
924 2914 1182 2955 Reichthiimer‚
1212 2914 1453 2950 Ehrenstellen
1483 2927 1516 2950 u.
1546 2914 1654 2950 andre
1673 2911 1885 2948 Eitelkeiten
