2028 3268
186 250 241 293 65
299 249 667 289 COMNENTARII
695 251 750 287 IN
779 248 1004 288 HORATII
1032 247 1204 288 EPIST.
1229 248 1451 288 SECUND.
1477 249 1578 289 LIB.
1598 249 1629 287 Ῑ.
1661 245 1742 289 171

189 365 339 404 variata
368 363 431 402 sui
457 362 651 416 temporis
678 375 810 402 mores
837 362 1084 415 perstringit.
1141 362 1391 416 Exemplum
1414 359 1535 413 hujus
1560 362 1619 399 rei
1650 374 1744 414 gra-

189 434 402 472 vissimum
433 429 558 471 habes
587 433 631 469 in
662 432 788 484 Epist.
827 430 866 480 1,
897 430 935 480 1,
973 431 1028 472 52
1046 454 1102 460 —-
1123 430 1191 472 59.
1247 433 1295 469 In
1324 429 1433 470 hunc
1466 443 1632 470 sensum
1659 431 1745 480 jam

187 502 352 542 Aristot.
372 501 494 540 Polit.
519 502 559 550 8,
585 501 626 541 3.
658 496 702 541 τὸ
725 501 852 552 ζητεῖν
873 500 1078 551 πανταχοῦ
1105 495 1151 539 τό
1172 499 1370 553 χρήσιμον
1385 494 1530 552 ἥκιστα
1557 494 1746 552 ἁρμόττει

187 573 272 619 τοῖς
297 565 593 624 μεγαλοψύχοις
608 567 677 610 καὶ
696 572 780 617 τοῖς
798 565 1036 621 ἐλευθέροις.
1067 567 1122 604 At
1141 579 1264 620 quam
1295 567 1494 608 Wbems
1520 565 1640 619 hujus
1664 567 1745 606 loci

188 638 327 677 statuit
349 639 560 688 rationem,
593 651 639 676 ea
664 651 805 677 vereor
833 643 879 675 ut
902 635 1088 674 omnibus
1113 636 1316 686 probetur.
1374 638 1448 675 Est
1473 634 1596 675 haec:
1627 644 1746 686 „stu-

189 705 301 745 diose
335 702 491 758 colligis
521 719 616 745 vasa
644 712 855 758 argentea,
891 704 1070 757 exquiris
1100 717 1273 742 uxorem
1309 704 1447 744 liberis
1487 705 1746 758 procreandiS

188 781 337 828 aptam,
359 781 508 813 terram
531 775 724 812 incultam
744 786 908 826 operose
926 771 1060 811 reddis
1080 773 1281 822 fertilem3
1313 786 1381 811 cur
1397 787 1479 812 non
1498 782 1589 813 ante
1610 776 1747 813 omnia

188 844 371 882 animum
393 851 511 882 tuum
540 843 706 892 excolis,
736 842 823 880 sine
855 841 968 892 cujus
1005 852 1098 879 cura
1122 841 1234 879 nulla
1253 854 1296 878 re
1329 847 1434 878 recte
1454 844 1512 880 uti
1534 842 1747 882 valebis‘3“

188 913 322 960 Quum
358 919 494 950 autem
525 913 650 950 Poeta
676 909 728 948 ad
758 923 818 960 ea,
857 922 960 962 quae
989 916 1213 962 sequuntur
1240 923 1278 947 v.
1309 906 1378 950 46.
1406 916 1594 961 trauseat,
1625 912 1748 950 verba

190 987 393 1019 extrema:
431 995 504 1018 car
535 994 616 1018 non
646 985 721 1017 etc.
755 991 841 1016 rem
872 977 1127 1017 incommode
1159 981 1306 1016 iterant
1338 978 1459 1031 paulo
1491 987 1583 1018 ante
1613 987 1747 1019 trans-

188 1054 332 1087 actam.
398 1050 539 1102 Neque
573 1047 663 1098 hic,
703 1047 774 1085 ubi
806 1048 1030 1099 generatim
1065 1045 1114 1085 de
1151 1046 1301 1086 divitiis
1340 1047 1577 1100 colligendis
1616 1051 1749 1101 agitur

188 1117 259 1168 (cf.
279 1130 320 1156 v.
342 1115 446 1171 47.),
465 1124 676 1170 argentum
694 1116 969 1154 intellexerim
986 1130 1086 1154 vasa
1103 1123 1312 1168 argentea,
1340 1122 1478 1167 utpote
1498 1115 1594 1155 huic
1614 1132 1748 1157 rerum

142 1223 147 1226 .
188 1185 319 1224 ordini
346 1199 489 1238 parum
515 1184 832 1224 accommodata.
891 1186 1100 1223 Praeterea
1122 1185 1277 1223 nollem
1303 1185 1372 1223 Vir
1399 1183 1653 1227 doctissimus
1680 1201 1748 1227 as-

187 1267 330 1293 sensus
368 1261 473 1293 esset
510 1256 699 1308 Cruquio,
738 1252 946 1303 Chabotio,
975 1254 1205 1305 Desprezio,
1237 1254 1421 1305 aliisque,
1453 1255 1598 1306 quibus
1630 1255 1749 1294 beata

189 1337 290 1361 uxor
318 1323 558 1374 intelligitur
586 1319 754 1376 εὔγονος
782 1319 954 1375 γαμέτις.
1012 1322 1120 1369 Quae
1149 1328 1286 1359 tamen
1314 1323 1588 1375 interpretatio
1617 1326 1747 1365 multo

189 1390 435 1442 probabilior
463 1389 622 1429 videtur
659 1404 719 1441 ea,
751 1403 874 1444 quam
903 1390 1111 1442 proposuit
1136 1390 1328 1441 Piscator,
1359 1399 1404 1430 ut
1428 1407 1548 1444 puer.
1581 1394 1743 1432 ereand.

190 1459 271 1497 sint
289 1459 467 1498 Ablativi
489 1459 757 1511 significantes
783 1472 945 1498 causam
964 1460 992 1498 i.
1014 1473 1050 1497 e.
1069 1459 1187 1496 beata
1213 1459 1385 1500 creando
1409 1475 1569 1514 pueros,
1591 1464 1676 1501 sive
1697 1462 1747 1501 ob

189 1525 246 1576 id,
277 1526 385 1580 quod
405 1535 512 1566 creat
533 1541 702 1581 pueros3
734 1541 756 1566 a
780 1541 859 1582 qua
881 1542 923 1566 re
941 1529 1192 1582 aliquantum
1209 1528 1371 1580 recedit,
1402 1531 1472 1583 qui
1498 1532 1615 1583 plura
1636 1545 1748 1570 com-

188 1596 346 1645 miscet,
364 1595 600 1635 Hocheder:
634 1597 786 1644 „beata
804 1612 863 1632 =
883 1603 988 1649 apta,
1014 1597 1070 1634 ita
1091 1603 1135 1634 ut
1153 1598 1345 1635 maritum
1366 1598 1502 1637 beet.“
1539 1601 1750 1638 Incassum

187 1671 284 1703 eunt
307 1648 457 1704 om'nia.
516 1667 576 1703 De
596 1667 780 1718 conjugio
798 1667 907 1703 enim
931 1664 1034 1704 dotis
1054 1666 1307 1720 liberumque
1329 1668 1455 1718 gratia
1481 1666 1748 1707 conhaerente

187 1733 333 1786 agitur.
402 1733 470 1772 Sic
496 1733 702 1772 Plutarch.
738 1734 907 1785 Conjug.
936 1735 1144 1786 Praecept.
1164 1735 1230 1774 VI.
1255 1749 1297 1787 p.
1318 1735 1417 1777 539.
1451 1734 1575 1774 Rsk.:
1605 1735 1748 1791 γάμος,

188 1799 214 1843 ὅ
243 1799 316 1855 μὲν
335 1804 416 1843 τῶν
445 1801 645 1857 ἐρώντων,
668 1801 882 1856 ’ἡνωμένος
906 1800 975 1842 καὶ
997 1798 1191 1855 συμφυής
1215 1802 1335 1845 ἔστιν.
1367 1803 1390 1846 ὁ
1411 1802 1456 1845 δὲ
1479 1802 1545 1845 διοῖ
1575 1808 1750 1858 προῖκας

185 1865 216 1923 ἢ
243 1868 364 1911 τέκνα
387 1870 627 1925 γαμούντων
653 1870 697 1912 ἐκ
728 1868 1056 1922 συναπτομένων.
1088 1871 1306 1911 Jamblich.
1342 1871 1500 1912 adhort.
1525 1871 1577 1910 ad
1597 1871 1747 1925 philos.

187 1952 222 1977 c.
249 1939 319 1979 21.
342 1953 384 1991 p.
406 1939 507 1980 316.
537 1940 708 1979 Kiessl.:
740 1936 907 1994 Χρυσόν
937 1936 1085 1997 ἐχούσῃ
1115 1937 1169 1994 μή
1192 1938 1384 1994 πλησιᾶζε
1415 1940 1482 1983 ἐπὶ
1500 1945 1748 2000 τεκνοποιΐᾳ,

185 2007 356 2060 mystica
387 2013 523 2044 autem
548 2014 608 2046 est
639 2005 759 2059 hujus
792 2006 889 2045 dicti
921 1999 1215 2060 interpretatio,
1245 2022 1348 2062 quae
1382 2023 1422 2062 p.
1455 2010 1554 2051 372.
1584 2011 1748 2063 legitur.

186 2075 326 2127 Eurip.
350 2075 515 2127 Hippol.
549 2075 672 2116 1011.
691 2072 920 2130 ’Έγκληρον
947 2070 1075 2128 εὐνὴν
1105 2074 1358 2130 προςλαβοὸν.
1385 2077 1473 2116 Val.
1497 2079 1610 2116 Max.
1640 2081 1682 2128 7,
1705 2082 1747 2129 7,

185 2141 228 2185 4.
259 2143 406 2190 dotem,
437 2144 533 2195 quia
568 2156 649 2180 non
679 2144 942 2182 creandorum
970 2143 1186 2181 liberorum
1211 2158 1336 2182 causa
1363 2148 1597 2197 eonjugium
1625 2148 1749 2184 inter-

186 2219 373 2258 cesserat,
403 2213 536 2250 ritum
565 2213 730 2249 retinere
756 2213 894 2250 vetuit.
956 2213 1098 2264 Itaque
1127 2211 1242 2249 beata
1265 2225 1337 2264 per
1358 2213 1586 2252 irrisionem
1615 2227 1749 2268 quan-

187 2278 283 2318 dam
319 2278 464 2318 dicitur
493 2293 593 2317 uxor
621 2280 725 2317 bene
754 2287 964 2318 nummata
988 2293 1059 2318 seu
1082 2279 1220 2317 dotata
1245 2279 1319 2318 od.
1352 2281 1393 2330 3,
1426 2279 1496 2331 24,
1530 2282 1611 2331 19.,
1649 2298 1749 2322 uxor

186 2362 279 2386 cum
302 2348 409 2394 dote,
440 2361 473 2386 s.
505 2361 607 2401 quae
639 2347 761 2386 habet
789 2348 941 2386 dotales
971 2362 1092 2401 agros
1115 2350 1243 2400 Epist.
1267 2350 1307 2397 6,
1334 2349 1403 2389 21.
1424 2349 1492 2391 36.
1523 2350 1590 2389 Sic
1611 2350 1749 2391 beatus

185 2415 426 2455 Nasidienus
453 2416 539 2455 Sat.
565 2419 606 2466 2,
637 2417 678 2467 8,
711 2419 761 2466 1.,
792 2415 898 2453 beati
909 2423 1098 2468 parentes
1118 2415 1191 2455 Od.
1214 2418 1254 2467 2,
1280 2415 1320 2467 4,
1347 2419 1412 2458 13.
1448 2418 1606 2457 Eodem
1626 2422 1748 2474 plane

187 2497 308 2522 sensu
325 2485 500 2524 Arellius
522 2486 674 2523 Fuscus
703 2498 766 2536 ap.
787 2485 931 2523 Senec.
953 2485 1140 2524 Controv.
1163 2487 1200 2535 1,
1225 2487 1266 2526 6.
1298 2486 1490 2524 Insistens
1512 2489 1668 2527 malum
1690 2498 1749 2529 est

189 2550 304 2589 beata
324 2565 435 2590 uxor.
495 2554 684 2591 Pluribus
714 2552 819 2591 hanc
849 2553 1183 2605 significationem
1207 2567 1300 2591 cum
1331 2555 1576 2595 Graecorum
1601 2556 1746 2613 ὄλβιος,

189 2615 384 2672 μακάριος
428 2629 699 2673 comparatam
737 2623 939 2660 illustrant
977 2622 1163 2659 Lambin.
1208 2629 1248 2660 et
1284 2622 1431 2662 Heind.
1463 2624 1514 2663 ad
1543 2627 1626 2666 Sat.
1659 2629 1745 2668 1.1.

188 2688 334 2739 Cuper.
353 2686 468 2726 Obss.
490 2689 530 2737 3,
563 2690 600 2730 1.
621 2688 745 2728 Drak.
778 2690 828 2728 ad
848 2691 922 2729 Sil.
950 2691 988 2740 1,
1020 2690 1117 2731 609.
1145 2697 1184 2728 et
1202 2692 1340 2743 Leipz.
1370 2693 1449 2730 Lit.
1475 2696 1580 2734 Zeit.
1620 2695 1744 2739 1833.

186 2769 229 2808 p.
260 2756 384 2797 1900.
444 2755 560 2803 Quod
583 2758 706 2797 Poeta
736 2758 848 2797 addit
866 2761 1007 2810 pueris
1037 2758 1220 2796 creandis
1248 2760 1383 2811 plures
1413 2761 1546 2801 afferri
1575 2774 1745 2816 possunt

187 2836 343 2864 causae.
400 2824 582 2863 Primum
617 2834 676 2865 est
707 2841 761 2866 ex
788 2828 964 2867 formula
993 2828 1036 2864 in
1066 2827 1217 2877 nuptiis
1242 2828 1434 2880 legitimis
1470 2834 1640 2871 usitata:
1672 2832 1742 2875 ἐπ’

187 2887 314 2948 ἆρὰτῳ
344 2892 502 2933 παίδων
531 2894 721 2948 γνησίων,
751 2895 920 2933 liberum
950 2895 1284 2948 quaerendorum,
1313 2898 1397 2936 sive
1421 2898 1492 2938 lib.
1521 2915 1744 2952 procrean-

187 2959 328 2997 dorum
348 2973 487 2999 eausa.
547 2960 702 3001 Deinde
723 2960 800 3001 hac
823 2977 903 3002 una
921 2966 993 3018 τῆς
1021 2965 1272 3014 τεκνοποιΐας
1292 2965 1520 3006 conditione
1541 2969 1613 3009 dos
1637 2972 1743 3024 legi-

231 3025 382 3061 Hou'r.
406 3025 439 3062 Ι.
1314 3031 1368 3074 12
1398 3034 1463 3085 (5)
