<?xml version="1.0" encoding="UTF-8"?>
<!DOCTYPE html PUBLIC "-//W3C//DTD XHTML 1.0 Transitional//EN"
    "http://www.w3.org/TR/xhtml1/DTD/xhtml1-transitional.dtd">
<html xmlns="http://www.w3.org/1999/xhtml" xml:lang="en" lang="en">
 <head>
  <title>
</title>
<meta http-equiv="Content-Type" content="text/html;charset=utf-8" />
  <meta name='ocr-system' content='tesseract 3.04.00' />
  <meta name='ocr-capabilities' content='ocr_page ocr_carea ocr_par ocr_line ocrx_word'/>
</head>
<body>
  <div class='ocr_page' id='page_1' title='image "./epistolascomment01horauoft_0007.png"; bbox 0 0 2054 3268; ppageno 0'>
   <div class='ocr_carea' id='block_1_1' title="bbox 644 1086 1309 1150">
    <p class='ocr_par' dir='ltr' id='par_1_1' title="bbox 644 1086 1309 1150">
     <span class='ocr_line' id='line_1_1' title="bbox 644 1086 1309 1150; baseline -0.008 0"><span class='ocrx_word' id='word_1_1' title='bbox 644 1086 1309 1150; x_wconf 84' lang='lat' dir='ltr'><strong>PRAEFATIO.</strong></span> 
     </span>
    </p>
   </div>
   <div class='ocr_carea' id='block_1_2' title="bbox 843 1270 1116 1277">
    <p class='ocr_par' dir='ltr' id='par_1_2' title="bbox 843 1270 1116 1277">
     <span class='ocr_line' id='line_1_2' title="bbox 843 1270 1116 1277; baseline -0.004 -1"><span class='ocrx_word' id='word_1_2' title='bbox 843 1270 1116 1277; x_wconf 75' lang='lat'><strong>——--——</strong></span> 
     </span>
    </p>
   </div>
   <div class='ocr_carea' id='block_1_3' title="bbox 190 1389 1755 3044">
    <p class='ocr_par' dir='ltr' id='par_1_3' title="bbox 190 1389 1755 3044">
     <span class='ocr_line' id='line_1_3' title="bbox 201 1389 1754 1479; baseline -0.002 -17"><span class='ocrx_word' id='word_1_3' title='bbox 201 1389 356 1479; x_wconf 69' lang='lat' dir='ltr'><strong>Quae</strong></span> <span class='ocrx_word' id='word_1_4' title='bbox 388 1420 490 1462; x_wconf 85' lang='lat' dir='ltr'><strong>ante</strong></span> <span class='ocrx_word' id='word_1_5' title='bbox 517 1415 599 1462; x_wconf 88' lang='lat' dir='ltr'><strong>hos</strong></span> <span class='ocrx_word' id='word_1_6' title='bbox 630 1428 711 1461; x_wconf 88' lang='lat' dir='ltr'><strong>sex</strong></span> <span class='ocrx_word' id='word_1_7' title='bbox 738 1429 910 1461; x_wconf 86' lang='lat' dir='ltr'><strong>menses</strong></span> <span class='ocrx_word' id='word_1_8' title='bbox 939 1429 1027 1476; x_wconf 84' lang='lat' dir='ltr'><strong>ego</strong></span> <span class='ocrx_word' id='word_1_9' title='bbox 1065 1420 1110 1461; x_wconf 88' lang='lat' dir='ltr'><strong>et</strong></span> <span class='ocrx_word' id='word_1_10' title='bbox 1144 1412 1434 1458; x_wconf 81' lang='lat' dir='ltr'><strong>Theodorus</strong></span> <span class='ocrx_word' id='word_1_11' title='bbox 1464 1411 1754 1460; x_wconf 80' lang='lat' dir='ltr'><strong>Schmidius</strong></span> 
     </span>
     <span class='ocr_line' id='line_1_4' title="bbox 197 1506 1755 1568; baseline -0.001 -15"><span class='ocrx_word' id='word_1_12' title='bbox 197 1508 254 1554; x_wconf 81' lang='lat' dir='ltr'><strong>de</strong></span> <span class='ocrx_word' id='word_1_13' title='bbox 282 1510 450 1554; x_wconf 86' lang='lat' dir='ltr'><strong>ratione</strong></span> <span class='ocrx_word' id='word_1_14' title='bbox 479 1513 608 1568; x_wconf 90' lang='lat' dir='ltr'><strong>atque</strong></span> <span class='ocrx_word' id='word_1_15' title='bbox 636 1507 778 1554; x_wconf 85' lang='lat' dir='ltr'><strong>forma</strong></span> <span class='ocrx_word' id='word_1_16' title='bbox 795 1521 936 1553; x_wconf 90' lang='lat' dir='ltr'><strong>novae</strong></span> <span class='ocrx_word' id='word_1_17' title='bbox 953 1507 1083 1565; x_wconf 91' lang='lat' dir='ltr'><strong>hujus</strong></span> <span class='ocrx_word' id='word_1_18' title='bbox 1112 1506 1312 1552; x_wconf 81' lang='lat' dir='ltr'><strong>editionis</strong></span> <span class='ocrx_word' id='word_1_19' title='bbox 1342 1508 1649 1568; x_wconf 86' lang='lat' dir='ltr'><strong>exposuimus,</strong></span> <span class='ocrx_word' id='word_1_20' title='bbox 1683 1521 1755 1568; x_wconf 79' lang='lat' dir='ltr'><strong>ea,</strong></span> 
     </span>
     <span class='ocr_line' id='line_1_5' title="bbox 198 1598 1754 1662; baseline -0.001 -17"><span class='ocrx_word' id='word_1_21' title='bbox 198 1604 408 1660; x_wconf 85' lang='lat' dir='ltr'><strong>quatenus</strong></span> <span class='ocrx_word' id='word_1_22' title='bbox 427 1599 512 1645; x_wconf 90' lang='lat' dir='ltr'><strong>huc</strong></span> <span class='ocrx_word' id='word_1_23' title='bbox 530 1600 720 1662; x_wconf 84' lang='lat' dir='ltr'><strong>faciunt,</strong></span> <span class='ocrx_word' id='word_1_24' title='bbox 750 1613 864 1644; x_wconf 92' lang='lat' dir='ltr'><strong>nunc</strong></span> <span class='ocrx_word' id='word_1_25' title='bbox 883 1598 1099 1659; x_wconf 82' lang='lat' dir='ltr'><strong>praefanti</strong></span> <span class='ocrx_word' id='word_1_26' title='bbox 1118 1603 1318 1659; x_wconf 87' lang='lat' dir='ltr'><strong>repetere</strong></span> <span class='ocrx_word' id='word_1_27' title='bbox 1344 1600 1490 1644; x_wconf 86' lang='lat' dir='ltr'><strong>liceat.</strong></span> <span class='ocrx_word' id='word_1_28' title='bbox 1541 1599 1754 1644; x_wconf 88' lang='lat' dir='ltr'><strong>Paramus</strong></span> 
     </span>
     <span class='ocr_line' id='line_1_6' title="bbox 195 1690 1754 1753; baseline 0 -16"><span class='ocrx_word' id='word_1_29' title='bbox 195 1705 295 1737; x_wconf 87' lang='lat' dir='ltr'><strong>eam</strong></span> <span class='ocrx_word' id='word_1_30' title='bbox 330 1691 670 1738; x_wconf 87' lang='lat' dir='ltr'><strong>Horatianarum</strong></span> <span class='ocrx_word' id='word_1_31' title='bbox 703 1692 1004 1752; x_wconf 85' lang='lat' dir='ltr'><strong>Epistolarum</strong></span> <span class='ocrx_word' id='word_1_32' title='bbox 1039 1690 1299 1752; x_wconf 77' lang='lat' dir='ltr'><strong>editionem,</strong></span> <span class='ocrx_word' id='word_1_33' title='bbox 1357 1705 1465 1751; x_wconf 89' lang='lat' dir='ltr'><strong>quae</strong></span> <span class='ocrx_word' id='word_1_34' title='bbox 1503 1692 1754 1753; x_wconf 82' lang='lat' dir='ltr'><strong>cognitione</strong></span> 
     </span>
     <span class='ocr_line' id='line_1_7' title="bbox 195 1783 1753 1845; baseline 0.001 -17"><span class='ocrx_word' id='word_1_35' title='bbox 195 1783 450 1845; x_wconf 81' lang='lat' dir='ltr'><strong>dignissima</strong></span> <span class='ocrx_word' id='word_1_36' title='bbox 467 1789 555 1829; x_wconf 92' lang='lat' dir='ltr'><strong>tum</strong></span> <span class='ocrx_word' id='word_1_37' title='bbox 573 1799 602 1829; x_wconf 90' lang='lat' dir='ltr'><strong>a</strong></span> <span class='ocrx_word' id='word_1_38' title='bbox 629 1785 847 1830; x_wconf 88' lang='lat' dir='ltr'><strong>veteribus</strong></span> <span class='ocrx_word' id='word_1_39' title='bbox 866 1788 957 1829; x_wconf 88' lang='lat' dir='ltr'><strong>tum</strong></span> <span class='ocrx_word' id='word_1_40' title='bbox 982 1797 1011 1827; x_wconf 90' lang='lat' dir='ltr'><strong>a</strong></span> <span class='ocrx_word' id='word_1_41' title='bbox 1040 1783 1281 1828; x_wconf 85' lang='lat' dir='ltr'><strong>recentibus</strong></span> <span class='ocrx_word' id='word_1_42' title='bbox 1310 1784 1613 1844; x_wconf 79' lang='lat' dir='ltr'><strong>interpretibus</strong></span> <span class='ocrx_word' id='word_1_43' title='bbox 1642 1798 1753 1844; x_wconf 90' lang='lat' dir='ltr'><strong>pro-</strong></span> 
     </span>
     <span class='ocr_line' id='line_1_8' title="bbox 195 1875 1753 1937; baseline 0.001 -17"><span class='ocrx_word' id='word_1_44' title='bbox 195 1876 338 1935; x_wconf 87' lang='lat' dir='ltr'><strong>posita</strong></span> <span class='ocrx_word' id='word_1_45' title='bbox 372 1875 530 1921; x_wconf 89' lang='lat' dir='ltr'><strong>habeat</strong></span> <span class='ocrx_word' id='word_1_46' title='bbox 567 1890 759 1936; x_wconf 89' lang='lat' dir='ltr'><strong>quaeque</strong></span> <span class='ocrx_word' id='word_1_47' title='bbox 794 1877 918 1921; x_wconf 89' lang='lat' dir='ltr'><strong>varia</strong></span> <span class='ocrx_word' id='word_1_48' title='bbox 947 1877 991 1920; x_wconf 91' lang='lat' dir='ltr'><strong>in</strong></span> <span class='ocrx_word' id='word_1_49' title='bbox 1018 1876 1164 1921; x_wconf 88' lang='lat' dir='ltr'><strong>multis</strong></span> <span class='ocrx_word' id='word_1_50' title='bbox 1202 1877 1323 1921; x_wconf 86' lang='lat' dir='ltr'><strong>libris</strong></span> <span class='ocrx_word' id='word_1_51' title='bbox 1365 1875 1565 1937; x_wconf 83' lang='lat' dir='ltr'><strong>dispersa</strong></span> <span class='ocrx_word' id='word_1_52' title='bbox 1591 1876 1636 1920; x_wconf 91' lang='lat' dir='ltr'><strong>in</strong></span> <span class='ocrx_word' id='word_1_53' title='bbox 1666 1889 1753 1921; x_wconf 92' lang='lat' dir='ltr'><strong>uno</strong></span> 
     </span>
     <span class='ocr_line' id='line_1_9' title="bbox 195 1967 1753 2030; baseline 0.001 -19"><span class='ocrx_word' id='word_1_54' title='bbox 195 1968 317 2026; x_wconf 83' lang='lat' dir='ltr'><strong>quasi</strong></span> <span class='ocrx_word' id='word_1_55' title='bbox 347 1973 578 2028; x_wconf 89' lang='lat' dir='ltr'><strong>conspectu</strong></span> <span class='ocrx_word' id='word_1_56' title='bbox 610 1970 751 2029; x_wconf 90' lang='lat' dir='ltr'><strong>posita</strong></span> <span class='ocrx_word' id='word_1_57' title='bbox 783 1967 1042 2030; x_wconf 83' lang='lat' dir='ltr'><strong>suppeditet.</strong></span> <span class='ocrx_word' id='word_1_58' title='bbox 1094 1967 1346 2028; x_wconf 77' lang='lat' dir='ltr'><strong>Quanquam</strong></span> <span class='ocrx_word' id='word_1_59' title='bbox 1374 1968 1627 2030; x_wconf 82' lang='lat' dir='ltr'><strong>Epistolae,</strong></span> <span class='ocrx_word' id='word_1_60' title='bbox 1664 1968 1753 2013; x_wconf 87' lang='lat' dir='ltr'><strong>im-</strong></span> 
     </span>
     <span class='ocr_line' id='line_1_10' title="bbox 195 2054 1753 2121; baseline 0 -18"><span class='ocrx_word' id='word_1_61' title='bbox 195 2060 381 2104; x_wconf 87' lang='lat' dir='ltr'><strong>mortale</strong></span> <span class='ocrx_word' id='word_1_62' title='bbox 409 2054 516 2104; x_wconf 86' lang='lat' dir='ltr'><strong>illud</strong></span> <span class='ocrx_word' id='word_1_63' title='bbox 540 2062 654 2105; x_wconf 86' lang='lat' dir='ltr'><strong>vatis</strong></span> <span class='ocrx_word' id='word_1_64' title='bbox 675 2061 886 2119; x_wconf 78' lang='lat' dir='ltr'><strong>Venusini</strong></span> <span class='ocrx_word' id='word_1_65' title='bbox 912 2075 1065 2106; x_wconf 86' lang='lat' dir='ltr'><strong>munus</strong></span> <span class='ocrx_word' id='word_1_66' title='bbox 1080 2092 1095 2121; x_wconf 90' lang='lat'><strong>,</strong></span> <span class='ocrx_word' id='word_1_67' title='bbox 1122 2060 1206 2105; x_wconf 89' lang='lat' dir='ltr'><strong>hac</strong></span> <span class='ocrx_word' id='word_1_68' title='bbox 1236 2060 1404 2121; x_wconf 89' lang='lat' dir='ltr'><strong>quidem</strong></span> <span class='ocrx_word' id='word_1_69' title='bbox 1432 2064 1578 2106; x_wconf 80' lang='lat' dir='ltr'><strong>aetate</strong></span> <span class='ocrx_word' id='word_1_70' title='bbox 1597 2060 1753 2118; x_wconf 89' lang='lat' dir='ltr'><strong>majori</strong></span> 
     </span>
     <span class='ocr_line' id='line_1_11' title="bbox 194 2151 1750 2212; baseline 0.001 -18"><span class='ocrx_word' id='word_1_71' title='bbox 194 2153 405 2195; x_wconf 78' lang='lat' dir='ltr'><strong>tractatae</strong></span> <span class='ocrx_word' id='word_1_72' title='bbox 429 2155 529 2196; x_wconf 90' lang='lat' dir='ltr'><strong>sunt</strong></span> <span class='ocrx_word' id='word_1_73' title='bbox 551 2151 717 2212; x_wconf 88' lang='lat' dir='ltr'><strong>studio,</strong></span> <span class='ocrx_word' id='word_1_74' title='bbox 750 2157 894 2198; x_wconf 87' lang='lat' dir='ltr'><strong>tamen</strong></span> <span class='ocrx_word' id='word_1_75' title='bbox 915 2157 1084 2198; x_wconf 86' lang='lat' dir='ltr'><strong>restant</strong></span> <span class='ocrx_word' id='word_1_76' title='bbox 1103 2152 1238 2198; x_wconf 85' lang='lat' dir='ltr'><strong>multa</strong></span> <span class='ocrx_word' id='word_1_77' title='bbox 1257 2167 1373 2197; x_wconf 89' lang='lat' dir='ltr'><strong>nova</strong></span> <span class='ocrx_word' id='word_1_78' title='bbox 1400 2153 1519 2212; x_wconf 89' lang='lat' dir='ltr'><strong>quasi</strong></span> <span class='ocrx_word' id='word_1_79' title='bbox 1537 2152 1635 2196; x_wconf 89' lang='lat' dir='ltr'><strong>luce</strong></span> <span class='ocrx_word' id='word_1_80' title='bbox 1651 2151 1750 2196; x_wconf 89' lang='lat' dir='ltr'><strong>col-</strong></span> 
     </span>
     <span class='ocr_line' id='line_1_12' title="bbox 195 2237 1750 2305; baseline 0.005 -24"><span class='ocrx_word' id='word_1_81' title='bbox 195 2237 445 2305; x_wconf 84' lang='lat' dir='ltr'><strong>lustranda,</strong></span> <span class='ocrx_word' id='word_1_82' title='bbox 482 2249 649 2290; x_wconf 88' lang='lat' dir='ltr'><strong>restant</strong></span> <span class='ocrx_word' id='word_1_83' title='bbox 676 2244 764 2287; x_wconf 88' lang='lat' dir='ltr'><strong>alia</strong></span> <span class='ocrx_word' id='word_1_84' title='bbox 799 2243 854 2288; x_wconf 91' lang='lat' dir='ltr'><strong>de</strong></span> <span class='ocrx_word' id='word_1_85' title='bbox 882 2244 1070 2304; x_wconf 78' lang='lat' dir='ltr'><strong>singulis</strong></span> <span class='ocrx_word' id='word_1_86' title='bbox 1099 2244 1208 2288; x_wconf 91' lang='lat' dir='ltr'><strong>locis</strong></span> <span class='ocrx_word' id='word_1_87' title='bbox 1241 2244 1286 2287; x_wconf 93' lang='lat' dir='ltr'><strong>in</strong></span> <span class='ocrx_word' id='word_1_88' title='bbox 1323 2248 1547 2303; x_wconf 87' lang='lat' dir='ltr'><strong>utramque</strong></span> <span class='ocrx_word' id='word_1_89' title='bbox 1582 2247 1750 2303; x_wconf 86' lang='lat' dir='ltr'><strong>partem</strong></span> 
     </span>
     <span class='ocr_line' id='line_1_13' title="bbox 195 2329 1748 2393; baseline 0.005 -19"><span class='ocrx_word' id='word_1_90' title='bbox 195 2329 435 2393; x_wconf 88' lang='lat' dir='ltr'><strong>disputata,</strong></span> <span class='ocrx_word' id='word_1_91' title='bbox 476 2348 584 2393; x_wconf 90' lang='lat' dir='ltr'><strong>quae</strong></span> <span class='ocrx_word' id='word_1_92' title='bbox 619 2338 663 2380; x_wconf 90' lang='lat' dir='ltr'><strong>in</strong></span> <span class='ocrx_word' id='word_1_93' title='bbox 693 2335 947 2381; x_wconf 85' lang='lat' dir='ltr'><strong>editionibus</strong></span> <span class='ocrx_word' id='word_1_94' title='bbox 974 2334 1030 2379; x_wconf 88' lang='lat' dir='ltr'><strong>ad</strong></span> <span class='ocrx_word' id='word_1_95' title='bbox 1069 2334 1314 2379; x_wconf 88' lang='lat' dir='ltr'><strong>scholarum</strong></span> <span class='ocrx_word' id='word_1_96' title='bbox 1340 2349 1464 2379; x_wconf 92' lang='lat' dir='ltr'><strong>usum</strong></span> <span class='ocrx_word' id='word_1_97' title='bbox 1501 2348 1748 2381; x_wconf 89' lang='lat' dir='ltr'><strong>accommo-</strong></span> 
     </span>
     <span class='ocr_line' id='line_1_14' title="bbox 194 2421 1747 2488; baseline 0.005 -23"><span class='ocrx_word' id='word_1_98' title='bbox 194 2421 307 2467; x_wconf 85' lang='lat' dir='ltr'><strong>datis</strong></span> <span class='ocrx_word' id='word_1_99' title='bbox 327 2426 501 2470; x_wconf 88' lang='lat' dir='ltr'><strong>tractari</strong></span> <span class='ocrx_word' id='word_1_100' title='bbox 521 2440 607 2471; x_wconf 93' lang='lat' dir='ltr'><strong>non</strong></span> <span class='ocrx_word' id='word_1_101' title='bbox 625 2432 872 2486; x_wconf 88' lang='lat' dir='ltr'><strong>potuerunt.</strong></span> <span class='ocrx_word' id='word_1_102' title='bbox 909 2427 980 2472; x_wconf 90' lang='lat' dir='ltr'><strong>Ne</strong></span> <span class='ocrx_word' id='word_1_103' title='bbox 1000 2427 1090 2487; x_wconf 86' lang='lat' dir='ltr'><strong>quis</strong></span> <span class='ocrx_word' id='word_1_104' title='bbox 1115 2431 1258 2472; x_wconf 89' lang='lat' dir='ltr'><strong>tamen</strong></span> <span class='ocrx_word' id='word_1_105' title='bbox 1288 2428 1512 2488; x_wconf 73' lang='lat' dir='ltr'><strong>opinetur,</strong></span> <span class='ocrx_word' id='word_1_106' title='bbox 1541 2427 1747 2473; x_wconf 87' lang='lat' dir='ltr'><strong>librorum</strong></span> 
     </span>
     <span class='ocr_line' id='line_1_15' title="bbox 193 2517 1745 2581; baseline 0.004 -22"><span class='ocrx_word' id='word_1_107' title='bbox 193 2527 415 2562; x_wconf 89' lang='lat' dir='ltr'><strong>numerum</strong></span> <span class='ocrx_word' id='word_1_108' title='bbox 448 2519 493 2562; x_wconf 92' lang='lat' dir='ltr'><strong>in</strong></span> <span class='ocrx_word' id='word_1_109' title='bbox 532 2517 624 2563; x_wconf 88' lang='lat' dir='ltr'><strong>dies</strong></span> <span class='ocrx_word' id='word_1_110' title='bbox 658 2523 831 2564; x_wconf 89' lang='lat' dir='ltr'><strong>auctum</strong></span> <span class='ocrx_word' id='word_1_111' title='bbox 867 2534 948 2565; x_wconf 91' lang='lat' dir='ltr'><strong>nos</strong></span> <span class='ocrx_word' id='word_1_112' title='bbox 985 2532 1151 2579; x_wconf 89' lang='lat' dir='ltr'><strong>quoque</strong></span> <span class='ocrx_word' id='word_1_113' title='bbox 1190 2518 1436 2579; x_wconf 81' lang='lat' dir='ltr'><strong>augendum</strong></span> <span class='ocrx_word' id='word_1_114' title='bbox 1472 2521 1745 2581; x_wconf 84' lang='lat' dir='ltr'><strong>suscepisse,</strong></span> 
     </span>
     <span class='ocr_line' id='line_1_16' title="bbox 191 2606 1744 2674; baseline 0.005 -23"><span class='ocrx_word' id='word_1_115' title='bbox 191 2606 327 2652; x_wconf 90' lang='lat' dir='ltr'><strong>libere</strong></span> <span class='ocrx_word' id='word_1_116' title='bbox 357 2609 628 2671; x_wconf 85' lang='lat' dir='ltr'><strong>profitemur,</strong></span> <span class='ocrx_word' id='word_1_117' title='bbox 667 2615 834 2657; x_wconf 83' lang='lat' dir='ltr'><strong>tantum</strong></span> <span class='ocrx_word' id='word_1_118' title='bbox 859 2612 1039 2674; x_wconf 89' lang='lat' dir='ltr'><strong>abesse,</strong></span> <span class='ocrx_word' id='word_1_119' title='bbox 1080 2616 1128 2657; x_wconf 88' lang='lat' dir='ltr'><strong>ut</strong></span> <span class='ocrx_word' id='word_1_120' title='bbox 1153 2612 1320 2655; x_wconf 88' lang='lat' dir='ltr'><strong>alienas</strong></span> <span class='ocrx_word' id='word_1_121' title='bbox 1347 2625 1452 2671; x_wconf 87' lang='lat' dir='ltr'><strong>opes</strong></span> <span class='ocrx_word' id='word_1_122' title='bbox 1479 2613 1523 2656; x_wconf 92' lang='lat' dir='ltr'><strong>in</strong></span> <span class='ocrx_word' id='word_1_123' title='bbox 1548 2616 1744 2658; x_wconf 79' lang='lat' dir='ltr'><strong>nostrum</strong></span> 
     </span>
     <span class='ocr_line' id='line_1_17' title="bbox 191 2703 1742 2764; baseline 0.004 -22"><span class='ocrx_word' id='word_1_124' title='bbox 191 2711 317 2743; x_wconf 87' lang='lat' dir='ltr'><strong>usum</strong></span> <span class='ocrx_word' id='word_1_125' title='bbox 343 2704 508 2747; x_wconf 87' lang='lat' dir='ltr'><strong>temere</strong></span> <span class='ocrx_word' id='word_1_126' title='bbox 538 2708 837 2749; x_wconf 82' lang='lat' dir='ltr'><strong>convertamus</strong></span> <span class='ocrx_word' id='word_1_127' title='bbox 865 2705 1130 2764; x_wconf 90' lang='lat' dir='ltr'><strong>aliorumque</strong></span> <span class='ocrx_word' id='word_1_128' title='bbox 1158 2703 1324 2749; x_wconf 86' lang='lat' dir='ltr'><strong>rivulos</strong></span> <span class='ocrx_word' id='word_1_129' title='bbox 1350 2705 1394 2748; x_wconf 89' lang='lat' dir='ltr'><strong>in</strong></span> <span class='ocrx_word' id='word_1_130' title='bbox 1418 2708 1591 2750; x_wconf 85' lang='lat' dir='ltr'><strong>nostros</strong></span> <span class='ocrx_word' id='word_1_131' title='bbox 1614 2703 1742 2749; x_wconf 84' lang='lat' dir='ltr'><strong>frau-</strong></span> 
     </span>
     <span class='ocr_line' id='line_1_18' title="bbox 192 2787 1742 2858; baseline 0.005 -25"><span class='ocrx_word' id='word_1_132' title='bbox 192 2787 393 2836; x_wconf 87' lang='lat' dir='ltr'><strong>dulenter</strong></span> <span class='ocrx_word' id='word_1_133' title='bbox 428 2791 688 2840; x_wconf 83' lang='lat' dir='ltr'><strong>deducamus</strong></span> <span class='ocrx_word' id='word_1_134' title='bbox 712 2795 892 2858; x_wconf 80' lang='lat' dir='ltr'><strong>hortoS,</strong></span> <span class='ocrx_word' id='word_1_135' title='bbox 929 2801 976 2842; x_wconf 92' lang='lat' dir='ltr'><strong>ut</strong></span> <span class='ocrx_word' id='word_1_136' title='bbox 1009 2810 1090 2842; x_wconf 87' lang='lat' dir='ltr'><strong>sua</strong></span> <span class='ocrx_word' id='word_1_137' title='bbox 1117 2797 1266 2856; x_wconf 91' lang='lat' dir='ltr'><strong>cuique</strong></span> <span class='ocrx_word' id='word_1_138' title='bbox 1291 2800 1494 2842; x_wconf 85' lang='lat' dir='ltr'><strong>maneant</strong></span> <span class='ocrx_word' id='word_1_139' title='bbox 1526 2802 1654 2857; x_wconf 81' lang='lat' dir='ltr'><strong>atque</strong></span> <span class='ocrx_word' id='word_1_140' title='bbox 1687 2809 1742 2841; x_wconf 88' lang='lat' dir='ltr'><strong>ea</strong></span> 
     </span>
     <span class='ocr_line' id='line_1_19' title="bbox 190 2882 1741 2950; baseline 0.004 -24"><span class='ocrx_word' id='word_1_141' title='bbox 190 2882 314 2927; x_wconf 89' lang='lat' dir='ltr'><strong>nobis</strong></span> <span class='ocrx_word' id='word_1_142' title='bbox 344 2886 636 2932; x_wconf 86' lang='lat' dir='ltr'><strong>tantummodo</strong></span> <span class='ocrx_word' id='word_1_143' title='bbox 671 2888 962 2950; x_wconf 86' lang='lat' dir='ltr'><strong>vindicemus,</strong></span> <span class='ocrx_word' id='word_1_144' title='bbox 1012 2902 1121 2948; x_wconf 86' lang='lat' dir='ltr'><strong>quae</strong></span> <span class='ocrx_word' id='word_1_145' title='bbox 1146 2890 1191 2933; x_wconf 89' lang='lat' dir='ltr'><strong>in</strong></span> <span class='ocrx_word' id='word_1_146' title='bbox 1225 2888 1364 2934; x_wconf 92' lang='lat' dir='ltr'><strong>medio</strong></span> <span class='ocrx_word' id='word_1_147' title='bbox 1394 2894 1494 2934; x_wconf 88' lang='lat' dir='ltr'><strong>sunt</strong></span> <span class='ocrx_word' id='word_1_148' title='bbox 1520 2888 1661 2949; x_wconf 87' lang='lat' dir='ltr'><strong>posita</strong></span> <span class='ocrx_word' id='word_1_149' title='bbox 1689 2902 1741 2932; x_wconf 91' lang='lat' dir='ltr'><strong>ac</strong></span> 
     </span>
     <span class='ocr_line' id='line_1_20' title="bbox 190 2975 1738 3044; baseline 0.005 -27"><span class='ocrx_word' id='word_1_150' title='bbox 190 2975 329 3020; x_wconf 84' lang='lat' dir='ltr'><strong>nostri</strong></span> <span class='ocrx_word' id='word_1_151' title='bbox 356 2981 456 3022; x_wconf 86' lang='lat' dir='ltr'><strong>sunt</strong></span> <span class='ocrx_word' id='word_1_152' title='bbox 482 2981 527 3023; x_wconf 88' lang='lat' dir='ltr'><strong>et</strong></span> <span class='ocrx_word' id='word_1_153' title='bbox 546 2978 695 3036; x_wconf 86' lang='lat' dir='ltr'><strong>judicii</strong></span> <span class='ocrx_word' id='word_1_154' title='bbox 723 2985 767 3026; x_wconf 88' lang='lat' dir='ltr'><strong>et</strong></span> <span class='ocrx_word' id='word_1_155' title='bbox 798 2980 1069 3044; x_wconf 85' lang='lat' dir='ltr'><strong>diligentiae.</strong></span> <span class='ocrx_word' id='word_1_156' title='bbox 1106 2978 1314 3029; x_wconf 76' lang='lat' dir='ltr'><strong>Ceterum</strong></span> <span class='ocrx_word' id='word_1_157' title='bbox 1334 2995 1443 3042; x_wconf 83' lang='lat' dir='ltr'><strong>quae</strong></span> <span class='ocrx_word' id='word_1_158' title='bbox 1466 2981 1594 3027; x_wconf 86' lang='lat' dir='ltr'><strong>venia</strong></span> <span class='ocrx_word' id='word_1_159' title='bbox 1617 2980 1738 3026; x_wconf 84' lang='lat' dir='ltr'><strong>libris</strong></span> 
     </span>
    </p>
   </div>
  </div>
 </body>
</html>
