2028 3268
409 230 493 272 324
558 231 929 271 COMMENTARII
957 231 1013 269 IN
1041 229 1260 269 HORATII
1287 229 1386 269 LIB.
1405 231 1435 269 I.
1454 230 1617 280 EPIST.
1636 230 1784 270 SEXT.
1868 231 1927 288 52-

409 359 485 384 non
504 348 582 382 tam
600 344 739 381 habere
758 344 806 380 ad
826 343 923 378 vitae
942 353 1051 378 usum
1069 343 1306 391 necessaria,
1328 355 1439 391 quam
1460 340 1782 394 supervacanea.“
1836 338 1924 391 Alii,

409 418 451 452 ut
486 411 717 463 Xylander,
748 409 908 445 Gesner.
941 411 979 444 et
1013 407 1280 458 Charpentier.
1313 409 1383 446 hoc
1407 411 1571 461 praecipi
1600 411 1818 461 opinantur:
1847 420 1926 457 „ue

410 481 492 529 quis
522 491 595 516 una
624 490 664 514 re
694 476 814 522 dives,
841 474 976 511 ceteris
1007 487 1137 524 egenS,
1169 476 1257 513 velit
1286 489 1385 524 csse,
1416 479 1483 514 sed
1507 478 1545 526 id
1566 478 1762 526 unicuique
1780 474 1924 512 facien-

409 548 511 591 dum,
546 549 600 591 ut,
638 541 951 591 quemadmodum
971 542 1124 591 Crasso,
1154 545 1318 580 omnium
1344 557 1523 593 generum
1542 546 1670 594 copiae
1690 541 1924 593 supersint.“

409 610 642 648 Sententiam
671 608 864 644 commode
895 610 1082 657 expedivit
1109 611 1393 655 Hoclzederus,
1428 624 1542 661 quum
1574 611 1736 659 diceret,
1769 607 1926 646 Poetam

409 680 446 714 id
474 679 691 726 spectasse,
723 679 765 711 ut
793 673 850 710 hie
880 676 1063 714 rationem
1083 680 1308 727 modumque
1329 678 1538 715 divitiarum
1557 681 1595 715 et
1613 677 1719 726 quasi
1738 675 1926 726 exemplar

410 747 652 793 proponeret.
711 739 762 776 At
792 754 856 777 cur
886 741 1004 779 Poeta
1032 745 1256 782 mentionem
1286 745 1417 783 fecerit
1445 745 1547 794 regis
1570 744 1858 793 Cappadocum,
1888 742 1930 779 id

409 811 508 847 haud
528 810 606 845 scio
627 821 675 845 an
696 821 740 845 ex
760 807 872 845 rebus
892 812 971 847 tum
999 811 1092 847 actis
1122 810 1210 861 (Dio
1234 812 1342 849 Cass.
1363 810 1438 861 54,
1469 811 1527 862 9.)
1556 810 1663 848 facile
1687 808 1928 859 intelligatur.

409 898 464 906 ---
493 876 559 911 Ne
575 875 713 926 fueris
741 875 806 912 hie
835 883 900 924 ίιι,
930 882 972 913 ut
1003 876 1074 925 15,
1106 876 1173 919 42.
1233 877 1436 916 „Nimirum
1465 879 1531 916 hic
1560 891 1630 929 ego
1660 889 1748 914 sum
1776 880 1815 913 et
1841 875 1927 913 Juv.

411 941 451 991 4,
472 944 538 982 36.
561 956 609 979 ne
635 942 700 979 hio
728 940 772 977 ίιι
790 943 858 991 sis,
886 943 917 979 si
941 944 1090 992 quidem
1117 948 1220 981 recte
1249 947 1406 995 conjecit
1425 945 1695 983 Heinrichius.
1754 941 1930 980 Schmid.

411 1013 605 1059 comparat
629 1009 859 1046 Graecorum
880 1005 935 1060 μὴ
957 1005 1076 1061 σύγε]
1099 1011 1235 1048 collato
1255 1011 1432 1050 Valcken.
1452 1014 1500 1050 ad
1514 1013 1644 1063 Eurip.
1668 1009 1808 1048 Phoen.
1833 1005 1930 1048 534.

410 1095 466 1105 »-
501 1075 735 1125 Clzlamydes
763 1076 962 1113 Lucullus
990 1082 1063 1114 etc.
1122 1077 1290 1116 Eandem
1317 1092 1397 1117 rem
1423 1079 1530 1129 hujus
1560 1079 1633 1116 loci
1660 1090 1803 1116 memor
1821 1088 1931 1114 enar-

411 1147 470 1179 rat
500 1142 721 1179 Plutarchus
750 1144 787 1180 in
816 1146 900 1181 vita
918 1143 1087 1181 Luculli
1111 1145 1150 1184 3.
1183 1145 1222 1182 9.
1253 1147 1482 1198 Στρατηγοῦ
1511 1145 1554 1186 δέ
1579 1159 1674 1185 ποτε
1702 1146 1930 1195 φιλοτιμου-

413 1207 533 1261 μένου
560 1207 650 1260 περὶ
682 1209 782 1258 θέας
805 1210 874 1250 καὶ
903 1214 1009 1264 χορῷ
1036 1210 1114 1251 τινὶ
1150 1209 1299 1262 κόσμον
1329 1211 1564 1263 αἰτουμένου
1593 1213 1806 1263 πορφυρᾶς
1836 1211 1931 1261 χλα-

412 1272 543 1328 μύδας
571 1272 808 1326 ἁπεκρίνατο
837 1276 1101 1330 σκεψάμενος,
1130 1276 1180 1317 ὄέν
1209 1278 1289 1333 ἔχῃ,
1318 1276 1472 1319 δώσειν.
1529 1275 1631 1318 Εἶτα
1660 1274 1751 1330 μεθ’
1775 1275 1930 1329 ἡμέραν

411 1340 620 1394 ἠρώτησεν
641 1338 782 1394 αὐτόν,
810 1343 967 1387 ὁπόσων
996 1345 1144 1387 δέοιτο·
1173 1348 1245 1386 τοῦ
1269 1344 1311 1385 δὲ
1340 1343 1476 1386 ἑκατὸν
1504 1341 1681 1398 ἀρέσκειν
1710 1341 1930 1396 φήσαντος,

413 1410 591 1452 ἐκέλευσε
618 1411 755 1462 λαβεῖν
781 1411 843 1459 δὶς
866 1410 1082 1460 τοσαύτας·
1113 1412 1168 1459 εἷς
1197 1411 1218 1452 ὁ
1246 1411 1314 1452 καὶ
1346 1410 1529 1460 Φλάκκος
1557 1411 1581 1453 o‘
1604 1408 1771 1463 ποιητὴς
1797 1409 1932 1458 ἐπιπε-

414 1474 615 1529 φώνηκεν,
651 1476 707 1524 οἷς
737 1473 787 1517 ου’
819 1479 968 1530 νομίζει
995 1482 1184 1526 πλοῦτον,
1214 1474 1265 1520 οὗ
1292 1477 1348 1531 μή
1376 1477 1425 1520 τοὶ
1452 1475 1714 1532 παρορώμενα
1739 1475 1808 1517 καὶ
1835 1478 1932 1515 λαν-

414 1543 599 1585 θάνοντα
636 1544 800 1584 πλείονα
839 1547 917 1585 τῶν
961 1547 1214 1597 φαινομένων
1253 1546 1370 1587 ἐστιν.
1434 1546 1478 1584 In
1516 1558 1590 1596 qua
1625 1545 1749 1595 lepida
1784 1543 1936 1592 quidem

417 1611 610 1649 historiola
642 1610 904 1660 Plutarchum,
940 1615 1041 1661 quod
1071 1615 1315 1651 ducentariun
1341 1618 1487 1651 tantum
1515 1612 1748 1661 chlamydum
1773 1609 1935 1647 mentio-

415 1692 501 1716 nem
523 1678 688 1726 fecisses,
725 1678 953 1714 Groebelilts
973 1674 1182 1731 ἁμάρτημα
1201 1676 1449 1731 μνημονικδν
1475 1679 1670 1715 admisisse
1696 1677 1800 1725 dicit,
1832 1675 1936 1725 quod

418 1758 527 1782 secus
555 1745 713 1781 videtur.
771 1743 991 1782 Plutarchus
1020 1747 1132 1795 enim,
1163 1748 1225 1796 qui
1254 1748 1333 1783 siue
1361 1745 1474 1783 dubio
1500 1744 1648 1782 aliunde
1680 1754 1829 1793 quoque
1854 1754 1934 1779 rem

418 1811 599 1859 novisset,
629 1812 809 1847 ducentas
841 1823 862 1847 a
888 1808 1047 1848 Lucullo
1077 1825 1213 1862 reapse
1246 1813 1380 1849 missas
1408 1810 1559 1859 scribit,
1591 1809 1768 1848 Horatius
1795 1810 1935 1854 autem,

420 1883 512 1927 quot
549 1878 653 1914 dives
686 1876 866 1915 Lucullus
900 1878 1050 1914 omnino
1083 1878 1266 1915 habuerit.
1327 1879 1550 1926 Quanquam
1582 1875 1720 1913 infitias
1748 1875 1804 1911 ire
1831 1873 1935 1922 nolo,

421 1945 579 1982 Poetam
603 1957 673 1994 pro
703 1956 771 1980 sua
797 1944 942 1980 ratione
969 1957 1048 1981 rem
1076 1945 1196 1994 ipsam
1225 1946 1263 1981 in
1292 1946 1410 1993 majus
1443 1942 1618 1980 extulisse
1649 1940 1778 1979 videri.
1833 1939 1938 1978 Num

421 2015 547 2048 autem
577 2013 728 2060 praeter
753 2009 850 2047 hunc
878 2009 999 2047 locum
1028 2016 1066 2048 et
1094 2010 1207 2048 Anth.
1239 2025 1297 2060 gr.
1325 2011 1389 2048 111.
1410 2023 1449 2060 p.
1471 2010 1564 2049 176.
1585 2011 1645 2046 ed.
1664 2005 1815 2045 JacobS.
1835 2018 1939 2043 sum-

423 2090 568 2115 morum
597 2081 793 2127 poetarum
821 2075 963 2125 Virgilii
991 2080 1030 2114 et
1054 2077 1201 2115 Horatii
1231 2078 1427 2127 quisquam
1456 2075 1687 2113 Graecorum
1713 2072 1939 2112 mentionem

423 2143 578 2193 injiciat,
607 2156 667 2180 me
700 2143 846 2180 nescire
872 2145 1006 2180 fateor.
1065 2143 1242 2181 Ceterum
1273 2143 1499 2191 chlamydes,
1531 2154 1627 2191 quae
1655 2141 1806 2193 proprie
1834 2143 1940 2177 erant

424 2213 549 2246 vestes
579 2210 810 2247 Graecorum
837 2210 1030 2259 militares,
1061 2223 1272 2260 quanquam
1299 2214 1434 2261 postea
1464 2209 1509 2246 iis
1536 2211 1576 2246 et
1595 2208 1756 2247 Romani
1783 2205 1842 2244 vel
1867 2206 1940 2243 im·-

424 2280 620 2327 peratores
647 2277 706 2313 vel
734 2276 937 2314 nobiliores
968 2281 1006 2314 et
1034 2277 1138 2327 ipsae
1168 2278 1341 2315 mulieres
1367 2275 1588 2324 utebantur,
1629 2274 1799 2326 (Ernest.
1831 2271 1937 2310 Clav.

426 2344 506 2380 Cic.
535 2355 571 2380 v.
598 2343 741 2380 Chlam.
773 2343 948 2381 Wernsd.
981 2345 1030 2381 ad
1059 2342 1166 2381 Poet.
1194 2342 1282 2381 Lat.
1311 2344 1400 2381 min.
1427 2343 1458 2380 Ι.
1486 2356 1525 2392 p.
1555 2341 1648 2383 256.
1704 2338 1859 2389 Forbig.
1890 2340 1941 2376 ad

426 2409 529 2459 Virg.
560 2407 654 2447 Aen.
686 2410 727 2458 3,
754 2407 850 2450 484.
907 2410 1075 2458 Boettig.
1102 2409 1232 2446 Sabin.
1263 2409 1292 2446 Ι.
1325 2422 1363 2458 p.
1392 2410 1460 2449 72.
1491 2406 1577 2457 98.)
1606 2402 1741 2444 scenae
1774 2417 1941 2442 commo-

427 2477 541 2513 datae
566 2476 752 2525 videntur,
781 2476 840 2513 vel
869 2480 912 2513 ut
943 2475 1143 2513 histriones
1163 2475 1395 2526 splendidam
1422 2473 1583 2523 aliquam
1605 2485 1782 2524 pompam
1806 2472 1845 2508 in
1861 2474 1940 2509 tra-

429 2543 564 2591 goedia
592 2543 670 2580 sive
697 2541 923 2591 triumphum
960 2541 1098 2592 (Epist.
1129 2545 1177 2590 2,
1220 2544 1266 2590 1,
1310 2538 1443 2590 190.),
1483 2539 1542 2577 vel
1578 2544 1620 2578 ut
1649 2538 1838 2587 comoedi,
1885 2537 1941 2575 uti

429 2608 629 2646 Baehrizcs
660 2610 834 2660 opinatur
861 2608 900 2644 in
927 2607 1100 2645 Heidelb.
1128 2607 1282 2645 Jahrbb.
1315 2607 1434 2647 1830.
1463 2606 1535 2644 Nr.
1555 2606 1622 2648 32.
1649 2619 1688 2657 p.
1710 2605 1805 2653 506,
1832 2615 1943 2654 grae-

431 2687 495 2710 cos
524 2675 692 2713 homines
721 2675 973 2722 imitarentur,
1009 2675 1067 2711 cui
1097 2674 1259 2724 opinioni
1292 2672 1390 2710 haud
1420 2674 1496 2710 scio
1529 2685 1577 2710 an
1602 2672 1729 2711 obstet
1758 2671 1891 2709 chorus
1919 2682 1943 2707 a

430 2738 630 2778 Plutarcho
660 2745 983 2779 commemoratus.
1041 2739 1101 2778 Ad
1127 2751 1210 2776 voc.
1238 2738 1387 2775 tolleret
1413 2739 1676 2790 intelligendus
1704 2741 1856 2788 praetor
1883 2739 1944 2774 est

433 2806 491 2843 vel
520 2807 671 2856 aedilis,
719 2808 782 2858 qui
813 2806 1028 2857 spectacula
1055 2804 1202 2843 edebat.
1233 2826 1282 2832 —
1323 2805 1367 2842 V.
1398 2804 1464 2846 45.
1523 2805 1654 2843 Exilis
1680 2805 1843 2848 domus,
1884 2803 1944 2840 cui

434 2873 619 2910 contraria
643 2877 702 2911 est
720 2874 865 2923 plena,
891 2878 934 2912 ut
963 2873 1037 2911 Od.
1059 2875 1100 2922 2,
1129 2874 1194 2921 12,
1225 2870 1291 2915 24.
1327 2873 1375 2910 cf.
1405 2871 1528 2912 Bentl.
1559 2873 1608 2911 ad
1637 2872 1712 2910 Od.
1734 2872 1773 2921 1,
1801 2867 1850 2922 42⁴
1876 2870 1942 2911 17.
