2054 3268
436 255 492 296 48
565 258 926 298 COMMENTARII
954 259 1007 295 IN
1036 257 1256 296 HORATII
1282 255 1453 295 EPIST.
1481 257 1622 296 PRIM.
1650 259 1748 295 LIB.
1779 259 1812 295 Ι.

439 383 592 421 quoque
610 377 646 407 et
662 383 785 407 mores
812 368 929 405 honos
956 375 1171 418 praecepta
1195 366 1432 405 conscribere
1461 367 1700 419 vulgareque
1727 375 1845 419 atque
1864 381 1948 405 om·-

438 437 550 473 nium
567 435 692 473 oculis
712 449 898 485 exponere
914 442 1106 486 tanquam
1121 436 1226 472 vitae
1243 434 1445 485 speculum
1454 448 1472 481 ,-
1493 447 1678 486 namque,
1701 443 1746 473 ut
1771 437 1950 474 omittam

438 503 663 554 sequenteis
675 515 810 539 versus
821 500 898 539 hoc
915 500 1135 539 desiderare
1146 498 1218 555 (⁴2),
1234 500 1339 552 apud
1353 501 1534 552 antiquos
1547 515 1703 553 quoque
1714 502 1868 539 Gnareo
1885 502 1949 545 vel

438 570 584 607 Gnario
595 570 636 605 in
655 582 730 605 usu
748 576 858 606 erant
877 582 948 620 pro
969 569 1160 620 significo,
1180 568 1348 617 declaro,
1360 581 1536 619 expono,
1558 575 1602 605 ut
1622 567 1755 606 videre
1767 575 1827 606 est
1845 567 1951 619 apud

437 638 599 673 Festum
628 637 670 672 in
698 636 932 684 Gnaruisse,
962 637 990 673 i.
1020 650 1056 673 e.
1082 649 1283 684 narrasse,
1326 635 1470 673 deinde
1500 637 1544 672 in
1573 637 1723 674 Glossis
1751 636 1950 683 Gnaritur,

437 704 676 757 γνωρίζεται.
687 703 711 723 “
751 703 804 739 At
821 702 912 740 vide
931 716 1037 739 nunc
1059 702 1243 740 Doederl.
1261 704 1289 740 l.
1310 704 1353 739 iu
1371 715 1453 739 var.
1473 703 1605 753 script.
1623 703 1652 740 1.
1673 715 1713 753 p.
1738 702 1832 742 125.

546 771 594 807 V.
615 768 797 808 25—26.
852 769 992 820 Aeque
1004 793 1054 797 —
1066 769 1229 807 nocebit.
1267 769 1312 806 Si
1331 769 1378 805 ab
1397 767 1596 819 anaphora
1616 767 1754 820 (etiam
1774 768 1867 805 alibi
1885 781 1950 804 re-

438 842 548 887 perta
574 833 657 871 vid.
686 833 848 872 Walch.
875 835 927 872 ad
949 838 1048 874 Tac.
1078 837 1211 887 Agric.
1240 847 1273 872 c.
1301 834 1386 886 15.)
1408 849 1562 886 aeque-
1572 849 1694 887 aeque
1714 834 1950 882 discesseris,

436 900 541 938 nihil
559 902 663 938 inest
679 902 721 937 in
743 914 784 939 v.
811 901 866 942 25
887 904 1036 952 absoni,
1064 902 1172 956 quod
1193 903 1290 940 olim
1305 902 1499 939 Handius
1518 903 1546 940 l.
1567 915 1684 954 supra
1701 903 1729 941 l.
1747 903 1823 940 sibi
1837 903 1952 939 inve-

437 970 545 1006 nisse
566 970 676 1005 visus
693 974 772 1016 est,
793 975 838 1005 ut
853 971 984 1020 potius
1003 972 1136 1009 onmia
1156 975 1247 1020 apta
1271 975 1389 1020 atque
1406 970 1506 1007 bene
1525 971 1629 1007 inter
1645 983 1688 1008 se
1706 982 1811 1006 nexa
1830 969 1952 1006 fluere

438 1034 622 1072 dixerim.
652 1035 912 1072 Commendat
933 1037 1039 1072 enim
1055 1038 1178 1073 Poeta
1198 1035 1425 1074 hominibus
1441 1038 1619 1074 omnium
1638 1036 1820 1075 ordinum
1833 1042 1951 1088 atque

438 1110 613 1140 aetatum
633 1103 888 1153 sapientiam,
910 1109 949 1139 et
966 1103 1034 1150 ita,
1062 1108 1107 1138 ut
1125 1101 1246 1139 studii
1262 1102 1467 1140 commoda
1492 1109 1531 1140 et
1549 1102 1799 1141 incommoda
1819 1103 1951 1153 negli-

438 1170 595 1220 gentiae
611 1168 779 1218 indicet,
805 1167 913 1221 quod
931 1182 1002 1220 per
1022 1169 1195 1206 similem
1214 1170 1272 1207 rei
1290 1170 1633 1221 amplificationem
1650 1172 1725 1222 Ep.
1747 1172 1792 1219 1,
1815 1170 1863 1218 3,
1881 1170 1952 1211 26.

438 1236 612 1273 coelesti-s·
636 1236 830 1286 sapientia
848 1257 905 1264 —
925 1236 1019 1273 Hoc
1042 1249 1169 1286 opus,
1200 1236 1274 1273 hoc
1305 1237 1481 1274 studium
1504 1239 1629 1287 parvi
1643 1250 1897 1287 properemus
1916 1242 1953 1272 et

436 1302 566 1353 ampli
582 1308 654 1339 etc.
682 1302 832 1338 factum
851 1301 1046 1340 videmus.
1101 1303 1194 1340 Pari
1209 1302 1328 1341 modo
1340 1305 1498 1342 Persius
1518 1303 1565 1352 5,
1590 1304 1659 1344 65.
1715 1304 1842 1340 Petite
1859 1302 1953 1339 hine

425 1373 670 1420 juvenesque
695 1368 890 1420 Sene-sque
909 1369 1047 1406 Finem
1064 1371 1198 1407 animo
1217 1369 1382 1416 certum,
1414 1372 1640 1422 miserisque
1658 1371 1806 1408 viatica
1825 1370 1952 1414 canis,

440 1445 479 1474 et
501 1434 674 1474 dilucide
700 1436 898 1486 Diogenes
932 1450 996 1488 ap.
1018 1437 1150 1475 Laert.
1179 1437 1224 1486 6,
1254 1437 1321 1478 68.
1348 1451 1389 1488 p.
1409 1437 1506 1478 625.
1566 1435 1648 1490 Τήν
1666 1437 1851 1478 παιδείαν
1868 1432 1954 1477 εἶπε

437 1511 520 1554 τοῖς
545 1504 616 1558 μὲν
642 1503 748 1551 νέοις
773 1503 1064 1557 σωφροσύνην,
1091 1507 1174 1552 τοῖς
1201 1501 1245 1544 δὲ
1269 1504 1548 1559 πρεσβυτέροις
1567 1505 1848 1558 παραμυθίαν,
1870 1505 1955 1551 ’τοῖς

438 1572 482 1614 δὲ
500 1571 643 1624 πένησι
670 1572 866 1618 πλοῦτον,
891 1573 975 1617 τοῖς
1003 1567 1046 1609 δὲ
1063 1571 1266 1619 πλουσίοις
1282 1568 1436 1624 κόσμον
1462 1568 1579 1612 εἶναι.
1635 1572 1737 1608 Hinc
1761 1583 1807 1607 ea
1836 1583 1954 1621 repe-

437 1648 520 1678 tere
538 1638 682 1686 taedet,
705 1650 806 1690 quae
824 1638 921 1674 olim
937 1637 981 1673 in
999 1634 1061 1673 ed·
1077 1638 1108 1674 I·
1123 1650 1163 1687 p.
1184 1639 1253 1679 27.
1276 1652 1347 1690 pro
1365 1640 1590 1690 incorrupta
1608 1636 1752 1676 horum
1766 1649 1954 1674 versuum

437 1707 663 1757 integritate
689 1703 988 1755 disputavimus.
1044 1704 1129 1740 Hoc
1151 1718 1276 1742 unum
1294 1704 1438 1743 addere
1464 1706 1575 1743 libet.
1612 1703 1725 1752 Quod
1755 1706 1806 1741 H.
1841 1704 1953 1742 locu-

434 1773 558 1824 pletes
575 1772 767 1819 nominat,
789 1771 954 1809 fortasse
973 1772 1122 1808 circum
1133 1772 1367 1821 praecordia
1383 1772 1545 1810 ridentis
1565 1773 1686 1809 amici
1702 1771 1822 1818 ladit,
1845 1771 1954 1824 quod

437 1853 570 1887 senes,
601 1839 767 1876 fortasse
790 1838 839 1875 iis
869 1840 1057 1887 occurrit,
1091 1852 1192 1891 quae
1220 1839 1370 1877 Seneca
1401 1838 1503 1876 dixit
1530 1840 1593 1876 sui
1617 1839 1704 1876 aevi
1724 1837 1952 1877 hominibus

439 1904 586 1961 (Epist.
603 1901 718 1959 36.):
757 1904 838 1941 Sed
862 1906 1191 1955 quemadmodum
1219 1906 1398 1943 omnibus
1423 1906 1542 1942 annis
1569 1904 1721 1942 studere
1750 1905 1954 1943 honestum

439 1981 495 2011 est
507 1988 519 2010 .-
550 1974 608 2009 ita
629 1985 708 2008 non
726 1971 906 2008 omnibus
933 1973 1101 2009 institui.
1170 1973 1314 2023 Yurpis
1338 1981 1376 2010 et
1398 1972 1571 2010 ridicula
1590 1986 1652 2009 res
1671 1980 1728 2010 est
1744 1973 1954 2010 elementa·-

438 2042 522 2077 rius
547 2052 674 2076 senex.
733 2038 880 2075 Juveni
893 2039 1140 2088 parandum,
1164 2041 1249 2076 seni
1265 2039 1453 2077 utendum
1479 2047 1547 2077 est.
1591 2038 1704 2086 Quod
1723 2039 1860 2091 Eutur.
1881 2053 1954 2077 no-

438 2106 539 2144 cebit
558 2106 808 2155 subjungitur
826 2118 953 2157 praes.
969 2105 1148 2156 prodest,
1176 2107 1334 2144 Graecis
1355 2108 1502 2158 pariter
1519 2119 1564 2143 ac
1587 2093 1802 2144 Latinisin
1825 2108 1954 2158 signi-

437 2171 591 2210 ficanda
614 2173 908 2210 continuatione
932 2173 1096 2223 alicujus
1117 2174 1174 2210 rei
1190 2175 1371 2225 proprius
1389 2181 1447 2212 est
1465 2187 1559 2211 usus
1571 2203 1582 2223 ‚
1616 2180 1661 2210 ut
1681 2174 1861 2211 observat
1881 2175 1954 2212 Fi-

437 2240 561 2278 scher.
596 2237 647 2275 ad
673 2240 829 2276 Platon.
855 2238 1050 2291 Eutyphr.
1081 2239 1147 2281 15.
1176 2254 1217 2292 p.
1237 2238 1306 2280 47.
1347 2240 1572 2278 Schmidias
1589 2239 1725 2278 laudat
1747 2240 1953 2279 W'eicher-

438 2315 524 2345 tum
543 2308 586 2344 in
604 2304 743 2344 Beckii
766 2308 854 2344 Act.
879 2306 1072 2344 Seminar.
1095 2319 1177 2357 reg.
1193 2305 1299 2344 Phil.
1316 2309 1373 2355 Π,
1399 2309 1440 2347 2.
1456 2321 1497 2359 p.
1518 2307 1615 2347 326.

548 2376 595 2413 V.
617 2375 687 2414 27.
743 2374 949 2412 Sententia
968 2380 1052 2410 tam
1066 2375 1295 2425 perspicua:
1316 2381 1454 2422 restat,
1475 2380 1519 2411 ut
1535 2372 1720 2425 equidem
1735 2371 1820 2422 his,
1851 2387 1953 2426 quae

439 2442 584 2491 colligo
599 2470 609 2489 ‚
648 2439 706 2491 (v.
730 2441 799 2493 12)
842 2439 1118 2492 philosophiae
1141 2441 1263 2478 initiis
1288 2442 1412 2478 vitam
1429 2452 1560 2476 meam
1585 2439 1767 2478 moderer
1788 2448 1953 2478 conten-

439 2515 583 2559 tusque
601 2509 755 2556 vivam,
774 2509 809 2545 si
825 2508 974 2558 majora
993 2508 1181 2558 consequi
1198 2520 1281 2544 non
1300 2513 1464 2557 potuero
1475 2508 1568 2534 “—
1587 2507 1701 2545 nobis
1726 2508 1775 2546 ob
1798 2506 1953 2546 dissen-

439 2576 623 2611 tientium
644 2573 942 2612 multitudinem
961 2574 1281 2626 exquisitim-ibus
1302 2572 1493 2611 firmanda
1513 2581 1571 2612 est
1589 2576 1843 2626 arg-inuentis.
1864 2576 1953 2613 Pri-

439 2653 564 2688 mum,
589 2642 657 2692 qui
675 2641 827 2679 duobus
848 2642 1005 2692 punctis
1026 2647 1117 2692 post
1134 2640 1328 2678 elementis
1348 2648 1394 2678 ut
1414 2641 1675 2692 Doeringc‘uS,
1697 2642 1953 2680 Hochederus

441 2708 589 2758 aliique
612 2707 935 2759 distinguendum
956 2707 1175 2757 affirmant,
1202 2721 1285 2746 non
1302 2707 1457 2756 vident,
1493 2721 1539 2745 ea
1553 2737 1564 2756 ‚
1593 2721 1695 2760 quae
1720 2717 1951 2762 sequuntur,

441 2788 523 2812 non
543 2776 631 2824 ipsa
651 2787 736 2811 esse
757 2775 962 2821 elementa,
983 2774 1054 2813 sed
1073 2788 1125 2812 ex
1143 2788 1253 2813 more
1264 2776 1477 2813 Horatiano
1498 2775 1590 2827 (Ep.
1605 2777 1641 2825 1,
1661 2778 1701 2825 2,
1718 2777 1791 2828 38)
1813 2790 1954 2814 exem-

400 2894 402 2898 γ
441 2842 531 2892 pla,
564 2841 705 2893 quibus
727 2842 803 2879 ista
826 2843 1022 2880 sententia
1049 2849 1272 2894 comparate
1296 2843 1534 2880 illustretur:
1570 2843 1622 2879 Ut
1640 2842 1774 2894 lippus
1801 2843 1867 2881 vel
1883 2857 1946 2880 ar-

443 2908 622 2947 thriticus
640 2907 827 2945 mediocri
845 2909 1070 2948 valetudine
1091 2916 1291 2948 contentus
1314 2911 1430 2956 vivit,
1458 2923 1582 2962 neque
1599 2923 1737 2948 curam
1755 2909 1953 2948 valetudo·-
