2028 3268
399 249 484 292 298
555 251 931 293 COMMENTARII
949 253 1007 291 IN
1025 251 1245 294 HORATII
1263 253 1406 294 LIB.1.
1433 256 1596 298 EPIST.
1613 258 1763 298 SEXT.
1859 262 1916 303 30

402 382 440 412 et
471 375 689 426 aliquando
718 374 881 411 desinite
907 374 1007 410 vilia
1041 375 1192 413 mirari.
1253 376 1431 415 Ceterum
1465 380 1616 419 verbum
1648 382 1855 432 spectandi
1878 383 1917 421 in

402 444 470 481 hac
503 457 544 480 re
573 445 747 480 usitatum
777 444 880 478 recte
909 454 953 478 ex
982 442 1115 479 eodem
1139 443 1306 480 Senecae
1341 443 1424 482 loco
1443 459 1482 496 p.
1502 444 1583 487 648
1611 447 1816 486 observant
1835 449 1918 487 Fea

402 516 440 550 et
473 510 723 554 Schmidius,
753 509 850 546 adde
877 509 1040 559 interpp.
1070 509 1119 546 ad
1148 508 1232 546 Liv.
1265 507 1341 559 24,
1371 508 1447 560 34,
1478 514 1516 554 2.
1556 518 1594 551 et
1632 516 1680 552 ad
1711 515 1845 553 Justin.
1877 518 1917 566 1,

404 581 451 630 1,
481 578 546 619 10.

510 644 558 681 V.
589 642 628 681 5.
655 641 694 680 6.
753 642 854 692 quid
878 656 1075 679 censes—
1095 643 1244 680 Indos?
1265 643 1386 682 Recte
1411 643 1469 680 hic
1496 645 1750 695 intelliguntur
1774 659 1917 698 aurum,

400 715 615 761 argentum,
646 709 792 759 lapides
824 710 1035 758 similesque
1059 723 1120 748 res
1150 711 1337 760 pretiosae
1347 723 1358 756 ;
1397 710 1472 747 noli
1501 714 1645 761 autem,
1681 714 1781 762 quod
1813 715 1919 752 Koe—

400 781 483 829 nig.
509 779 622 826 fecit,
651 783 775 812 terrae
807 777 951 814 referre
979 777 1029 814 ad
1059 789 1141 817 voc.
1174 777 1339 814 ditantis
1348 790 1365 823 ;
1409 776 1479 814 hoc
1512 790 1560 814 ne
1592 779 1678 827 fiat,
1713 781 1917 830 prudenter

400 847 498 883 cavit
517 844 695 884 Horatius
725 844 946 894 interposito
981 843 1089 894 quid.
1146 844 1322 880 Munera
1356 849 1481 879 terrae
1509 845 1580 881 dici
1617 849 1658 883 ut
1691 846 1796 883 dona
1824 846 1919 884 hor-

400 922 531 950 torum
564 911 678 961 Prop.
707 909 757 960 4,
801 913 852 961 2,
888 908 977 960 42.,
1015 923 1179 947 munera
1207 909 1348 946 Liberi
1375 910 1450 947 Od.
1487 912 1536 960 1,
1566 913 1641 959 18,
1676 914 1742 962 7,,
1775 927 1920 951 munus

403 981 552 1018 Cereris
585 978 695 1016 Ovid.
721 977 815 1015 Met.
855 978 930 1027 10,
963 975 1046 1025 74„
1081 990 1142 1014 res
1168 981 1272 1014 nota.
1301 997 1359 1005 —
1390 976 1433 1014 V.
1466 978 1505 1016 6.
1565 978 1675 1027 Quid
1698 1001 1755 1008 —
1783 979 1917 1019 Indos.

398 1049 570 1097 Intellige
610 1049 763 1096 praeter
799 1048 925 1081 cetera
964 1045 1181 1093 margaritas
1216 1048 1329 1093 atque
1370 1044 1549 1094 uniones,
1593 1058 1780 1095 gemmas,
1825 1060 1918 1096 quas

398 1117 549 1166 quidem
585 1127 606 1150 e
638 1113 731 1149 mari
762 1111 902 1149 effundi
936 1110 1139 1148 credebant
1170 1110 1337 1148 homines
1371 1113 1530 1147 veteres.
1586 1111 1763 1161 Magnum
1795 1118 1919 1151 autem

397 1194 527 1219 earum
560 1180 628 1216 fuit
661 1179 842 1228 pretium,
874 1191 968 1227 quae
997 1191 1042 1216 ex
1063 1178 1167 1216 India
1198 1181 1310 1227 atque
1338 1174 1478 1212 Arabia
1505 1176 1793 1216 advehebantur.
1831 1180 1918 1218 Vid.

397 1250 493 1286 Plin.
527 1247 578 1286 H.
608 1246 661 1285 N.
700 1245 754 1296 9,
781 1244 849 1285 35.
885 1245 966 1294 37,
995 1245 1034 1284 6.
1056 1245 1095 1284 7.
1125 1244 1165 1283 8.
1194 1244 1351 1281 Salmas.
1379 1243 1425 1280 ad
1444 1242 1561 1280 Solin.
1582 1257 1620 1294 p.
1642 1242 1738 1284 784.
1772 1244 1916 1284 Aelian,

395 1316 446 1355 H.
475 1314 522 1351 A.
550 1314 626 1362 10,
660 1312 725 1352 13.
775 1311 832 1348 Ita
847 1311 953 1348 Curt.
976 1311 1027 1361 8,
1057 1311 1106 1360 9,
1143 1310 1207 1351 19.
1266 1311 1452 1348 Gemmas
1472 1311 1790 1362 margaritasque
1812 1326 1920 1350 mare

394 1380 596 1434 (Indicum)
617 1377 796 1416 litoribus
816 1377 1008 1428 infundit.
1044 1377 1185 1428 Neque
1203 1377 1289 1414 alia
1308 1377 1391 1414 illi-s*
1410 1379 1538 1424 major
1557 1377 1780 1426 opulentiae
1796 1391 1919 1416 causa

397 1456 464 1487 est.
523 1448 632 1486 Ovid.
656 1447 704 1484 de
743 1446 847 1484 Med.
881 1446 954 1483 fac.
995 1446 1062 1485 21.
1122 1444 1295 1481 Induitis
1323 1443 1423 1480 collo
1451 1443 1605 1493 lapides
1631 1444 1788 1482 Oriente
1811 1447 1920 1496 peti-

397 1525 468 1558 tos.
524 1516 581 1554 Id.
611 1512 658 1551 A.
686 1511 732 1553 A.
759 1513 812 1562 3,
843 1511 936 1555 129.
993 1510 1133 1548 Tibull.
1158 1508 1207 1561 4,
1243 1513 1294 1562 2,
1325 1510 1392 1551 19.
1448 1511 1506 1546 Et
1523 1523 1786 1562 quoscumque
1805 1514 1919 1563 niger

395 1583 514 1621 rubro
542 1582 590 1619 de
612 1581 723 1618 litore
745 1588 926 1630 gemma-5·
945 1579 1162 1615 Proximus
1175 1578 1272 1614 Eois
1292 1577 1445 1628 colligit
1463 1577 1591 1614 Indus
1608 1579 1734 1629 aquis.
1795 1579 1853 1616 Id.
1875 1581 1915 1628 2,

396 1654 451 1701 2,
494 1649 560 1690 15.
595 1645 649 1697 4,
679 1647 748 1687 30.
778 1647 828 1695 3,
862 1646 918 1695 3,
959 1646 1024 1685 17.
1083 1643 1258 1695 Propert.
1295 1646 1344 1693 1,
1381 1645 1432 1694 8,
1465 1643 1534 1684 39.
1591 1645 1718 1682 Hanc
1754 1658 1824 1696 ego
1860 1666 1916 1673 —

397 1730 477 1754 non
492 1715 607 1752 Indis
615 1715 779 1763 flectere
799 1711 957 1749 conc-bis
979 1731 1027 1737 -—
1042 1711 1168 1759 pomi.
1213 1710 1266 1748 Id.
1284 1713 1332 1761 1,
1368 1709 1441 1760 14,
1474 1712 1539 1753 12.
1568 1711 1622 1761 3,
1656 1711 1709 1760 3,
1741 1714 1780 1754 2.
1809 1712 1913 1762 Virg.

396 1783 479 1821 Cul.
500 1784 566 1823 66.
610 1780 707 1818 Indi
727 1779 855 1816 Ornat
868 1777 991 1814 bacca
1014 1777 1136 1813 maris
1146 1777 1352 1827 flagrans.
1391 1777 1458 1815 Sil.
1478 1777 1561 1815 Ital.
1581 1779 1631 1820 12
1645 1805 1657 1827 ,
1692 1778 1786 1820 230.
1817 1779 1916 1815 miro

397 1849 579 1887 candoris
599 1847 742 1884 honore
755 1846 881 1884 Lucet
899 1846 942 1881 in
961 1857 1058 1881 aure
1078 1843 1183 1894 lapis
1198 1844 1328 1882 rubris
1352 1845 1538 1882 advectus
1552 1843 1604 1880 ab
1625 1846 1715 1880 oris.
1776 1845 1912 1882 Senec-

394 1917 546 1967 Hippol.
576 1915 674 1954 391.
704 1926 774 1950 nec
793 1913 930 1949 niveus
950 1911 1055 1961 lapis
1074 1912 1262 1950 Deducat
1280 1926 1396 1949 aures
1407 1939 1424 1958 ,
1454 1911 1588 1949 Indici
1605 1911 1752 1948 donum
1774 1913 1909 1948 maris.

395 1984 450 2022 Id.
473 1983 508 2020 T
511 1983 632 2033 hyest.
664 1981 760 2020 371.
825 1978 907 2026 Qui
934 1977 1047 2015 rubri
1062 1979 1170 2016 vada
1190 1979 1316 2016 litoris
1351 1979 1408 2015 Et
1421 1979 1589 2030 gemmis
1609 1991 1719 2015 mare
1737 1977 1915 2015 lucidum

394 2052 499 2088 Late
526 2048 791 2099 sanguineum
824 2051 967 2086 tenent.
1023 2045 1185 2083 Martial.
1219 2044 1269 2095 5,
1306 2047 1382 2096 37,
1416 2044 1455 2085 4.
1521 2046 1597 2083 Cui
1647 2058 1718 2082 nec
1752 2045 1914 2095 lapillos

389 2117 595 2168 praeferas
615 2113 867 2165 Erythraeae.
927 2111 1036 2162 Eleg.
1066 2114 1106 2151 in
1126 2112 1215 2151 obit.
1240 2113 1362 2151 Maec.
1392 2114 1459 2155 20.
1490 2114 1616 2150 vincit
1634 2111 1806 2162 beryllus
1823 2125 1914 2150 are-

397 2198 474 2223 nas
483 2212 499 2230 ,
529 2184 664 2220 Litore
694 2182 737 2218 in
767 2187 932 2217 extremo
959 2193 1060 2230 quas
1087 2179 1209 2217 simul
1238 2180 1348 2216 unda
1369 2187 1506 2217 movet.
1562 2179 1695 2217 Boeth.
1724 2179 1765 2219 3.
1798 2179 1912 2218 Metr.

395 2254 422 2293 3
436 2279 448 2302 ,
478 2253 518 2292 3.
568 2250 784 2299 Oneretque
799 2246 944 2298 (dives)
967 2246 1098 2283 bacci-s·
1118 2246 1222 2284 colla
1245 2246 1358 2283 rubri
1377 2246 1513 2284 litoris.
1559 2246 1773 2297 Hieronym.
1788 2246 1910 2298 Epist.

395 2321 434 2361 8.
468 2319 515 2370 (Ι.
543 2332 582 2369 p.
617 2315 685 2357 43.
721 2315 788 2367 A.)
852 2315 905 2351 Ut
931 2321 1084 2351 taceam
1107 2314 1155 2351 de
1177 2316 1381 2351 inaurium
1398 2315 1539 2364 pretiis
1561 2313 1729 2350 candore
1746 2326 1911 2365 marga—

394 2390 562 2425 ritarum
591 2385 704 2423 rubri
730 2385 851 2420 maris
878 2382 1088 2432 profunda
1126 2382 1366 2420 testantium.
1424 2381 1485 2418 Cf.
1519 2381 1598 2419 Fea
1629 2383 1668 2418 et
1707 2380 1825 2418 Orell.
1860 2382 1910 2418 ad

398 2454 472 2492 Od.
500 2454 549 2503 3,
586 2449 660 2501 24,
700 2448 768 2490 48.
825 2443 991 2488 Broukh.
1021 2453 1060 2487 et
1085 2448 1196 2488 Voss.
1223 2449 1270 2485 ad
1291 2447 1379 2488 Tib.
1404 2445 1454 2496 4,
1481 2450 1529 2496 2,
1566 2446 1632 2488 19.
1688 2446 1839 2485 Dissen.
1860 2448 1910 2485 ad

394 2523 504 2559 eund.
546 2523 591 2570 1,
630 2522 677 2569 1,
709 2518 775 2560 51.
811 2524 849 2556 et
882 2519 929 2555 de
972 2517 1105 2555 divitiis
1138 2517 1328 2566 utriusque
1364 2514 1493 2565 populi
1527 2514 1690 2551 Schmid.
1723 2515 1774 2552 ad
1809 2514 1846 2552 h.
1879 2514 1907 2552 l.

396 2592 434 2625 et
464 2590 510 2637 1,
546 2588 597 2635 7,
631 2586 699 2626 36.
751 2586 869 2624 Orell.
891 2586 940 2624 ad
957 2586 1032 2625 Od.
1052 2584 1103 2633 3,
1129 2580 1206 2633 24,
1236 2585 1273 2623 1.
1328 2583 1399 2627 Qui
1430 2594 1573 2619 merces
1592 2583 1738 2620 Indicas
1759 2586 1799 2620 et
1811 2581 1906 2620 Ara-

396 2655 478 2692 biae
510 2658 695 2702 aromata,
729 2666 825 2704 quae
849 2653 1038 2690 maritimis
1071 2651 1226 2689 advecta
1251 2651 1326 2687 sint
1350 2648 1539 2698 cursibus,
1570 2649 1803 2700 intelligunt,
1830 2661 1907 2686 non

394 2723 539 2771 vident,
568 2721 733 2759 litorales
760 2732 925 2770 gemmas
953 2723 992 2756 et
1020 2718 1150 2758 similia
1175 2718 1298 2768 potius
1327 2717 1442 2754 videri
1470 2716 1635 2766 divitias,
1678 2728 1787 2766 quam
1810 2727 1905 2766 quae

391 2791 483 2828 mari
509 2790 754 2840 importentur
781 2787 1039 2836 mercimonia,
1065 2790 1107 2823 ut
1134 2785 1230 2822 bene
1259 2784 1470 2822 observavit
1506 2781 1708 2820 Turnebus
1742 2783 1780 2820 in
1806 2780 1902 2820 Adv.

392 2859 469 2906 22,
501 2857 542 2895 8.
597 2857 682 2900 Qua
708 2861 834 2894 mente
859 2855 992 2892 dixerit
1018 2858 1212 2903 utrumque
1237 2858 1440 2896 extremos,
1469 2851 1569 2900 quod
1594 2853 1707 2900 negat
1735 2847 1904 2884 Britan-

392 2925 522 2969 nicus,
550 2922 738 2960 docebunt
765 2925 945 2960 annotata
973 2922 1020 2958 ad
1046 2919 1168 2971 Epist.
1199 2921 1246 2967 1,
1282 2921 1328 2967 1,
1358 2915 1426 2957 45.
1453 2915 1520 2957 46.
1552 2922 1590 2955 et
1609 2914 1903 2962 Wernsdotfius
