<?xml version="1.0" encoding="UTF-8"?>
<!DOCTYPE html PUBLIC "-//W3C//DTD XHTML 1.0 Transitional//EN"
    "http://www.w3.org/TR/xhtml1/DTD/xhtml1-transitional.dtd">
<html xmlns="http://www.w3.org/1999/xhtml" xml:lang="en" lang="en">
 <head>
  <title>
</title>
<meta http-equiv="Content-Type" content="text/html;charset=utf-8" />
  <meta name='ocr-system' content='tesseract 3.04.00' />
  <meta name='ocr-capabilities' content='ocr_page ocr_carea ocr_par ocr_line ocrx_word'/>
</head>
<body>
  <div class='ocr_page' id='page_1' title='image "./epistolascomment01horauoft_0090.png"; bbox 0 0 2054 3268; ppageno 0'>
   <div class='ocr_carea' id='block_1_1' title="bbox 440 238 1810 283">
    <p class='ocr_par' dir='ltr' id='par_1_1' title="bbox 440 238 1810 283">
     <span class='ocr_line' id='line_1_1' title="bbox 440 238 1810 283; baseline -0.001 -2"><span class='ocrx_word' id='word_1_1' title='bbox 440 238 495 283; x_wconf 82' lang='grc'>64</span> <span class='ocrx_word' id='word_1_2' title='bbox 579 241 1019 279; x_wconf 72' lang='grc' dir='ltr'><strong>ΟΟΜΜΕΝΤΑΒΠῚΝ</strong></span> <span class='ocrx_word' id='word_1_3' title='bbox 1049 241 1265 279; x_wconf 89' lang='lat' dir='ltr'>HORATII</span> <span class='ocrx_word' id='word_1_4' title='bbox 1295 241 1462 279; x_wconf 88' lang='lat' dir='ltr'><strong>EPIST.</strong></span> <span class='ocrx_word' id='word_1_5' title='bbox 1491 241 1628 279; x_wconf 85' lang='lat' dir='ltr'><strong>PRIM.</strong></span> <span class='ocrx_word' id='word_1_6' title='bbox 1658 243 1755 280; x_wconf 88' lang='lat' dir='ltr'><strong>LIB.</strong></span> <span class='ocrx_word' id='word_1_7' title='bbox 1779 245 1810 281; x_wconf 87' lang='lat'>1.</span> 
     </span>
    </p>
   </div>
   <div class='ocr_carea' id='block_1_2' title="bbox 422 351 1954 2939">
    <p class='ocr_par' dir='ltr' id='par_1_2' title="bbox 422 351 1954 2939">
     <span class='ocr_line' id='line_1_2' title="bbox 442 351 1948 403; baseline 0.001 -14"><span class='ocrx_word' id='word_1_8' title='bbox 442 364 529 403; x_wconf 87' lang='lat' dir='ltr'><strong>sqq.</strong></span> <span class='ocrx_word' id='word_1_9' title='bbox 593 352 755 389; x_wconf 81' lang='lat' dir='ltr'>Creuzer</span> <span class='ocrx_word' id='word_1_10' title='bbox 780 351 823 388; x_wconf 92' lang='lat' dir='ltr'>in</span> <span class='ocrx_word' id='word_1_11' title='bbox 850 351 1114 401; x_wconf 86' lang='lat' dir='ltr'>Morgenblatt</span> <span class='ocrx_word' id='word_1_12' title='bbox 1146 352 1264 392; x_wconf 90' lang='lat'><strong>1822.</strong></span> <span class='ocrx_word' id='word_1_13' title='bbox 1287 365 1346 388; x_wconf 86' lang='lat' dir='ltr'>nr.</span> <span class='ocrx_word' id='word_1_14' title='bbox 1370 353 1438 392; x_wconf 88' lang='grc'>22.</span> <span class='ocrx_word' id='word_1_15' title='bbox 1495 353 1553 390; x_wconf 83' lang='lat' dir='ltr'>Cf.</span> <span class='ocrx_word' id='word_1_16' title='bbox 1583 354 1710 391; x_wconf 86' lang='lat' dir='ltr'>Wolf.</span> <span class='ocrx_word' id='word_1_17' title='bbox 1741 352 1882 391; x_wconf 90' lang='lat' dir='ltr'>Heind.</span> <span class='ocrx_word' id='word_1_18' title='bbox 1909 360 1948 391; x_wconf 84' lang='lat' dir='ltr'>et</span> 
     </span>
     <span class='ocr_line' id='line_1_3' title="bbox 442 417 1948 472; baseline 0.001 -17"><span class='ocrx_word' id='word_1_19' title='bbox 442 417 645 456; x_wconf 85' lang='lat' dir='ltr'>Kirclmer.</span> <span class='ocrx_word' id='word_1_20' title='bbox 668 417 719 454; x_wconf 85' lang='lat' dir='ltr'>ad</span> <span class='ocrx_word' id='word_1_21' title='bbox 738 419 820 455; x_wconf 77' lang='lat' dir='ltr'>Sat.</span> <span class='ocrx_word' id='word_1_22' title='bbox 843 419 879 466; x_wconf 91' lang='lat'>1,</span> <span class='ocrx_word' id='word_1_23' title='bbox 903 419 939 466; x_wconf 92' lang='lat'>1,</span> <span class='ocrx_word' id='word_1_24' title='bbox 957 419 996 457; x_wconf 91' lang='lat'>6.</span> <span class='ocrx_word' id='word_1_25' title='bbox 1052 419 1114 455; x_wconf 82' lang='lat' dir='ltr'>Fr.</span> <span class='ocrx_word' id='word_1_26' title='bbox 1134 419 1278 457; x_wconf 86' lang='lat' dir='ltr'><strong>Jacobs</strong></span> <span class='ocrx_word' id='word_1_27' title='bbox 1298 420 1339 456; x_wconf 89' lang='lat' dir='ltr'>in</span> <span class='ocrx_word' id='word_1_28' title='bbox 1359 421 1490 457; x_wconf 88' lang='lat' dir='ltr'>Verm.</span> <span class='ocrx_word' id='word_1_29' title='bbox 1503 418 1662 456; x_wconf 81' lang='lat' dir='ltr'>schrift.</span> <span class='ocrx_word' id='word_1_30' title='bbox 1682 421 1747 458; x_wconf 91' lang='lat' dir='ltr'>VI.</span> <span class='ocrx_word' id='word_1_31' title='bbox 1764 434 1804 471; x_wconf 87' lang='lat' dir='ltr'>p.</span> <span class='ocrx_word' id='word_1_32' title='bbox 1823 422 1847 461; x_wconf 91' lang='lat'>6</span> <span class='ocrx_word' id='word_1_33' title='bbox 1861 433 1948 472; x_wconf 83' lang='lat' dir='ltr'><strong>sqq.</strong></span> 
     </span>
     <span class='ocr_line' id='line_1_4' title="bbox 442 483 1950 536; baseline 0 -14"><span class='ocrx_word' id='word_1_34' title='bbox 442 487 626 523; x_wconf 84' lang='lat' dir='ltr'>Ceterum</span> <span class='ocrx_word' id='word_1_35' title='bbox 647 485 934 535; x_wconf 82' lang='lat' dir='ltr'>interpreteris:</span> <span class='ocrx_word' id='word_1_36' title='bbox 959 492 1148 522; x_wconf 83' lang='lat' dir='ltr'>mercator</span> <span class='ocrx_word' id='word_1_37' title='bbox 1168 483 1237 534; x_wconf 75' lang='grc' dir='ltr'>ὤν,</span> <span class='ocrx_word' id='word_1_38' title='bbox 1261 499 1385 536; x_wconf 89' lang='lat' dir='ltr'>quum</span> <span class='ocrx_word' id='word_1_39' title='bbox 1406 484 1454 522; x_wconf 92' lang='lat' dir='ltr'>de</span> <span class='ocrx_word' id='word_1_40' title='bbox 1471 486 1557 536; x_wconf 90' lang='lat' dir='ltr'>ipso</span> <span class='ocrx_word' id='word_1_41' title='bbox 1578 493 1793 524; x_wconf 84' lang='lat' dir='ltr'>mercatore</span> <span class='ocrx_word' id='word_1_42' title='bbox 1813 499 1950 524; x_wconf 86' lang='lat' dir='ltr'>omnes</span> 
     </span>
     <span class='ocr_line' id='line_1_5' title="bbox 442 550 1949 604; baseline -0.001 -14"><span class='ocrx_word' id='word_1_43' title='bbox 442 553 595 590; x_wconf 88' lang='lat' dir='ltr'>labores</span> <span class='ocrx_word' id='word_1_44' title='bbox 632 552 680 589; x_wconf 93' lang='lat' dir='ltr'>ob</span> <span class='ocrx_word' id='word_1_45' title='bbox 713 552 869 588; x_wconf 89' lang='lat' dir='ltr'>lucrum</span> <span class='ocrx_word' id='word_1_46' title='bbox 895 552 1130 602; x_wconf 79' lang='lat' dir='ltr'>suscipiente</span> <span class='ocrx_word' id='word_1_47' title='bbox 1159 550 1223 589; x_wconf 84' lang='lat' dir='ltr'>hic</span> <span class='ocrx_word' id='word_1_48' title='bbox 1248 559 1405 603; x_wconf 77' lang='lat' dir='ltr'>agatur3</span> <span class='ocrx_word' id='word_1_49' title='bbox 1448 565 1568 604; x_wconf 89' lang='lat' dir='ltr'>quare</span> <span class='ocrx_word' id='word_1_50' title='bbox 1601 552 1788 591; x_wconf 80' lang='lat' dir='ltr'>dissentio</span> <span class='ocrx_word' id='word_1_51' title='bbox 1823 553 1871 590; x_wconf 84' lang='lat' dir='ltr'>ab</span> <span class='ocrx_word' id='word_1_52' title='bbox 1900 554 1949 589; x_wconf 91' lang='lat' dir='ltr'>H.</span> 
     </span>
     <span class='ocr_line' id='line_1_6' title="bbox 443 616 1950 670; baseline 0 -14"><span class='ocrx_word' id='word_1_53' title='bbox 443 618 660 670; x_wconf 86' lang='lat' dir='ltr'>Stephano,</span> <span class='ocrx_word' id='word_1_54' title='bbox 687 618 758 669; x_wconf 88' lang='lat' dir='ltr'>qui</span> <span class='ocrx_word' id='word_1_55' title='bbox 783 618 825 653; x_wconf 92' lang='lat' dir='ltr'>in</span> <span class='ocrx_word' id='word_1_56' title='bbox 853 617 1036 654; x_wconf 78' lang='lat' dir='ltr'>Diatribe</span> <span class='ocrx_word' id='word_1_57' title='bbox 1065 625 1137 656; x_wconf 88' lang='lat' dir='ltr'>etc.</span> <span class='ocrx_word' id='word_1_58' title='bbox 1167 633 1206 670; x_wconf 85' lang='lat' dir='ltr'>p.</span> <span class='ocrx_word' id='word_1_59' title='bbox 1234 618 1325 658; x_wconf 90' lang='lat'><strong>110.</strong></span> <span class='ocrx_word' id='word_1_60' title='bbox 1350 631 1437 669; x_wconf 89' lang='lat' dir='ltr'><strong>sqq.</strong></span> <span class='ocrx_word' id='word_1_61' title='bbox 1467 616 1573 654; x_wconf 90' lang='lat' dir='ltr'>hunc</span> <span class='ocrx_word' id='word_1_62' title='bbox 1599 619 1732 656; x_wconf 75' lang='lat' dir='ltr'>locum</span> <span class='ocrx_word' id='word_1_63' title='bbox 1762 632 1874 668; x_wconf 86' lang='lat' dir='ltr'>„non</span> <span class='ocrx_word' id='word_1_64' title='bbox 1900 618 1950 656; x_wconf 86' lang='lat' dir='ltr'>de</span> 
     </span>
     <span class='ocr_line' id='line_1_7' title="bbox 442 684 1950 737; baseline -0.001 -14"><span class='ocrx_word' id='word_1_65' title='bbox 442 688 575 737; x_wconf 81' lang='lat' dir='ltr'>aliquo</span> <span class='ocrx_word' id='word_1_66' title='bbox 599 693 723 723; x_wconf 80' lang='lat' dir='ltr'>artem</span> <span class='ocrx_word' id='word_1_67' title='bbox 742 685 855 721; x_wconf 83' lang='lat' dir='ltr'>illam</span> <span class='ocrx_word' id='word_1_68' title='bbox 876 685 1097 734; x_wconf 80' lang='lat' dir='ltr'>factitante,</span> <span class='ocrx_word' id='word_1_69' title='bbox 1127 686 1197 724; x_wconf 85' lang='lat' dir='ltr'>sed</span> <span class='ocrx_word' id='word_1_70' title='bbox 1222 684 1270 722; x_wconf 88' lang='lat' dir='ltr'>de</span> <span class='ocrx_word' id='word_1_71' title='bbox 1300 686 1499 736; x_wconf 88' lang='lat' dir='ltr'>quopiam,</span> <span class='ocrx_word' id='word_1_72' title='bbox 1529 686 1598 736; x_wconf 88' lang='lat' dir='ltr'>qui</span> <span class='ocrx_word' id='word_1_73' title='bbox 1621 686 1753 737; x_wconf 81' lang='lat' dir='ltr'>aliqua</span> <span class='ocrx_word' id='word_1_74' title='bbox 1768 687 1809 722; x_wconf 88' lang='lat' dir='ltr'>in</span> <span class='ocrx_word' id='word_1_75' title='bbox 1831 699 1872 723; x_wconf 89' lang='lat' dir='ltr'>re</span> <span class='ocrx_word' id='word_1_76' title='bbox 1893 687 1950 724; x_wconf 86' lang='lat' dir='ltr'>si-</span> 
     </span>
     <span class='ocr_line' id='line_1_8' title="bbox 441 750 1951 802; baseline 0 -13"><span class='ocrx_word' id='word_1_77' title='bbox 441 755 547 790; x_wconf 77' lang='lat' dir='ltr'>milis</span> <span class='ocrx_word' id='word_1_78' title='bbox 567 753 627 789; x_wconf 85' lang='lat' dir='ltr'>illi</span> <span class='ocrx_word' id='word_1_79' title='bbox 650 758 752 789; x_wconf 87' lang='lat' dir='ltr'>esset</span> <span class='ocrx_word' id='word_1_80' title='bbox 763 753 808 800; x_wconf 87' lang='lat'>“,</span> <span class='ocrx_word' id='word_1_81' title='bbox 837 750 987 788; x_wconf 84' lang='lat' dir='ltr'>dictum</span> <span class='ocrx_word' id='word_1_82' title='bbox 1015 759 1140 802; x_wconf 84' lang='lat' dir='ltr'>putat.</span> <span class='ocrx_word' id='word_1_83' title='bbox 1197 752 1256 789; x_wconf 86' lang='lat' dir='ltr'>Cf.</span> <span class='ocrx_word' id='word_1_84' title='bbox 1285 758 1416 789; x_wconf 89' lang='lat' dir='ltr'>annot.</span> <span class='ocrx_word' id='word_1_85' title='bbox 1449 750 1500 788; x_wconf 90' lang='lat' dir='ltr'>ad</span> <span class='ocrx_word' id='word_1_86' title='bbox 1517 752 1642 802; x_wconf 84' lang='lat' dir='ltr'>Epist.</span> <span class='ocrx_word' id='word_1_87' title='bbox 1676 752 1712 800; x_wconf 90' lang='lat'>1,</span> <span class='ocrx_word' id='word_1_88' title='bbox 1747 753 1813 800; x_wconf 84' lang='lat'>10,</span> <span class='ocrx_word' id='word_1_89' title='bbox 1842 752 1879 792; x_wconf 83' lang='lat'>5.</span> <span class='ocrx_word' id='word_1_90' title='bbox 1912 759 1951 789; x_wconf 91' lang='lat' dir='ltr'>et</span> 
     </span>
     <span class='ocr_line' id='line_1_9' title="bbox 442 817 1951 868; baseline 0 -11"><span class='ocrx_word' id='word_1_91' title='bbox 442 819 662 858; x_wconf 88' lang='lat' dir='ltr'>Hocheder.</span> <span class='ocrx_word' id='word_1_92' title='bbox 685 817 736 856; x_wconf 84' lang='lat' dir='ltr'>ad</span> <span class='ocrx_word' id='word_1_93' title='bbox 755 820 802 855; x_wconf 90' lang='lat' dir='ltr'>A.</span> <span class='ocrx_word' id='word_1_94' title='bbox 823 819 866 855; x_wconf 89' lang='lat' dir='ltr'>P.</span> <span class='ocrx_word' id='word_1_95' title='bbox 883 819 974 858; x_wconf 83' lang='grc'><strong>133.</strong></span> <span class='ocrx_word' id='word_1_96' title='bbox 999 820 1102 856; x_wconf 88' lang='lat' dir='ltr'>Male</span> <span class='ocrx_word' id='word_1_97' title='bbox 1126 820 1245 856; x_wconf 88' lang='lat' dir='ltr'>etiam</span> <span class='ocrx_word' id='word_1_98' title='bbox 1267 820 1448 866; x_wconf 88' lang='lat' dir='ltr'>Vossius,</span> <span class='ocrx_word' id='word_1_99' title='bbox 1481 819 1672 868; x_wconf 80' lang='lat' dir='ltr'>interpres</span> <span class='ocrx_word' id='word_1_100' title='bbox 1697 824 1825 856; x_wconf 86' lang='lat' dir='ltr'>cetera</span> <span class='ocrx_word' id='word_1_101' title='bbox 1849 817 1951 857; x_wconf 87' lang='lat' dir='ltr'>fidus</span> 
     </span>
     <span class='ocr_line' id='line_1_10' title="bbox 441 884 1951 938; baseline 0 -14"><span class='ocrx_word' id='word_1_102' title='bbox 441 893 560 938; x_wconf 85' lang='lat' dir='ltr'>atque</span> <span class='ocrx_word' id='word_1_103' title='bbox 584 887 763 936; x_wconf 83' lang='lat' dir='ltr'>elegans:</span> <span class='ocrx_word' id='word_1_104' title='bbox 791 885 964 934; x_wconf 85' lang='lat' dir='ltr'>„Unfaul</span> <span class='ocrx_word' id='word_1_105' title='bbox 989 893 1125 923; x_wconf 89' lang='lat' dir='ltr'>renuet</span> <span class='ocrx_word' id='word_1_106' title='bbox 1143 885 1212 923; x_wconf 89' lang='lat' dir='ltr'>der</span> <span class='ocrx_word' id='word_1_107' title='bbox 1230 886 1430 933; x_wconf 55' lang='lat' dir='ltr'>Krfimerf‘</span> <span class='ocrx_word' id='word_1_108' title='bbox 1459 897 1538 936; x_wconf 89' lang='lat' dir='ltr'>quo</span> <span class='ocrx_word' id='word_1_109' title='bbox 1558 886 1600 921; x_wconf 87' lang='lat' dir='ltr'>in</span> <span class='ocrx_word' id='word_1_110' title='bbox 1616 884 1704 922; x_wconf 93' lang='lat' dir='ltr'>loco</span> <span class='ocrx_word' id='word_1_111' title='bbox 1729 898 1819 923; x_wconf 90' lang='lat' dir='ltr'>cum</span> <span class='ocrx_word' id='word_1_112' title='bbox 1834 886 1951 924; x_wconf 81' lang='lat' dir='ltr'>Bers-</span> 
     </span>
     <span class='ocr_line' id='line_1_11' title="bbox 441 950 1951 1002; baseline 0 -12"><span class='ocrx_word' id='word_1_113' title='bbox 441 965 588 990; x_wconf 89' lang='lat' dir='ltr'>manno</span> <span class='ocrx_word' id='word_1_114' title='bbox 607 953 731 989; x_wconf 77' lang='lat' dir='ltr'>currit</span> <span class='ocrx_word' id='word_1_115' title='bbox 755 951 911 989; x_wconf 79' lang='lat' dir='ltr'>videtur</span> <span class='ocrx_word' id='word_1_116' title='bbox 932 952 1088 1002; x_wconf 88' lang='lat' dir='ltr'>legisse.</span> <span class='ocrx_word' id='word_1_117' title='bbox 1118 975 1172 980; x_wconf 97' lang='lat'>—</span> <span class='ocrx_word' id='word_1_118' title='bbox 1200 959 1382 989; x_wconf 78' lang='lat' dir='ltr'>extremos</span> <span class='ocrx_word' id='word_1_119' title='bbox 1401 951 1458 988; x_wconf 91' lang='lat' dir='ltr'>ad</span> <span class='ocrx_word' id='word_1_120' title='bbox 1473 951 1612 997; x_wconf 74' lang='lat' dir='ltr'>Indos,</span> <span class='ocrx_word' id='word_1_121' title='bbox 1640 950 1680 988; x_wconf 89' lang='lat' dir='ltr'>h.</span> <span class='ocrx_word' id='word_1_122' title='bbox 1705 965 1739 989; x_wconf 89' lang='lat' dir='ltr'>e.</span> <span class='ocrx_word' id='word_1_123' title='bbox 1767 953 1951 990; x_wconf 78' lang='lat' dir='ltr'>remotis-</span> 
     </span>
     <span class='ocr_line' id='line_1_12' title="bbox 441 1017 1950 1069; baseline -0.001 -12"><span class='ocrx_word' id='word_1_124' title='bbox 441 1021 563 1057; x_wconf 88' lang='lat' dir='ltr'>simos</span> <span class='ocrx_word' id='word_1_125' title='bbox 589 1026 627 1056; x_wconf 91' lang='lat' dir='ltr'>et</span> <span class='ocrx_word' id='word_1_126' title='bbox 648 1020 772 1056; x_wconf 86' lang='lat' dir='ltr'>veluti</span> <span class='ocrx_word' id='word_1_127' title='bbox 795 1020 837 1055; x_wconf 90' lang='lat' dir='ltr'>in</span> <span class='ocrx_word' id='word_1_128' title='bbox 850 1019 991 1056; x_wconf 89' lang='lat' dir='ltr'>ultimo</span> <span class='ocrx_word' id='word_1_129' title='bbox 1010 1020 1113 1057; x_wconf 91' lang='lat' dir='ltr'>orbis</span> <span class='ocrx_word' id='word_1_130' title='bbox 1130 1026 1323 1056; x_wconf 83' lang='lat' dir='ltr'>terrarum</span> <span class='ocrx_word' id='word_1_131' title='bbox 1343 1020 1511 1056; x_wconf 84' lang='lat' dir='ltr'>termino</span> <span class='ocrx_word' id='word_1_132' title='bbox 1530 1019 1692 1069; x_wconf 84' lang='lat' dir='ltr'>positos,</span> <span class='ocrx_word' id='word_1_133' title='bbox 1714 1017 1794 1056; x_wconf 81' lang='lat' dir='ltr'>vid.</span> <span class='ocrx_word' id='word_1_134' title='bbox 1813 1020 1950 1056; x_wconf 87' lang='lat' dir='ltr'>Burm.</span> 
     </span>
     <span class='ocr_line' id='line_1_13' title="bbox 441 1085 1952 1136; baseline -0.001 -12"><span class='ocrx_word' id='word_1_135' title='bbox 441 1085 493 1124; x_wconf 77' lang='lat' dir='ltr'>ad</span> <span class='ocrx_word' id='word_1_136' title='bbox 513 1088 627 1136; x_wconf 87' lang='lat' dir='ltr'>Prop.</span> <span class='ocrx_word' id='word_1_137' title='bbox 656 1087 702 1134; x_wconf 87' lang='lat'>2,</span> <span class='ocrx_word' id='word_1_138' title='bbox 727 1085 775 1134; x_wconf 89' lang='lat'>8,</span> <span class='ocrx_word' id='word_1_139' title='bbox 798 1086 864 1126; x_wconf 89' lang='grc'>21.</span> <span class='ocrx_word' id='word_1_140' title='bbox 920 1087 1007 1122; x_wconf 82' lang='lat' dir='ltr'><strong>Liv.</strong></span> <span class='ocrx_word' id='word_1_141' title='bbox 1034 1085 1101 1134; x_wconf 85' lang='lat'>45,</span> <span class='ocrx_word' id='word_1_142' title='bbox 1129 1086 1168 1133; x_wconf 89' lang='lat'>9,</span> <span class='ocrx_word' id='word_1_143' title='bbox 1196 1086 1235 1125; x_wconf 90' lang='grc'>6.</span> <span class='ocrx_word' id='word_1_144' title='bbox 1290 1085 1455 1122; x_wconf 77' lang='lat' dir='ltr'>Arabas</span> <span class='ocrx_word' id='word_1_145' title='bbox 1474 1085 1568 1122; x_wconf 81' lang='lat' dir='ltr'>lu&#39;ne</span> <span class='ocrx_word' id='word_1_146' title='bbox 1587 1085 1842 1136; x_wconf 76' lang='lat' dir='ltr'>Indiamque,</span> <span class='ocrx_word' id='word_1_147' title='bbox 1871 1099 1952 1136; x_wconf 84' lang='lat' dir='ltr'>qua</span> 
     </span>
     <span class='ocr_line' id='line_1_14' title="bbox 442 1151 1950 1202; baseline 0 -13"><span class='ocrx_word' id='word_1_148' title='bbox 442 1160 635 1189; x_wconf 84' lang='lat' dir='ltr'>terrarum</span> <span class='ocrx_word' id='word_1_149' title='bbox 653 1152 816 1189; x_wconf 78' lang='lat' dir='ltr'>ultimus</span> <span class='ocrx_word' id='word_1_150' title='bbox 823 1152 927 1200; x_wconf 79' lang='lat' dir='ltr'>finis</span> <span class='ocrx_word' id='word_1_151' title='bbox 948 1151 1112 1189; x_wconf 86' lang='lat' dir='ltr'>rubrum</span> <span class='ocrx_word' id='word_1_152' title='bbox 1131 1165 1238 1188; x_wconf 84' lang='lat' dir='ltr'>mare</span> <span class='ocrx_word' id='word_1_153' title='bbox 1256 1151 1524 1201; x_wconf 75' lang='lat' dir='ltr'>amplectitur,</span> <span class='ocrx_word' id='word_1_154' title='bbox 1543 1153 1790 1202; x_wconf 77' lang='lat' dir='ltr'>peragravit.</span> <span class='ocrx_word' id='word_1_155' title='bbox 1849 1151 1950 1190; x_wconf 85' lang='lat' dir='ltr'>Ibid.</span> 
     </span>
     <span class='ocr_line' id='line_1_15' title="bbox 441 1218 1953 1269; baseline 0 -13"><span class='ocrx_word' id='word_1_156' title='bbox 441 1219 508 1269; x_wconf 79' lang='grc'>42,</span> <span class='ocrx_word' id='word_1_157' title='bbox 529 1220 594 1268; x_wconf 80' lang='grc'>52,</span> <span class='ocrx_word' id='word_1_158' title='bbox 620 1219 685 1259; x_wconf 86' lang='grc'>15.</span> <span class='ocrx_word' id='word_1_159' title='bbox 742 1220 822 1256; x_wconf 82' lang='lat' dir='ltr'>cic.</span> <span class='ocrx_word' id='word_1_160' title='bbox 836 1220 878 1256; x_wconf 89' lang='lat' dir='ltr'>in</span> <span class='ocrx_word' id='word_1_161' title='bbox 894 1221 1001 1257; x_wconf 87' lang='lat' dir='ltr'>Verr.</span> <span class='ocrx_word' id='word_1_162' title='bbox 1022 1218 1060 1267; x_wconf 86' lang='lat'>5,</span> <span class='ocrx_word' id='word_1_163' title='bbox 1081 1219 1146 1258; x_wconf 85' lang='lat'>65.</span> <span class='ocrx_word' id='word_1_164' title='bbox 1208 1218 1255 1256; x_wconf 67' lang='lat' dir='ltr'>Sa·</span> <span class='ocrx_word' id='word_1_165' title='bbox 1275 1225 1318 1255; x_wconf 84' lang='lat' dir='ltr'>tu</span> <span class='ocrx_word' id='word_1_166' title='bbox 1338 1219 1452 1268; x_wconf 80' lang='lat' dir='ltr'>apud</span> <span class='ocrx_word' id='word_1_167' title='bbox 1468 1220 1612 1256; x_wconf 74' lang='lat' dir='ltr'>Persas</span> <span class='ocrx_word' id='word_1_168' title='bbox 1633 1226 1706 1256; x_wconf 86' lang='lat' dir='ltr'>aut</span> <span class='ocrx_word' id='word_1_169' title='bbox 1723 1219 1768 1255; x_wconf 85' lang='lat' dir='ltr'>in</span> <span class='ocrx_word' id='word_1_170' title='bbox 1784 1226 1953 1256; x_wconf 56' lang='lat' dir='ltr'>exnema</span> 
     </span>
     <span class='ocr_line' id='line_1_16' title="bbox 422 1283 1952 1338; baseline -0.001 -13"><span class='ocrx_word' id='word_1_171' title='bbox 422 1330 429 1338; x_wconf 41' lang='lat'>⁸</span> <span class='ocrx_word' id='word_1_172' title='bbox 442 1288 563 1326; x_wconf 81' lang='lat' dir='ltr'>India</span> <span class='ocrx_word' id='word_1_173' title='bbox 582 1286 841 1336; x_wconf 73' lang='lat' dir='ltr'>deprehensus</span> <span class='ocrx_word' id='word_1_174' title='bbox 860 1286 1052 1322; x_wconf 85' lang='lat' dir='ltr'>dueerere.</span> <span class='ocrx_word' id='word_1_175' title='bbox 1085 1285 1178 1322; x_wconf 89' lang='lat' dir='ltr'><strong>Tib.</strong></span> <span class='ocrx_word' id='word_1_176' title='bbox 1196 1283 1235 1333; x_wconf 87' lang='lat'>4,</span> <span class='ocrx_word' id='word_1_177' title='bbox 1259 1285 1296 1332; x_wconf 91' lang='lat'>1,</span> <span class='ocrx_word' id='word_1_178' title='bbox 1323 1285 1413 1330; x_wconf 82' lang='grc'><strong>145.</strong></span> <span class='ocrx_word' id='word_1_179' title='bbox 1454 1286 1605 1323; x_wconf 69' lang='lat' dir='ltr'>Ultima</span> <span class='ocrx_word' id='word_1_180' title='bbox 1622 1285 1774 1322; x_wconf 74' lang='lat' dir='ltr'>vicinus</span> <span class='ocrx_word' id='word_1_181' title='bbox 1794 1285 1952 1323; x_wconf 79' lang='lat' dir='ltr'>Phoebo</span> 
     </span>
     <span class='ocr_line' id='line_1_17' title="bbox 442 1350 1951 1400; baseline -0.001 -10"><span class='ocrx_word' id='word_1_182' title='bbox 442 1361 543 1391; x_wconf 84' lang='lat' dir='ltr'>tenet</span> <span class='ocrx_word' id='word_1_183' title='bbox 561 1366 662 1389; x_wconf 74' lang='lat' dir='ltr'>arva</span> <span class='ocrx_word' id='word_1_184' title='bbox 684 1351 884 1389; x_wconf 79' lang='lat' dir='ltr'>Padaeus,</span> <span class='ocrx_word' id='word_1_185' title='bbox 943 1351 1003 1390; x_wconf 89' lang='lat' dir='ltr'>Id.</span> <span class='ocrx_word' id='word_1_186' title='bbox 1020 1350 1067 1400; x_wconf 85' lang='lat'>4,</span> <span class='ocrx_word' id='word_1_187' title='bbox 1088 1353 1135 1399; x_wconf 85' lang='lat'>2,</span> <span class='ocrx_word' id='word_1_188' title='bbox 1153 1352 1221 1392; x_wconf 91' lang='lat'>20.</span> <span class='ocrx_word' id='word_1_189' title='bbox 1278 1351 1483 1390; x_wconf 81' lang='lat' dir='ltr'>Claudian.</span> <span class='ocrx_word' id='word_1_190' title='bbox 1515 1352 1564 1390; x_wconf 90' lang='lat' dir='ltr'>de</span> <span class='ocrx_word' id='word_1_191' title='bbox 1590 1350 1629 1392; x_wconf 87' lang='lat'>4.</span> <span class='ocrx_word' id='word_1_192' title='bbox 1659 1352 1775 1390; x_wconf 85' lang='lat' dir='ltr'>Cous.</span> <span class='ocrx_word' id='word_1_193' title='bbox 1805 1354 1951 1391; x_wconf 89' lang='lat' dir='ltr'>Honor.</span> 
     </span>
     <span class='ocr_line' id='line_1_18' title="bbox 441 1419 1953 1471; baseline -0.001 -13"><span class='ocrx_word' id='word_1_194' title='bbox 441 1423 588 1471; x_wconf 83' lang='lat' dir='ltr'>Paneg.</span> <span class='ocrx_word' id='word_1_195' title='bbox 608 1420 701 1460; x_wconf 85' lang='grc'><strong>257.</strong></span> <span class='ocrx_word' id='word_1_196' title='bbox 751 1420 811 1456; x_wconf 85' lang='lat' dir='ltr'>Tu</span> <span class='ocrx_word' id='word_1_197' title='bbox 828 1419 919 1456; x_wconf 83' lang='lat' dir='ltr'>licet</span> <span class='ocrx_word' id='word_1_198' title='bbox 935 1427 1119 1456; x_wconf 74' lang='lat' dir='ltr'>extremos</span> <span class='ocrx_word' id='word_1_199' title='bbox 1137 1419 1216 1455; x_wconf 80' lang='lat' dir='ltr'>late</span> <span class='ocrx_word' id='word_1_200' title='bbox 1237 1419 1433 1456; x_wconf 83' lang='lat' dir='ltr'>dominere</span> <span class='ocrx_word' id='word_1_201' title='bbox 1444 1433 1521 1470; x_wconf 82' lang='lat' dir='ltr'>per</span> <span class='ocrx_word' id='word_1_202' title='bbox 1538 1419 1674 1456; x_wconf 75' lang='lat' dir='ltr'>Indos.</span> <span class='ocrx_word' id='word_1_203' title='bbox 1715 1419 1953 1468; x_wconf 17' lang='lat' dir='ltr'>Atticm-De—</span> 
     </span>
     <span class='ocr_line' id='line_1_19' title="bbox 441 1485 1954 1539; baseline -0.001 -14"><span class='ocrx_word' id='word_1_204' title='bbox 441 1490 574 1539; x_wconf 82' lang='lat' dir='ltr'>script.</span> <span class='ocrx_word' id='word_1_205' title='bbox 595 1487 676 1525; x_wconf 84' lang='lat' dir='ltr'>orb.</span> <span class='ocrx_word' id='word_1_206' title='bbox 693 1493 785 1523; x_wconf 79' lang='lat' dir='ltr'>terr.</span> <span class='ocrx_word' id='word_1_207' title='bbox 806 1487 925 1526; x_wconf 89' lang='grc'><strong>1307.</strong></span> <span class='ocrx_word' id='word_1_208' title='bbox 981 1487 1132 1524; x_wconf 72' lang='lat' dir='ltr'>Ultima</span> <span class='ocrx_word' id='word_1_209' title='bbox 1151 1493 1343 1523; x_wconf 86' lang='lat' dir='ltr'>terrarum</span> <span class='ocrx_word' id='word_1_210' title='bbox 1365 1486 1480 1524; x_wconf 74' lang='lat' dir='ltr'>tellus</span> <span class='ocrx_word' id='word_1_211' title='bbox 1498 1487 1722 1537; x_wconf 74' lang='lat' dir='ltr'>aspergitur</span> <span class='ocrx_word' id='word_1_212' title='bbox 1740 1485 1836 1523; x_wconf 78' lang='lat' dir='ltr'>Indi</span> <span class='ocrx_word' id='word_1_213' title='bbox 1852 1487 1954 1523; x_wconf 84' lang='lat' dir='ltr'>Flu-</span> 
     </span>
     <span class='ocr_line' id='line_1_20' title="bbox 442 1550 1952 1605; baseline -0.001 -14"><span class='ocrx_word' id='word_1_214' title='bbox 442 1554 570 1591; x_wconf 70' lang='lat' dir='ltr'>ctibus</span> <span class='ocrx_word' id='word_1_215' title='bbox 587 1555 735 1590; x_wconf 77' lang='lat' dir='ltr'>oceani.</span> <span class='ocrx_word' id='word_1_216' title='bbox 779 1554 837 1590; x_wconf 81' lang='lat' dir='ltr'>Cf.</span> <span class='ocrx_word' id='word_1_217' title='bbox 858 1555 992 1590; x_wconf 90' lang='lat' dir='ltr'>Burm.</span> <span class='ocrx_word' id='word_1_218' title='bbox 1020 1552 1071 1590; x_wconf 82' lang='lat' dir='ltr'>ad</span> <span class='ocrx_word' id='word_1_219' title='bbox 1087 1552 1210 1590; x_wconf 89' lang='lat' dir='ltr'>Anth.</span> <span class='ocrx_word' id='word_1_220' title='bbox 1235 1554 1303 1590; x_wconf 88' lang='lat' dir='ltr'>lat.</span> <span class='ocrx_word' id='word_1_221' title='bbox 1325 1555 1355 1590; x_wconf 95' lang='lat' dir='ltr'>I.</span> <span class='ocrx_word' id='word_1_222' title='bbox 1373 1568 1413 1605; x_wconf 91' lang='lat' dir='ltr'><strong>p.</strong></span> <span class='ocrx_word' id='word_1_223' title='bbox 1433 1551 1526 1594; x_wconf 84' lang='lat'><strong>264.</strong></span> <span class='ocrx_word' id='word_1_224' title='bbox 1555 1552 1606 1590; x_wconf 85' lang='lat' dir='ltr'>ad</span> <span class='ocrx_word' id='word_1_225' title='bbox 1620 1550 1775 1590; x_wconf 85' lang='lat' dir='ltr'>Lotich.</span> <span class='ocrx_word' id='word_1_226' title='bbox 1798 1566 1838 1604; x_wconf 90' lang='grc' dir='ltr'>Ρ.</span> <span class='ocrx_word' id='word_1_227' title='bbox 1858 1552 1952 1593; x_wconf 84' lang='grc'><strong>678.</strong></span> 
     </span>
     <span class='ocr_line' id='line_1_21' title="bbox 442 1617 1954 1670; baseline -0.001 -13"><span class='ocrx_word' id='word_1_228' title='bbox 442 1619 631 1659; x_wconf 85' lang='lat' dir='ltr'>Wernsd.</span> <span class='ocrx_word' id='word_1_229' title='bbox 660 1619 711 1656; x_wconf 92' lang='lat' dir='ltr'>ad</span> <span class='ocrx_word' id='word_1_230' title='bbox 738 1621 848 1658; x_wconf 88' lang='lat' dir='ltr'>Poet.</span> <span class='ocrx_word' id='word_1_231' title='bbox 871 1621 958 1656; x_wconf 89' lang='lat' dir='ltr'>Lat.</span> <span class='ocrx_word' id='word_1_232' title='bbox 992 1621 1090 1656; x_wconf 87' lang='lat' dir='ltr'>min.</span> <span class='ocrx_word' id='word_1_233' title='bbox 1119 1622 1187 1656; x_wconf 94' lang='lat' dir='ltr'><strong>III.</strong></span> <span class='ocrx_word' id='word_1_234' title='bbox 1214 1633 1253 1670; x_wconf 89' lang='lat' dir='ltr'>p.</span> <span class='ocrx_word' id='word_1_235' title='bbox 1287 1619 1378 1660; x_wconf 89' lang='lat'><strong>158.</strong></span> <span class='ocrx_word' id='word_1_236' title='bbox 1405 1621 1451 1658; x_wconf 90' lang='lat' dir='ltr'>V.</span> <span class='ocrx_word' id='word_1_237' title='bbox 1480 1632 1519 1670; x_wconf 90' lang='lat' dir='ltr'>p.</span> <span class='ocrx_word' id='word_1_238' title='bbox 1543 1617 1638 1658; x_wconf 86' lang='lat'><strong>411.</strong></span> <span class='ocrx_word' id='word_1_239' title='bbox 1694 1620 1878 1670; x_wconf 86' lang='lat' dir='ltr'>Doering.</span> <span class='ocrx_word' id='word_1_240' title='bbox 1903 1619 1954 1656; x_wconf 88' lang='lat' dir='ltr'>ad</span> 
     </span>
     <span class='ocr_line' id='line_1_22' title="bbox 442 1683 1954 1736; baseline -0.003 -10"><span class='ocrx_word' id='word_1_241' title='bbox 442 1689 585 1726; x_wconf 88' lang='lat' dir='ltr'>catull.</span> <span class='ocrx_word' id='word_1_242' title='bbox 609 1688 673 1734; x_wconf 84' lang='lat'>11,</span> <span class='ocrx_word' id='word_1_243' title='bbox 702 1689 741 1727; x_wconf 98' lang='grc'>2.</span> <span class='ocrx_word' id='word_1_244' title='bbox 798 1686 943 1736; x_wconf 85' lang='lat' dir='ltr'>Gierig.</span> <span class='ocrx_word' id='word_1_245' title='bbox 964 1685 1015 1723; x_wconf 85' lang='lat' dir='ltr'>ad</span> <span class='ocrx_word' id='word_1_246' title='bbox 1034 1685 1145 1723; x_wconf 83' lang='lat' dir='ltr'>Ovid.</span> <span class='ocrx_word' id='word_1_247' title='bbox 1169 1688 1262 1723; x_wconf 80' lang='lat' dir='ltr'>Met.</span> <span class='ocrx_word' id='word_1_248' title='bbox 1283 1688 1322 1734; x_wconf 83' lang='lat'>2,</span> <span class='ocrx_word' id='word_1_249' title='bbox 1342 1684 1436 1726; x_wconf 81' lang='lat'><strong>254.</strong></span> <span class='ocrx_word' id='word_1_250' title='bbox 1492 1685 1620 1721; x_wconf 90' lang='lat' dir='ltr'>Bentl.</span> <span class='ocrx_word' id='word_1_251' title='bbox 1646 1683 1696 1721; x_wconf 88' lang='lat' dir='ltr'>ad</span> <span class='ocrx_word' id='word_1_252' title='bbox 1719 1684 1792 1723; x_wconf 89' lang='lat' dir='ltr'>Od.</span> <span class='ocrx_word' id='word_1_253' title='bbox 1815 1687 1860 1734; x_wconf 92' lang='lat'>1,</span> <span class='ocrx_word' id='word_1_254' title='bbox 1885 1685 1954 1734; x_wconf 83' lang='lat'>35,</span> 
     </span>
     <span class='ocr_line' id='line_1_23' title="bbox 442 1750 1952 1805; baseline -0.004 -10"><span class='ocrx_word' id='word_1_255' title='bbox 442 1757 508 1795; x_wconf 90' lang='grc'>29.</span> <span class='ocrx_word' id='word_1_256' title='bbox 549 1755 716 1803; x_wconf 87' lang='lat' dir='ltr'>Cuning.</span> <span class='ocrx_word' id='word_1_257' title='bbox 735 1752 945 1790; x_wconf 81' lang='lat' dir='ltr'>Animadv.</span> <span class='ocrx_word' id='word_1_258' title='bbox 967 1766 1006 1803; x_wconf 88' lang='lat' dir='ltr'>p.</span> <span class='ocrx_word' id='word_1_259' title='bbox 1034 1752 1124 1792; x_wconf 86' lang='lat'><strong>185.</strong></span> <span class='ocrx_word' id='word_1_260' title='bbox 1161 1755 1288 1805; x_wconf 90' lang='lat' dir='ltr'>Heyn.</span> <span class='ocrx_word' id='word_1_261' title='bbox 1309 1760 1346 1790; x_wconf 90' lang='lat' dir='ltr'>et</span> <span class='ocrx_word' id='word_1_262' title='bbox 1365 1754 1476 1791; x_wconf 87' lang='lat' dir='ltr'>Voss.</span> <span class='ocrx_word' id='word_1_263' title='bbox 1498 1750 1548 1788; x_wconf 89' lang='lat' dir='ltr'>ad</span> <span class='ocrx_word' id='word_1_264' title='bbox 1567 1752 1674 1802; x_wconf 86' lang='lat' dir='ltr'>Virg.</span> <span class='ocrx_word' id='word_1_265' title='bbox 1697 1753 1767 1789; x_wconf 86' lang='lat' dir='ltr'>Ge.</span> <span class='ocrx_word' id='word_1_266' title='bbox 1794 1753 1834 1801; x_wconf 90' lang='grc'>2,</span> <span class='ocrx_word' id='word_1_267' title='bbox 1859 1753 1952 1793; x_wconf 87' lang='grc'><strong>123.</strong></span> 
     </span>
     <span class='ocr_line' id='line_1_24' title="bbox 441 1816 1950 1873; baseline -0.003 -14"><span class='ocrx_word' id='word_1_268' title='bbox 441 1824 604 1873; x_wconf 87' lang='lat' dir='ltr'>Rupert.</span> <span class='ocrx_word' id='word_1_269' title='bbox 628 1819 679 1858; x_wconf 81' lang='lat' dir='ltr'>ad</span> <span class='ocrx_word' id='word_1_270' title='bbox 697 1821 789 1858; x_wconf 81' lang='lat' dir='ltr'><strong>Juv.</strong></span> <span class='ocrx_word' id='word_1_271' title='bbox 818 1820 882 1867; x_wconf 87' lang='lat'>10,</span> <span class='ocrx_word' id='word_1_272' title='bbox 912 1821 947 1859; x_wconf 90' lang='lat'>1.</span> <span class='ocrx_word' id='word_1_273' title='bbox 966 1820 1006 1858; x_wconf 89' lang='grc'><strong>2.</strong></span> <span class='ocrx_word' id='word_1_274' title='bbox 1063 1820 1222 1858; x_wconf 82' lang='lat' dir='ltr'>Passov.</span> <span class='ocrx_word' id='word_1_275' title='bbox 1247 1819 1297 1857; x_wconf 82' lang='lat' dir='ltr'>ad</span> <span class='ocrx_word' id='word_1_276' title='bbox 1315 1821 1411 1858; x_wconf 89' lang='lat' dir='ltr'>Tac.</span> <span class='ocrx_word' id='word_1_277' title='bbox 1434 1820 1565 1856; x_wconf 87' lang='lat' dir='ltr'>Germ.</span> <span class='ocrx_word' id='word_1_278' title='bbox 1591 1819 1627 1866; x_wconf 89' lang='lat'>1,</span> <span class='ocrx_word' id='word_1_279' title='bbox 1652 1831 1689 1868; x_wconf 87' lang='lat' dir='ltr'>p.</span> <span class='ocrx_word' id='word_1_280' title='bbox 1711 1816 1778 1858; x_wconf 84' lang='lat'>84.</span> <span class='ocrx_word' id='word_1_281' title='bbox 1815 1817 1950 1856; x_wconf 87' lang='lat' dir='ltr'>Sidou.</span> 
     </span>
     <span class='ocr_line' id='line_1_25' title="bbox 441 1883 1951 1939; baseline -0.002 -15"><span class='ocrx_word' id='word_1_282' title='bbox 441 1889 660 1939; x_wconf 88' lang='lat' dir='ltr'>Apollinar.</span> <span class='ocrx_word' id='word_1_283' title='bbox 682 1887 809 1923; x_wconf 87' lang='lat' dir='ltr'>Carm.</span> <span class='ocrx_word' id='word_1_284' title='bbox 830 1887 868 1926; x_wconf 91' lang='grc'>2.</span> <span class='ocrx_word' id='word_1_285' title='bbox 925 1886 992 1923; x_wconf 87' lang='lat' dir='ltr'>Sic</span> <span class='ocrx_word' id='word_1_286' title='bbox 1021 1886 1161 1923; x_wconf 85' lang='lat' dir='ltr'>Graeci</span> <span class='ocrx_word' id='word_1_287' title='bbox 1181 1885 1318 1937; x_wconf 76' lang='grc' dir='ltr'><strong><em>ἔσχατα</em></strong></span> <span class='ocrx_word' id='word_1_288' title='bbox 1333 1889 1403 1938; x_wconf 81' lang='grc' dir='ltr'>τῆς</span> <span class='ocrx_word' id='word_1_289' title='bbox 1421 1889 1514 1938; x_wconf 81' lang='grc' dir='ltr'>γῆς,</span> <span class='ocrx_word' id='word_1_290' title='bbox 1547 1892 1592 1922; x_wconf 78' lang='lat' dir='ltr'>nt</span> <span class='ocrx_word' id='word_1_291' title='bbox 1612 1883 1799 1923; x_wconf 87' lang='lat' dir='ltr'>Herodot.</span> <span class='ocrx_word' id='word_1_292' title='bbox 1818 1886 1865 1933; x_wconf 87' lang='lat'>3,</span> <span class='ocrx_word' id='word_1_293' title='bbox 1885 1885 1951 1925; x_wconf 83' lang='lat'>25.</span> 
     </span>
     <span class='ocr_line' id='line_1_26' title="bbox 441 1950 1953 2005; baseline -0.003 -13"><span class='ocrx_word' id='word_1_294' title='bbox 441 1957 677 2005; x_wconf 78' lang='lat' dir='ltr'>Quanquam</span> <span class='ocrx_word' id='word_1_295' title='bbox 700 1952 906 1998; x_wconf 76' lang='lat' dir='ltr'>currendi,</span> <span class='ocrx_word' id='word_1_296' title='bbox 931 1951 1063 2001; x_wconf 81' lang='grc' dir='ltr'>θέειν,</span> <span class='ocrx_word' id='word_1_297' title='bbox 1094 1954 1260 1991; x_wconf 85' lang='lat' dir='ltr'>verbum</span> <span class='ocrx_word' id='word_1_298' title='bbox 1283 1953 1478 2003; x_wconf 79' lang='lat' dir='ltr'>imprimis</span> <span class='ocrx_word' id='word_1_299' title='bbox 1502 1950 1550 1988; x_wconf 89' lang='lat' dir='ltr'>de</span> <span class='ocrx_word' id='word_1_300' title='bbox 1576 1951 1828 2001; x_wconf 83' lang='lat' dir='ltr'>navigatione</span> <span class='ocrx_word' id='word_1_301' title='bbox 1852 1951 1953 1988; x_wconf 89' lang='lat' dir='ltr'>dici-</span> 
     </span>
     <span class='ocr_line' id='line_1_27' title="bbox 442 2016 1953 2072; baseline -0.003 -13"><span class='ocrx_word' id='word_1_302' title='bbox 442 2030 506 2060; x_wconf 88' lang='lat' dir='ltr'>tur</span> <span class='ocrx_word' id='word_1_303' title='bbox 526 2020 682 2072; x_wconf 80' lang='lat' dir='ltr'>(Lamb.</span> <span class='ocrx_word' id='word_1_304' title='bbox 696 2019 746 2056; x_wconf 89' lang='lat' dir='ltr'>ad</span> <span class='ocrx_word' id='word_1_305' title='bbox 764 2018 835 2057; x_wconf 91' lang='lat' dir='ltr'>Od.</span> <span class='ocrx_word' id='word_1_306' title='bbox 857 2020 894 2067; x_wconf 87' lang='lat'>1,</span> <span class='ocrx_word' id='word_1_307' title='bbox 915 2019 984 2068; x_wconf 89' lang='grc'>28,</span> <span class='ocrx_word' id='word_1_308' title='bbox 1004 2021 1071 2060; x_wconf 86' lang='grc'>36.</span> <span class='ocrx_word' id='word_1_309' title='bbox 1093 2018 1160 2069; x_wconf 83' lang='grc'>34,</span> <span class='ocrx_word' id='word_1_310' title='bbox 1180 2018 1219 2060; x_wconf 86' lang='grc'>4.</span> <span class='ocrx_word' id='word_1_311' title='bbox 1243 2021 1345 2058; x_wconf 87' lang='lat' dir='ltr'>Cort.</span> <span class='ocrx_word' id='word_1_312' title='bbox 1373 2017 1424 2055; x_wconf 88' lang='lat' dir='ltr'>ad</span> <span class='ocrx_word' id='word_1_313' title='bbox 1441 2019 1521 2056; x_wconf 75' lang='lat' dir='ltr'><strong>cic.</strong></span> <span class='ocrx_word' id='word_1_314' title='bbox 1539 2019 1663 2069; x_wconf 83' lang='lat' dir='ltr'>Epist.</span> <span class='ocrx_word' id='word_1_315' title='bbox 1687 2016 1737 2054; x_wconf 88' lang='lat' dir='ltr'>ad</span> <span class='ocrx_word' id='word_1_316' title='bbox 1755 2019 1864 2055; x_wconf 84' lang='lat' dir='ltr'>Fam.</span> <span class='ocrx_word' id='word_1_317' title='bbox 1886 2019 1953 2067; x_wconf 84' lang='lat'>13,</span> 
     </span>
     <span class='ocr_line' id='line_1_28' title="bbox 441 2083 1954 2138; baseline -0.002 -13"><span class='ocrx_word' id='word_1_318' title='bbox 441 2087 541 2138; x_wconf 91' lang='lat'><strong>68.),</strong></span> <span class='ocrx_word' id='word_1_319' title='bbox 562 2094 691 2138; x_wconf 88' lang='lat' dir='ltr'>potest</span> <span class='ocrx_word' id='word_1_320' title='bbox 712 2093 847 2123; x_wconf 88' lang='lat' dir='ltr'>tamen</span> <span class='ocrx_word' id='word_1_321' title='bbox 863 2087 1034 2137; x_wconf 79' lang='lat' dir='ltr'>intelligi</span> <span class='ocrx_word' id='word_1_322' title='bbox 1053 2087 1173 2123; x_wconf 89' lang='lat' dir='ltr'>etiam</span> <span class='ocrx_word' id='word_1_323' title='bbox 1195 2093 1375 2123; x_wconf 87' lang='lat' dir='ltr'>terrestre</span> <span class='ocrx_word' id='word_1_324' title='bbox 1396 2083 1598 2137; x_wconf 82' lang='lat' dir='ltr'>quoddam</span> <span class='ocrx_word' id='word_1_325' title='bbox 1612 2085 1698 2133; x_wconf 89' lang='lat' dir='ltr'>iter,</span> <span class='ocrx_word' id='word_1_326' title='bbox 1721 2083 1828 2136; x_wconf 92' lang='lat' dir='ltr'>quod</span> <span class='ocrx_word' id='word_1_327' title='bbox 1845 2098 1954 2122; x_wconf 88' lang='lat' dir='ltr'>mer-</span> 
     </span>
     <span class='ocr_line' id='line_1_29' title="bbox 442 2152 1952 2205; baseline -0.002 -12"><span class='ocrx_word' id='word_1_328' title='bbox 442 2162 591 2193; x_wconf 86' lang='lat' dir='ltr'>catores</span> <span class='ocrx_word' id='word_1_329' title='bbox 617 2168 663 2191; x_wconf 92' lang='lat' dir='ltr'>eo</span> <span class='ocrx_word' id='word_1_330' title='bbox 695 2152 858 2204; x_wconf 87' lang='lat' dir='ltr'>quidem</span> <span class='ocrx_word' id='word_1_331' title='bbox 885 2159 1063 2204; x_wconf 91' lang='lat' dir='ltr'>tempore</span> <span class='ocrx_word' id='word_1_332' title='bbox 1098 2167 1170 2205; x_wconf 89' lang='lat' dir='ltr'>per</span> <span class='ocrx_word' id='word_1_333' title='bbox 1199 2154 1374 2204; x_wconf 85' lang='lat' dir='ltr'>aliquam</span> <span class='ocrx_word' id='word_1_334' title='bbox 1400 2153 1573 2204; x_wconf 86' lang='lat' dir='ltr'>Aegypti</span> <span class='ocrx_word' id='word_1_335' title='bbox 1594 2158 1747 2203; x_wconf 89' lang='lat' dir='ltr'>partem</span> <span class='ocrx_word' id='word_1_336' title='bbox 1772 2164 1795 2188; x_wconf 91' lang='lat' dir='ltr'>a</span> <span class='ocrx_word' id='word_1_337' title='bbox 1827 2152 1952 2203; x_wconf 84' lang='lat' dir='ltr'>Copto</span> 
     </span>
     <span class='ocr_line' id='line_1_30' title="bbox 442 2217 1951 2274; baseline -0.001 -14"><span class='ocrx_word' id='word_1_338' title='bbox 442 2235 568 2274; x_wconf 88' lang='lat' dir='ltr'>usque</span> <span class='ocrx_word' id='word_1_339' title='bbox 595 2219 646 2258; x_wconf 87' lang='lat' dir='ltr'>ad</span> <span class='ocrx_word' id='word_1_340' title='bbox 667 2220 884 2257; x_wconf 88' lang='lat' dir='ltr'>Berenicen</span> <span class='ocrx_word' id='word_1_341' title='bbox 908 2219 1099 2271; x_wconf 87' lang='lat' dir='ltr'>oppidum</span> <span class='ocrx_word' id='word_1_342' title='bbox 1129 2220 1257 2257; x_wconf 85' lang='lat' dir='ltr'>facere</span> <span class='ocrx_word' id='word_1_343' title='bbox 1280 2219 1469 2257; x_wconf 87' lang='lat' dir='ltr'>solebant.</span> <span class='ocrx_word' id='word_1_344' title='bbox 1526 2217 1614 2257; x_wconf 88' lang='lat' dir='ltr'>Vid.</span> <span class='ocrx_word' id='word_1_345' title='bbox 1644 2218 1746 2255; x_wconf 90' lang='lat' dir='ltr'>Plin.</span> <span class='ocrx_word' id='word_1_346' title='bbox 1771 2219 1819 2254; x_wconf 95' lang='lat' dir='ltr'>H.</span> <span class='ocrx_word' id='word_1_347' title='bbox 1841 2219 1890 2256; x_wconf 91' lang='lat' dir='ltr'>N.</span> <span class='ocrx_word' id='word_1_348' title='bbox 1912 2219 1951 2267; x_wconf 87' lang='lat'>6,</span> 
     </span>
     <span class='ocr_line' id='line_1_31' title="bbox 441 2282 1951 2338; baseline -0.004 -10"><span class='ocrx_word' id='word_1_349' title='bbox 441 2289 508 2328; x_wconf 87' lang='grc'>23.</span> <span class='ocrx_word' id='word_1_350' title='bbox 566 2287 693 2325; x_wconf 82' lang='lat' dir='ltr'>strab.</span> <span class='ocrx_word' id='word_1_351' title='bbox 717 2287 780 2335; x_wconf 89' lang='lat'>17,</span> <span class='ocrx_word' id='word_1_352' title='bbox 805 2287 840 2327; x_wconf 92' lang='lat'>1.</span> <span class='ocrx_word' id='word_1_353' title='bbox 865 2300 904 2338; x_wconf 88' lang='grc' dir='ltr'>Ρ.</span> <span class='ocrx_word' id='word_1_354' title='bbox 928 2285 1024 2328; x_wconf 88' lang='grc'><strong>461.</strong></span> <span class='ocrx_word' id='word_1_355' title='bbox 1046 2286 1107 2324; x_wconf 89' lang='lat' dir='ltr'>ed.</span> <span class='ocrx_word' id='word_1_356' title='bbox 1145 2285 1325 2324; x_wconf 89' lang='lat' dir='ltr'>Tauchn.</span> <span class='ocrx_word' id='word_1_357' title='bbox 1347 2288 1486 2323; x_wconf 89' lang='lat' dir='ltr'>Manso</span> <span class='ocrx_word' id='word_1_358' title='bbox 1505 2287 1636 2325; x_wconf 87' lang='lat' dir='ltr'>Verm.</span> <span class='ocrx_word' id='word_1_359' title='bbox 1654 2282 1814 2323; x_wconf 79' lang='lat' dir='ltr'>schrift.</span> <span class='ocrx_word' id='word_1_360' title='bbox 1843 2285 1951 2335; x_wconf 86' lang='lat' dir='ltr'>Lips.</span> 
     </span>
     <span class='ocr_line' id='line_1_32' title="bbox 445 2352 1953 2405; baseline -0.003 -11"><span class='ocrx_word' id='word_1_361' title='bbox 445 2354 567 2394; x_wconf 87' lang='grc'><strong>1801.</strong></span> <span class='ocrx_word' id='word_1_362' title='bbox 586 2355 636 2389; x_wconf 93' lang='lat' dir='ltr'>II.</span> <span class='ocrx_word' id='word_1_363' title='bbox 660 2353 918 2403; x_wconf 87' lang='lat' dir='ltr'><strong>p.377-—79.</strong></span> <span class='ocrx_word' id='word_1_364' title='bbox 974 2355 1134 2391; x_wconf 88' lang='lat' dir='ltr'>Etenim</span> <span class='ocrx_word' id='word_1_365' title='bbox 1157 2366 1235 2405; x_wconf 91' lang='lat' dir='ltr'>quo</span> <span class='ocrx_word' id='word_1_366' title='bbox 1262 2355 1393 2390; x_wconf 78' lang='lat' dir='ltr'>minus</span> <span class='ocrx_word' id='word_1_367' title='bbox 1418 2358 1573 2391; x_wconf 90' lang='lat' dir='ltr'>montes</span> <span class='ocrx_word' id='word_1_368' title='bbox 1597 2352 1812 2389; x_wconf 85' lang='lat' dir='ltr'>Tibetauos</span> <span class='ocrx_word' id='word_1_369' title='bbox 1835 2353 1953 2390; x_wconf 88' lang='lat' dir='ltr'>intel-</span> 
     </span>
     <span class='ocr_line' id='line_1_33' title="bbox 442 2418 1951 2471; baseline 0 -14"><span class='ocrx_word' id='word_1_370' title='bbox 442 2421 624 2470; x_wconf 86' lang='lat' dir='ltr'>ligamus,</span> <span class='ocrx_word' id='word_1_371' title='bbox 645 2426 690 2456; x_wconf 91' lang='lat' dir='ltr'>ut</span> <span class='ocrx_word' id='word_1_372' title='bbox 706 2421 912 2471; x_wconf 87' lang='lat' dir='ltr'>proposuit</span> <span class='ocrx_word' id='word_1_373' title='bbox 931 2420 1077 2458; x_wconf 87' lang='lat' dir='ltr'>Censor</span> <span class='ocrx_word' id='word_1_374' title='bbox 1101 2420 1194 2458; x_wconf 82' lang='lat' dir='ltr'>edit.</span> <span class='ocrx_word' id='word_1_375' title='bbox 1231 2418 1510 2458; x_wconf 86' lang='lat' dir='ltr'>Schmidianae</span> <span class='ocrx_word' id='word_1_376' title='bbox 1525 2419 1568 2455; x_wconf 88' lang='lat' dir='ltr'>in</span> <span class='ocrx_word' id='word_1_377' title='bbox 1586 2419 1612 2456; x_wconf 88' lang='lat' dir='ltr'>J</span> <span class='ocrx_word' id='word_1_378' title='bbox 1615 2431 1675 2455; x_wconf 87' lang='lat' dir='ltr'>en.</span> <span class='ocrx_word' id='word_1_379' title='bbox 1699 2420 1745 2456; x_wconf 76' lang='lat'>1..</span> <span class='ocrx_word' id='word_1_380' title='bbox 1764 2419 1812 2456; x_wconf 89' lang='lat' dir='ltr'>Z.</span> <span class='ocrx_word' id='word_1_381' title='bbox 1831 2419 1951 2459; x_wconf 87' lang='lat'><strong>1829.</strong></span> 
     </span>
     <span class='ocr_line' id='line_1_34' title="bbox 442 2485 1952 2538; baseline 0 -15"><span class='ocrx_word' id='word_1_382' title='bbox 442 2500 481 2537; x_wconf 89' lang='lat' dir='ltr'>p.</span> <span class='ocrx_word' id='word_1_383' title='bbox 509 2487 625 2535; x_wconf 62' lang='lat'><strong>397„</strong></span> <span class='ocrx_word' id='word_1_384' title='bbox 653 2485 820 2538; x_wconf 87' lang='lat' dir='ltr'>impedit</span> <span class='ocrx_word' id='word_1_385' title='bbox 849 2493 887 2524; x_wconf 90' lang='lat' dir='ltr'>et</span> <span class='ocrx_word' id='word_1_386' title='bbox 913 2487 1092 2525; x_wconf 87' lang='lat' dir='ltr'>locorum</span> <span class='ocrx_word' id='word_1_387' title='bbox 1108 2488 1295 2525; x_wconf 87' lang='lat' dir='ltr'>Romanis</span> <span class='ocrx_word' id='word_1_388' title='bbox 1322 2494 1410 2524; x_wconf 92' lang='lat' dir='ltr'>tum</span> <span class='ocrx_word' id='word_1_389' title='bbox 1431 2486 1514 2523; x_wconf 88' lang='lat' dir='ltr'>fere</span> <span class='ocrx_word' id='word_1_390' title='bbox 1543 2498 1699 2536; x_wconf 88' lang='lat' dir='ltr'>semper</span> <span class='ocrx_word' id='word_1_391' title='bbox 1720 2485 1952 2523; x_wconf 83' lang='lat' dir='ltr'>infestorum</span> 
     </span>
     <span class='ocr_line' id='line_1_35' title="bbox 444 2552 1953 2606; baseline 0.001 -17"><span class='ocrx_word' id='word_1_392' title='bbox 444 2559 483 2589; x_wconf 90' lang='lat' dir='ltr'>et</span> <span class='ocrx_word' id='word_1_393' title='bbox 505 2560 728 2604; x_wconf 86' lang='lat' dir='ltr'>temporum</span> <span class='ocrx_word' id='word_1_394' title='bbox 751 2554 863 2592; x_wconf 87' lang='lat' dir='ltr'>ratio.</span> <span class='ocrx_word' id='word_1_395' title='bbox 919 2555 966 2591; x_wconf 91' lang='lat' dir='ltr'>In</span> <span class='ocrx_word' id='word_1_396' title='bbox 982 2555 1068 2605; x_wconf 89' lang='lat' dir='ltr'>ipsa</span> <span class='ocrx_word' id='word_1_397' title='bbox 1084 2556 1265 2606; x_wconf 86' lang='lat' dir='ltr'>Aegypto</span> <span class='ocrx_word' id='word_1_398' title='bbox 1292 2560 1354 2591; x_wconf 87' lang='lat' dir='ltr'>sat</span> <span class='ocrx_word' id='word_1_399' title='bbox 1371 2552 1492 2590; x_wconf 87' lang='lat' dir='ltr'>habes</span> <span class='ocrx_word' id='word_1_400' title='bbox 1510 2555 1720 2602; x_wconf 89' lang='lat' dir='ltr'>montium,</span> <span class='ocrx_word' id='word_1_401' title='bbox 1749 2553 1819 2590; x_wconf 87' lang='lat' dir='ltr'>ubi</span> <span class='ocrx_word' id='word_1_402' title='bbox 1835 2565 1953 2590; x_wconf 87' lang='lat' dir='ltr'>man-</span> 
     </span>
     <span class='ocr_line' id='line_1_36' title="bbox 443 2618 1953 2671; baseline -0.001 -14"><span class='ocrx_word' id='word_1_403' title='bbox 443 2620 572 2657; x_wconf 88' lang='lat' dir='ltr'>siones</span> <span class='ocrx_word' id='word_1_404' title='bbox 607 2619 802 2671; x_wconf 87' lang='lat' dir='ltr'>quaedam</span> <span class='ocrx_word' id='word_1_405' title='bbox 826 2627 926 2658; x_wconf 88' lang='lat' dir='ltr'>teste</span> <span class='ocrx_word' id='word_1_406' title='bbox 949 2622 1079 2659; x_wconf 90' lang='lat' dir='ltr'>Plinio</span> <span class='ocrx_word' id='word_1_407' title='bbox 1107 2628 1217 2658; x_wconf 89' lang='lat' dir='ltr'>erant</span> <span class='ocrx_word' id='word_1_408' title='bbox 1245 2619 1476 2670; x_wconf 79' lang='lat' dir='ltr'>dispositae,</span> <span class='ocrx_word' id='word_1_409' title='bbox 1508 2618 1559 2656; x_wconf 84' lang='lat' dir='ltr'>ad</span> <span class='ocrx_word' id='word_1_410' title='bbox 1587 2631 1686 2671; x_wconf 83' lang='lat' dir='ltr'>quos</span> <span class='ocrx_word' id='word_1_411' title='bbox 1714 2626 1890 2668; x_wconf 84' lang='lat' dir='ltr'>montes,</span> <span class='ocrx_word' id='word_1_412' title='bbox 1917 2620 1953 2658; x_wconf 89' lang='lat' dir='ltr'>si</span> 
     </span>
     <span class='ocr_line' id='line_1_37' title="bbox 444 2683 1953 2739; baseline 0.001 -17"><span class='ocrx_word' id='word_1_413' title='bbox 444 2698 529 2722; x_wconf 87' lang='lat' dir='ltr'>rem</span> <span class='ocrx_word' id='word_1_414' title='bbox 547 2693 681 2723; x_wconf 84' lang='lat' dir='ltr'>exacte</span> <span class='ocrx_word' id='word_1_415' title='bbox 699 2686 859 2724; x_wconf 84' lang='lat' dir='ltr'>definire</span> <span class='ocrx_word' id='word_1_416' title='bbox 876 2688 1022 2739; x_wconf 85' lang='lat' dir='ltr'>cupias,</span> <span class='ocrx_word' id='word_1_417' title='bbox 1037 2691 1232 2739; x_wconf 84' lang='lat' dir='ltr'>pertinere</span> <span class='ocrx_word' id='word_1_418' title='bbox 1250 2686 1434 2725; x_wconf 81' lang='lat' dir='ltr'>videntur</span> <span class='ocrx_word' id='word_1_419' title='bbox 1448 2698 1484 2723; x_wconf 86' lang='lat' dir='ltr'>v.</span> <span class='ocrx_word' id='word_1_420' title='bbox 1497 2683 1563 2726; x_wconf 85' lang='lat'>46.</span> <span class='ocrx_word' id='word_1_421' title='bbox 1592 2699 1691 2722; x_wconf 73' lang='lat' dir='ltr'>saxa</span> <span class='ocrx_word' id='word_1_422' title='bbox 1706 2687 1778 2724; x_wconf 85' lang='lat' dir='ltr'>illa</span> <span class='ocrx_word' id='word_1_423' title='bbox 1791 2686 1953 2738; x_wconf 87' lang='lat' dir='ltr'>(Donat.</span> 
     </span>
     <span class='ocr_line' id='line_1_38' title="bbox 445 2750 1951 2805; baseline 0.002 -17"><span class='ocrx_word' id='word_1_424' title='bbox 445 2750 496 2788; x_wconf 86' lang='lat' dir='ltr'>ad</span> <span class='ocrx_word' id='word_1_425' title='bbox 514 2753 601 2788; x_wconf 77' lang='lat' dir='ltr'>Liv.</span> <span class='ocrx_word' id='word_1_426' title='bbox 622 2753 658 2800; x_wconf 88' lang='lat'>1,</span> <span class='ocrx_word' id='word_1_427' title='bbox 679 2751 746 2802; x_wconf 80' lang='lat'>24,</span> <span class='ocrx_word' id='word_1_428' title='bbox 768 2754 827 2805; x_wconf 89' lang='grc'>9.)</span> <span class='ocrx_word' id='word_1_429' title='bbox 855 2755 903 2791; x_wconf 91' lang='lat' dir='ltr'>ab</span> <span class='ocrx_word' id='word_1_430' title='bbox 927 2756 1014 2793; x_wconf 87' lang='lat' dir='ltr'>aliis</span> <span class='ocrx_word' id='word_1_431' title='bbox 1035 2756 1166 2793; x_wconf 86' lang='lat' dir='ltr'>minus</span> <span class='ocrx_word' id='word_1_432' title='bbox 1186 2761 1290 2792; x_wconf 88' lang='lat' dir='ltr'>recte</span> <span class='ocrx_word' id='word_1_433' title='bbox 1313 2766 1384 2805; x_wconf 90' lang='lat' dir='ltr'>pro</span> <span class='ocrx_word' id='word_1_434' title='bbox 1405 2753 1576 2803; x_wconf 83' lang='lat' dir='ltr'>scopulis</span> <span class='ocrx_word' id='word_1_435' title='bbox 1594 2753 1756 2791; x_wconf 80' lang='lat' dir='ltr'>marinis</span> <span class='ocrx_word' id='word_1_436' title='bbox 1769 2760 1951 2804; x_wconf 80' lang='lat' dir='ltr'>accepta3</span> 
     </span>
     <span class='ocr_line' id='line_1_39' title="bbox 444 2818 1952 2872; baseline 0.001 -16"><span class='ocrx_word' id='word_1_437' title='bbox 444 2824 531 2856; x_wconf 87' lang='lat' dir='ltr'>tum</span> <span class='ocrx_word' id='word_1_438' title='bbox 546 2830 622 2868; x_wconf 79' lang='lat' dir='ltr'>per</span> <span class='ocrx_word' id='word_1_439' title='bbox 637 2819 742 2868; x_wconf 65' lang='lat' dir='ltr'>zjgnis</span> <span class='ocrx_word' id='word_1_440' title='bbox 772 2821 1054 2872; x_wconf 84' lang='lat' dir='ltr'>intelligendus</span> <span class='ocrx_word' id='word_1_441' title='bbox 1079 2822 1152 2858; x_wconf 87' lang='lat' dir='ltr'>erit</span> <span class='ocrx_word' id='word_1_442' title='bbox 1175 2833 1297 2858; x_wconf 88' lang='lat' dir='ltr'>zonae</span> <span class='ocrx_word' id='word_1_443' title='bbox 1323 2818 1494 2858; x_wconf 87' lang='lat' dir='ltr'>torridae</span> <span class='ocrx_word' id='word_1_444' title='bbox 1521 2826 1666 2869; x_wconf 86' lang='lat' dir='ltr'>aestus,</span> <span class='ocrx_word' id='word_1_445' title='bbox 1691 2832 1770 2872; x_wconf 87' lang='lat' dir='ltr'>qua</span> <span class='ocrx_word' id='word_1_446' title='bbox 1791 2818 1952 2872; x_wconf 89' lang='lat' dir='ltr'>quidem</span> 
     </span>
     <span class='ocr_line' id='line_1_40' title="bbox 446 2884 1950 2939; baseline 0.003 -17"><span class='ocrx_word' id='word_1_447' title='bbox 446 2885 503 2923; x_wconf 89' lang='lat' dir='ltr'>rei</span> <span class='ocrx_word' id='word_1_448' title='bbox 521 2887 894 2926; x_wconf 82' lang='lat' dir='ltr'>commemoratione</span> <span class='ocrx_word' id='word_1_449' title='bbox 917 2887 988 2927; x_wconf 88' lang='lat' dir='ltr'>Od.</span> <span class='ocrx_word' id='word_1_450' title='bbox 1008 2889 1048 2938; x_wconf 87' lang='grc'>3,</span> <span class='ocrx_word' id='word_1_451' title='bbox 1067 2888 1107 2938; x_wconf 85' lang='grc'>3,</span> <span class='ocrx_word' id='word_1_452' title='bbox 1132 2886 1198 2928; x_wconf 84' lang='grc'>55.</span> <span class='ocrx_word' id='word_1_453' title='bbox 1221 2885 1290 2938; x_wconf 86' lang='grc'>24,</span> <span class='ocrx_word' id='word_1_454' title='bbox 1316 2887 1382 2928; x_wconf 82' lang='grc'>37.</span> <span class='ocrx_word' id='word_1_455' title='bbox 1419 2884 1671 2939; x_wconf 77' lang='lat' dir='ltr'>(Mitscherl.)</span> <span class='ocrx_word' id='word_1_456' title='bbox 1697 2887 1802 2938; x_wconf 85' lang='lat' dir='ltr'>Virg.</span> <span class='ocrx_word' id='word_1_457' title='bbox 1824 2886 1894 2924; x_wconf 85' lang='lat' dir='ltr'>Ge.</span> <span class='ocrx_word' id='word_1_458' title='bbox 1913 2886 1950 2935; x_wconf 88' lang='lat'>1,</span> 
     </span>
    </p>
   </div>
  </div>
 </body>
</html>
