2028 3268
200 235 256 276 39
314 234 688 273 COMMENTARII
711 235 766 273 IN
785 233 1009 272 HORATII
1037 232 1210 272 EPIST.
1231 231 1457 272 SECUND.
1485 234 1589 273 LIB.
1611 236 1646 273 1.
1678 230 1760 275 145

202 348 398 401 scriptura
426 360 593 386 sensum
616 349 713 387 satis
749 346 1008 387 commodum
1044 346 1235 399 praebet,
1270 345 1470 385 falluntur
1494 353 1632 386 tamen
1649 378 1660 397 ‚
1686 350 1761 402 qui

203 419 317 457 illius
347 418 515 468 argutiis
542 418 609 455 usi
642 415 832 456 deserunt
859 417 1090 468 vulgatamt,
1122 427 1250 468 quum
1278 428 1326 454 ea
1352 422 1537 454 coactum
1561 415 1685 469 quid,
1715 425 1762 455 ut

204 487 263 525 ait
284 479 514 535 Bentlejus,
545 491 586 522 et
615 485 848 524 affectatum
875 498 973 538 prae
999 498 1042 523 se
1067 497 1149 522 non
1178 484 1280 522 ferat
1298 485 1514 544 potiusque
1532 498 1760 523 sermonem

202 555 446 594 familiarem
466 555 768 607 quaestionibus
786 554 935 593 talibus
953 552 1189 591 distinctum
1212 554 1394 605 apposite
1417 554 1608 592 imitetur.
1656 552 1762 600 Quid

202 621 346 663 Paris?
377 636 434 662 sc.
455 630 614 672 censet,
646 625 730 675 agit
752 637 785 663 s.
814 621 1044 675 respondet.
1101 619 1195 661 vid.
1222 620 1344 661 Both.
1366 636 1431 675 ap.
1457 623 1504 663 F.
1528 621 1594 660 ad.
1616 623 1690 674 Ep.
1721 623 1759 670 1,

204 692 244 741 1,
271 692 342 733 97.
366 700 406 729 et
433 689 486 729 ad
510 689 554 729 h.
577 692 606 729 l.
635 692 679 729 in
706 691 801 731 edit.
834 693 957 731 Gesn.
1013 694 1069 732 At
1098 691 1232 730 Bentl.
1262 688 1347 742 (cui
1374 692 1546 743 praeivit
1571 693 1760 743 exemplo

203 761 448 814 Cruquius),
477 761 577 809 „illa
600 762 833 813 sequentia:
863 768 908 799 ut
925 783 983 791 ——
1000 768 1153 813 negat,
1181 761 1338 812 inquit,
1375 761 1498 812 plane
1521 759 1694 799 absurda
1721 767 1762 797 et

202 836 369 867 naturae
396 830 660 881 repugnantia
686 827 856 879 habent,
881 843 1010 882 quum
1036 830 1078 867 vi
1104 842 1188 867 non
1219 841 1320 880 opus
1341 830 1412 878 sit,
1442 835 1489 867 ut
1508 830 1644 868 salvus
1670 830 1760 882 quis

203 905 244 936 et
261 898 402 936 beatus
421 898 520 936 velit
539 900 674 936 vivere
693 900 798 936 eto.“
854 900 1004 937 Parum
1028 905 1166 936 autem
1190 898 1397 950 perspexit
1422 898 1508 936 vim
1535 898 1615 935 loci
1635 899 1762 935 Bent-

201 966 318 1017 lejus.
374 966 487 1005 Paris
511 967 621 1004 enim
637 972 682 1005 ut
697 968 868 1019 insignis
887 966 1114 1006 dementiae
1134 979 1180 1004 ac
1201 965 1397 1005 stultitIae
1418 973 1667 1018 proponatur
1685 980 1761 1004 ex-

203 1035 405 1086 emplum,
449 1035 540 1086 cogi
568 1047 611 1073 se
640 1048 759 1087 posse
793 1043 919 1088 negat
955 1035 1008 1075 ad
1037 1036 1235 1086 salutem,
1273 1048 1306 1075 s.
1333 1042 1380 1074 ut
1413 1033 1570 1074 reddita
1604 1037 1762 1073 Helena

201 1104 339 1142 salvus
367 1110 509 1155 regnet
536 1104 726 1158 vivatque
760 1104 915 1144 beatus.
975 1105 1119 1157 Spreto
1152 1105 1263 1142 enim
1290 1103 1507 1142 utilissimo
1543 1106 1760 1143 Antenoris

201 1172 372 1211 consilio
389 1185 463 1210 sua
479 1179 624 1225 sponte
642 1175 793 1212 irruere
811 1174 901 1212 vult
919 1174 964 1211 in
988 1173 1230 1226 perniciem3
1263 1173 1412 1225 quippe
1433 1186 1556 1226 quem
1582 1174 1760 1211 Helenae

202 1253 318 1279 amor
346 1247 432 1279 tam
470 1248 674 1280 amentem
713 1248 754 1280 et
795 1248 1054 1281 occoecatum
1085 1240 1335 1291 reddiderat,
1364 1248 1411 1279 ut
1441 1243 1570 1294 perire
1604 1243 1760 1291 mallet,

201 1322 327 1363 quam
351 1311 532 1362 praecisa
559 1324 679 1350 causa
705 1313 908 1350 malorum
932 1325 1103 1363 regnum
1136 1322 1296 1350 servare
1326 1316 1366 1347 et
1383 1310 1460 1348 sibi
1478 1311 1642 1363 suisque
1661 1324 1760 1349 con-

201 1379 351 1418 sulere.
406 1380 530 1417 Recte
561 1381 683 1417 etiam
713 1378 766 1418 ad
792 1378 838 1420 h.
869 1381 900 1418 l.
927 1380 1044 1419 docet
1070 1381 1293 1427 Gesnerus,
1329 1389 1413 1416 non
1442 1380 1550 1417 velle
1577 1381 1760 1429 Poetam,

201 1445 374 1485 totidem
387 1447 520 1487 verbis
540 1447 691 1487 dixisse
708 1447 910 1499 Paridem,
933 1462 975 1487 se
994 1450 1086 1501 cogi
1101 1463 1182 1487 non
1195 1462 1316 1501 posse
1331 1456 1378 1488 ut
1395 1463 1426 1489 s.
1443 1464 1476 1489 r.
1494 1455 1557 1487 etc
1577 1460 1588 1497 3
1618 1461 1760 1486 verum

199 1513 302 1565 hoc,
329 1516 386 1553 ita
411 1529 454 1554 se
474 1518 646 1568 gessisse
674 1517 793 1556 rebus
810 1518 931 1570 ipsis,
960 1519 1076 1571 quasi
1093 1515 1172 1557 hoc
1190 1518 1323 1558 verbis
1344 1518 1610 1571 profiteretur.
1666 1518 1760 1556 Pari

198 1583 324 1624 modo
345 1584 511 1623 Ovidius
531 1586 641 1636 (Met.
665 1585 706 1635 6,
726 1583 845 1638 477.)
874 1600 961 1624 rem
984 1593 1131 1625 eventu
1150 1587 1363 1639 probatam
1386 1587 1554 1638 exponit
1573 1599 1626 1623 ex
1647 1593 1761 1639 parte

197 1646 393 1708 tanquam
409 1654 542 1693 verbis
575 1653 839 1704 declaratam,
871 1654 982 1708 quod
1004 1657 1170 1695 Horatio
1203 1669 1252 1695 eo
1274 1656 1405 1708 magis
1431 1656 1600 1704 licebat,
1633 1668 1761 1708 quum

197 1722 243 1762 id
260 1729 463 1775 tangeret,
489 1721 599 1776 quod
629 1724 742 1761 Paris
770 1723 822 1761 ad
849 1725 1067 1763 Antenoris
1095 1725 1218 1764 verba
1237 1723 1353 1763 Iliad.
1375 1724 1418 1773 7,
1442 1723 1551 1765 352:
1582 1720 1636 1764 οὕ
1654 1723 1706 1764 νύ
1723 1738 1761 1763 τι

197 1790 361 1846 κέρδιον
385 1789 486 1845 ἡμῖν
505 1788 709 1843 ’Έλπομαι
736 1791 1015 1842 ἐκτελέεσθαι,
1044 1792 1115 1833 ἵνα
1144 1790 1201 1847 μή
1227 1791 1393 1847 ῥέζομεν
1418 1786 1498 1833 ὦδε
1521 1814 1579 1821 ·—
1603 1805 1643 1831 v.
1660 1792 1760 1833 362.

197 1860 421 1913 praefraete
445 1859 727 1913 responderat:
756 1857 941 1916 ’Λντικρύ
966 1857 1002 1902 δ’
1029 1856 1235 1914 ἀπόφημι,
1262 1864 1435 1916 γυναῖκα
1457 1858 1532 1914 μὲν
1551 1855 1626 1901 ov’x
1657 1856 1761 1901 ἄπο-

199 1930 332 1971 δοόσω.
360 1930 411 1967 cf.
435 1931 568 1967 Nann.
588 1931 702 1969 Misc.
724 1928 765 1981 4,
791 1928 856 1972 14.
887 1930 1106 1978 „Omnino
1122 1937 1270 1969 veteres
1287 1943 1405 1982 saepe
1423 1930 1472 1968 id
1481 1936 1760 1981 praeponunt,

201 1997 311 2050 quod
329 2003 528 2049 tanquam
554 2011 795 2051 consequens
825 2000 998 2051 cogitari
1020 1999 1160 2046 debet,
1195 1999 1263 2038 vel
1290 1999 1455 2052 aliquid
1477 1998 1642 2036 consilio
1661 1998 1762 2046 fieri

199 2065 330 2103 dicere
355 2065 507 2112 solent,
534 2074 612 2104 aut
637 2074 684 2104 ut
718 2069 803 2116 ‹y'us
827 2068 887 2104 rei
909 2070 1180 2106 necessitatem
1206 2068 1411 2115 indicent,
1439 2074 1514 2105 aut
1531 2073 1578 2104 ut
1599 2065 1763 2118 aliquid

201 2141 342 2172 temere
371 2135 526 2172 evenire
551 2136 852 2187 signficent;“
879 2134 962 2174 vid.
985 2135 1110 2174 Bach.
1131 2134 1184 2174 ad
1209 2136 1304 2174 Tib.
1323 2135 1365 2184 3,
1387 2135 1427 2185 5,
1457 2135 1499 2175 8.
1524 2141 1564 2172 et
1585 2136 1760 2185 interpp,

201 2201 255 2241 ad
276 2203 433 2255 Evang.
450 2202 596 2243 Matth.
625 2204 690 2254 10,
722 2201 805 2253 34„
832 2204 905 2242 ubi
927 2202 1171 2243 Fritzscbius
1195 2201 1302 2241 hanc
1321 2201 1518 2256 loquendi
1541 2210 1760 2240 consuetu-

201 2270 339 2310 dinem
369 2277 410 2309 et
436 2272 480 2309 in
509 2273 683 2311 Excurs.
714 2273 755 2313 1.
778 2286 819 2324 p.
851 2272 950 2314 837.
977 2273 1161 2325 pluribus
1187 2273 1385 2323 illustrat,
1414 2274 1594 2324 itemque
1613 2273 1757 2308 Bauer.

200 2341 231 2379 l.
254 2341 306 2389 l.‚
333 2351 565 2392 quanquam
583 2341 779 2394 approbat
794 2342 968 2392 Bentleji
991 2342 1366 2394 interpretationem
1388 2347 1434 2378 ut
1451 2354 1524 2393 pro
1553 2339 1659 2377 licet.
1704 2341 1758 2378 At

199 2407 294 2448 vide
318 2409 495 2447 similem
523 2409 635 2448 verbi
664 2409 833 2461 cogendi
857 2411 1197 2449 constructionem
1220 2410 1348 2462 Epist.
1367 2409 1406 2458 9,
1431 2410 1471 2449 2.
1527 2409 1588 2446 De
1607 2409 1756 2447 omisso

202 2478 437 2530 prononime
461 2491 502 2515 se
523 2476 627 2515 dixit
656 2478 887 2529 Bentlejus3
919 2480 970 2518 cf.
1000 2478 1134 2518 Hand.
1164 2477 1218 2516 ad
1238 2475 1393 2530 Wopk.
1420 2479 1549 2516 Lectt.
1571 2478 1686 2516 Tull.
1715 2491 1754 2530 p.

205 2546 273 2587 13.
304 2568 357 2575 —
386 2546 534 2584 ZVestor
561 2560 689 2598 comp.
722 2547 820 2586 litis.
868 2549 936 2588 Sic
967 2550 1077 2600 Virg.
1107 2549 1194 2586 Ecl.
1226 2548 1267 2596 3,
1301 2546 1397 2588 108.
1454 2545 1552 2584 Non
1577 2553 1757 2584 nostrum

205 2614 307 2651 inter
325 2627 395 2652 vos
418 2622 551 2652 tantas
573 2629 803 2666 componere
826 2616 923 2656 litis.
983 2619 1135 2657 Notum
1158 2624 1219 2655 est
1240 2615 1419 2655 Nestoris
1444 2613 1624 2653 studium
1644 2616 1756 2668 pacis

204 2681 532 2724 reconciliandae.
591 2685 709 2723 Hom.
729 2686 779 2723 ΙΙ.
799 2686 837 2735 1,
865 2684 950 2728 247
969 2698 1058 2739 sqq.
1085 2685 1125 2735 9,
1161 2686 1216 2726 96
1246 2696 1336 2738 sqq.
1392 2684 1455 2722 Cf.
1490 2683 1667 2722 Nitzsch.
1703 2684 1755 2722 ad

204 2749 349 2803 OdySS.
366 2751 407 2800 3,
434 2751 529 2792 128.
585 2752 690 2790 Ante
717 2767 857 2793 omnes
877 2762 1013 2793 autem
1031 2755 1208 2793 NestoriS
1229 2752 1332 2791 duae
1353 2754 1550 2805 imprimis
1573 2753 1755 2791 celebra-

204 2822 271 2856 tae
294 2824 389 2857 sunt
411 2819 600 2868 virtutes,
629 2821 843 2873 prudentia
872 2831 913 2862 et
939 2824 1183 2876 eloquentia.
1242 2821 1342 2861 Inde
1368 2820 1601 2875 ἐϋφρονέων
1633 2823 1682 2860 11.
1714 2823 1752 2871 1,

204 2886 302 2928 253·
323 2890 364 2937 2,
384 2888 455 2928 78.
486 2887 559 2926 Od.
575 2890 615 2940 3,
641 2891 710 2932 20.
734 2891 898 2932 Pindar.
919 2891 1051 2933 Theb.
1066 2921 1077 2941 ,
1109 2905 1231 2945 quem
1253 2890 1412 2941 dicunt,
1441 2892 1484 2930 in
1505 2892 1613 2943 Epit.
1635 2890 1751 2929 Iliad.

207 2953 303 2998 143·
366 2956 545 2995 Tandem
581 2958 750 2999 sollertis
775 2962 996 3014 prudentia
1025 2962 1208 3001 Nestoris
1236 2975 1333 3001 aevo
1363 2961 1638 3012 Compressan»
1665 2963 1754 2999 mili
