2028 3268
392 231 474 273 224

961 227 1352 269 HORATII

460 358 558 402 Non
591 361 638 402 tu
673 368 824 412 eorpus
859 366 956 396 eras
986 353 1076 395 sine
1109 354 1304 411 pectore:
1333 350 1376 394 di
1411 352 1485 397 tibi
1522 352 1715 412 formam,

459 435 514 479 Di
551 436 622 478 tibi
659 433 825 476 divitias
866 430 1070 474 dederunt
1106 435 1321 486 artemque
1360 429 1540 473 fruendi.

461 512 572 569 Quid
607 513 762 556 voveat
794 508 903 552 dulci
938 508 1141 552 nutricula
1174 511 1310 564 majus
1346 507 1528 568 alumno,

397 634 414 666 1
428 658 438 674 ,
464 641 564 664 unus.
587 629 650 662 Fe.
675 628 715 668 2,
745 638 775 660 a.
799 631 848 660 est
865 625 1025 658 omittunt
1040 636 1119 659 mss.

394 690 416 722 3
438 699 492 731 ap.
521 686 650 718 Bersm.
678 683 798 717 Jaeck.
822 694 883 717 ms.
899 682 932 716 4.
959 682 1075 716 Guelf.
1090 683 1122 717 2.

394 744 491 786 Lips.
508 742 540 775 3.
559 751 619 774 ms.
635 739 788 773 Badenii.

439 798 480 831 V.
499 799 531 831 6.
565 796 611 830 di.
651 795 738 828 Mss.
756 794 855 827 Dess.
879 795 908 828 1.
927 793 1023 838 Lips.
1042 796 1073 828 2.
1090 794 1123 828 3.

395 853 509 887 Guelf.
529 853 559 886 1.
576 851 608 886 4.
640 851 699 887 dii.
732 850 793 883 Sic
808 849 903 894 Lips.
923 851 955 884 1.
972 850 1072 884 Dess.
1091 852 1123 886 2.

394 910 493 943 Gott.
512 911 543 943 1.
563 911 595 943 2.
630 908 759 940 Graev.
786 906 901 940 Guelf.
918 908 951 940 2.
969 908 1001 941 3.
1034 907 1122 940 Edd.

394 971 482 1001 vett.
514 968 550 998 et
575 964 618 997 al.
664 963 778 1003 Quum
802 962 838 995 in
863 962 927 995 hac
951 962 1126 996 scribendi

392 1023 526 1056 ratione
542 1019 659 1065 optimi
675 1019 772 1053 codd.
789 1018 924 1052 varient
947 1019 1064 1061 (Cort.
1083 1019 1125 1051 ad

393 1079 476 1112 San.
505 1078 582 1110 Cat.
608 1079 645 1119 1,
677 1076 709 1110 2.
737 1078 773 1108 et
797 1075 949 1109 Freund.
977 1075 1020 1108 ad
1049 1075 1123 1110 Cic.

392 1135 512 1169 Milon.
529 1145 562 1178 p.
580 1133 666 1175 36.)‚
683 1130 811 1172 retinui
823 1131 982 1164 usitatam
993 1157 1002 1174 ,
1025 1143 1124 1176 quam

392 1195 534 1225 tuentur
550 1189 590 1223 C.
608 1187 813 1221 Schneider.
839 1187 875 1220 in
891 1189 1062 1222 Formenl.
1089 1201 1123 1233 p.

393 1246 468 1287 68„
500 1246 597 1278 Cort.
615 1244 657 1277 ad
673 1244 801 1278 Lucan.
820 1245 856 1287 1,
887 1245 966 1278 635.
982 1244 1024 1286 3,
1055 1245 1123 1287 93.,

392 1304 521 1346 Wagn.
540 1301 583 1334 ad
602 1300 702 1344 Virg.
723 1301 808 1334 Aen.
827 1302 866 1342 2,
897 1301 971 1334 190.

439 1359 482 1393 V.
500 1360 533 1393 7.
566 1356 749 1390 dederant.
781 1355 888 1390 Pulm.
909 1358 939 1391 1.
951 1357 984 1391 3.
1002 1356 1034 1391 4.
1051 1361 1126 1390 tre-

393 1417 468 1450 dec.
498 1425 552 1458 ap.
581 1413 659 1447 Val.
682 1413 799 1446 Oberl.
829 1413 870 1446 C.
886 1412 929 1447 D.
948 1413 1066 1447 Comb.
1083 1413 1124 1447 Β.

392 1473 435 1506 D.
450 1473 491 1505 F.
509 1471 554 1504 G.
571 1468 655 1503 Bad.
675 1470 706 1503 1.
731 1467 850 1502 Jaeck.
868 1479 929 1502 ms.
949 1471 979 1503 1.
1017 1469 1125 1503 Orell.

394 1529 420 1562 S
450 1531 486 1560 et
501 1538 544 1560 ex
562 1524 774 1559 correctione
789 1525 824 1558 b.
858 1524 974 1558 Guelf.
994 1526 1023 1558 1.
1041 1527 1074 1560 2.
1091 1525 1125 1559 3.

394 1585 493 1618 Dess.
509 1581 727 1625 1.2.Lips.2.
744 1581 883 1615 Gott.2.
898 1579 1003 1614 Goth.
1013 1581 1125 1614 Berol.

396 1643 427 1674 1.
445 1641 479 1673 2.
498 1638 555 1682 [de
572 1638 637 1671 hoc
653 1636 770 1669 codice
785 1648 846 1672 mS.
861 1635 1128 1669 dixitKirchne-

394 1707 453 1730 rus
464 1695 502 1728 in
512 1694 657 1735 Quaest.
668 1692 790 1726 Horat.
804 1691 921 1727 Praef.
930 1704 964 1736 p,
978 1692 1126 1727 ILIdem

394 1762 523 1786 mecum
532 1750 711 1793 utriusque
721 1747 797 1782 cod.
811 1758 871 1783 mS.
880 1752 915 1780 et
924 1748 1127 1782 Santeniani

394 1807 587 1842 variantem
625 1805 828 1849 scripturam
872 1805 1127 1848 perhumaniter

395 1862 686 1906 communicavit]
718 1861 759 1893 In
774 1860 919 1894 Dorvill.
938 1865 973 1893 et
985 1861 1125 1904 Corbej.

394 1919 479 1954 nihil
502 1929 565 1963 per
586 1922 694 1950 totam
715 1916 907 1960 Epistolam
930 1921 1127 1951 annotatum

396 1979 461 2011 est.
482 1975 581 2007 Haec
603 1978 655 2006 est
673 1973 847 2017 scriptura
857 1977 892 2006 et
904 1985 1021 2007 eorum
1034 1974 1129 2006 codi-

395 2043 482 2074 cum,
497 2030 568 2076 qui,
580 2033 618 2063 ut
627 2029 782 2063 Lambini
790 2033 826 2062 et
835 2029 1045 2073 Bersmanni,
1062 2042 1130 2064 non

395 2087 623 2122 nominantur.
670 2086 759 2120 Edd.
776 2089 862 2120 vett.
888 2090 922 2118 et
943 2086 1029 2131 plur.
1049 2087 1128 2122 Sec.

396 2144 503 2186 XVI„
530 2155 549 2176 e
563 2147 709 2176 recentt.
736 2142 838 2175 Talb.
861 2142 960 2176 Tart.
983 2143 1129 2178 Juvenc.

397 2200 558 2245 (Mediol.
568 2198 667 2243 754.)
678 2199 699 2232 J
702 2210 755 2233 on.
763 2198 893 2232 Sandb.
905 2198 1015 2233 Hunt.
1025 2199 1129 2233 Doer.

395 2255 551 2290 Hoched.
567 2255 644 2299 Bip.
660 2255 738 2290 828.
786 2255 969 2288 dederunt.
1014 2255 1130 2289 Schol.

398 2314 504 2357 Cruq.
522 2315 558 2345 et
574 2311 648 2354 ejus
664 2322 743 2345 mss.
769 2322 856 2345 omn.
873 2315 1012 2355 praeter
1030 2323 1131 2346 unum

398 2370 472 2413 (6).
508 2367 634 2401 Acron.
662 2367 770 2401 Pulm.
798 2370 830 2403 2.
855 2369 889 2402 7.
922 2370 976 2402 10.
1025 2368 1131 2402 Torr.

398 2426 465 2458 duo
496 2423 675 2468 antiquiss.
703 2423 823 2458 Comb.
861 2422 903 2456 A.
932 2424 973 2457 C.
1000 2424 1043 2458 al.
1075 2435 1130 2468 ap.

399 2481 502 2514 Talb.
521 2484 557 2513 et
571 2479 645 2515 Val.
673 2479 780 2522 Pott„
798 2483 838 2512 ut
852 2478 1028 2522 videntur,
1042 2491 1130 2513 omn.

399 2538 495 2571 Feae
524 2539 561 2578 1,
590 2547 620 2569 c.
647 2535 765 2570 Jaeck.
782 2535 815 2570 4.
833 2534 866 2569 5.
898 2535 1050 2569 Orell.c.
1075 2546 1132 2568 su-

400 2603 531 2638 perscr.
548 2597 620 2625 ant.
639 2591 734 2636 Lips.
752 2595 784 2627 1.
800 2593 833 2626 3.
861 2591 1002 2634 (dedef)
1032 2591 1130 2624 Gott.

403 2650 435 2683 1.
453 2649 598 2691 Graev.,
613 2648 673 2692 qui
684 2648 771 2681 idem
790 2647 870 2681 mihi
893 2659 971 2680 esse
996 2647 1132 2680 videtur

401 2715 443 2737 ac
459 2703 578 2737 Comb.
597 2703 650 2746 A.,
666 2708 706 2737 ut
724 2704 876 2738 indicavi
896 2704 940 2737 ad
965 2703 1078 2748 Epist.
1096 2704 1130 2745 3,

401 2761 459 2795 32.
488 2759 582 2793 Edd.
606 2759 717 2794 Paris.
746 2760 824 2795 503.
851 2759 930 2795 752.
955 2760 1035 2793 Asc.
1051 2758 1131 2794 519.

403 2815 504 2849 Glar.
527 2815 658 2850 Muret.
684 2815 765 2850 Bas.
793 2815 874 2851 555.
899 2815 1025 2850 Irenic.
1052 2813 1131 2850 567.

403 2871 485 2916 xyl.
509 2869 588 2906 575.
613 2871 720 2916 Cruq.
744 2872 907 2906 Biedmae
922 2872 1001 2907 599.
1029 2870 1133 2915 [quae

1167 625 1272 659 editio
1302 625 1338 658 in
1364 625 1547 659 Germania
1569 627 1743 662 rarissima
1771 626 1903 672 prodiit

1170 693 1239 724 „en
1253 682 1427 716 Granada.
1475 683 1545 715 Por
1565 683 1751 717 Sebastian
1766 683 1809 716 de
1824 682 1902 717 Me-

1170 737 1268 780 na.“]
1294 738 1397 772 Torr.
1414 738 1546 773 Rodell.
1564 740 1677 774 Bentl.
1697 745 1735 773 et
1753 742 1900 774 recentt.

1170 795 1245 827 sere
1289 806 1377 828 omn.
1410 794 1487 827 Vid.
1518 795 1603 830 Fea.
1652 797 1787 830 dedere.
1833 795 1901 830 MS.

1171 849 1288 884 Jaeck.
1319 851 1351 884 6.
1383 850 1501 884 Guelf.
1534 851 1568 885 4.
1616 852 1786 885 dederint.
1831 850 1902 885 Ms.

1169 906 1232 939 Fe.
1261 907 1277 939 1
1291 931 1300 948 ,
1328 906 1351 940 i.
1397 906 1594 940 Mirandum
1610 919 1712 950 sane,
1732 906 1834 940 hodie
1849 906 1902 939 in-

1170 961 1284 995 veniri
1321 962 1546 1007 interpretes,
1597 964 1656 1007 qui
1687 965 1730 997 ob
1762 962 1901 1007 Imperf-

1170 1029 1250 1051 eras
1274 1019 1474 1062 praeferant
1496 1020 1703 1064 scripturam
1720 1019 1902 1052 dederant.

1168 1074 1409 1119 Imperfectum
1431 1075 1514 1109 illud
1529 1087 1624 1109 suam
1640 1076 1747 1110 habet
1761 1075 1903 1109 relatio-

1170 1141 1245 1162 nem
1258 1155 1268 1172 ,
1291 1130 1336 1163 de
1355 1141 1423 1174 qua
1437 1131 1527 1165 infra
1543 1132 1690 1166 dicetur.
1706 1132 1902 1165 Perfectum

1169 1190 1282 1219 autem
1315 1187 1489 1221 dederunt
1515 1189 1672 1221 absolute
1689 1187 1832 1230 dicitur,
1863 1190 1903 1220 ut

1169 1242 1229 1287 qui
1251 1243 1422 1277 dederant
1446 1244 1618 1285 scribant,
1642 1243 1826 1277 Horatium
1848 1243 1903 1276 fa-

1170 1298 1260 1332 ciant
1274 1298 1475 1334 inurbanum
1489 1300 1623 1334 Tibulli
1645 1299 1902 1343 castigatorem.

1170 1355 1355 1388 Praeterea
1378 1367 1434 1389 res
1460 1356 1495 1389 in
1521 1360 1680 1402 promptu
1703 1359 1768 1389 est.
1816 1355 1904 1388 Cor-

1169 1416 1270 1456 repta
1286 1411 1373 1444 enim
1388 1412 1541 1446 Perfecti
1567 1413 1701 1457 syllaba
1715 1411 1903 1455 dederunt,

1170 1480 1260 1513 quae
1279 1468 1370 1513 apud
1390 1468 1534 1513 optimos
1562 1469 1748 1514 scriptores
1773 1468 1904 1512 reperi-

1171 1530 1248 1568 tur,
1278 1525 1433 1558 librarios
1449 1525 1595 1569 fefellit,
1616 1529 1656 1557 ut
1680 1524 1780 1557 metri
1800 1535 1903 1558 causa

1172 1593 1277 1626 saepe
1315 1585 1471 1625 tempora
1507 1584 1691 1615 mutarent.
1738 1579 1904 1613 Similiter

1170 1642 1335 1683 peccatur
1357 1649 1412 1682 ap.
1431 1638 1528 1682 Virg.
1552 1639 1589 1671 in
1600 1636 1673 1670 Ecl.
1689 1635 1733 1678 4,
1758 1637 1815 1670 61.
1835 1636 1901 1670 Ge.

1170 1693 1212 1736 4,
1244 1695 1321 1729 393.
1338 1693 1422 1728 Aen.
1436 1695 1454 1728 2
1465 1719 1474 1736 ,
1497 1693 1588 1737 774„
1605 1693 1665 1727 ubi
1679 1692 1760 1726 vide
1774 1693 1902 1736 Wagn.

1172 1755 1208 1784 et
1225 1751 1388 1794 Forbig.‚
1413 1749 1482 1782 alia
1504 1749 1659 1793 exempla
1683 1749 1904 1794 suppeditant

1171 1807 1278 1841 Bach.
1308 1807 1351 1840 ad
1380 1806 1464 1839 Tib.
1488 1809 1530 1847 2,
1561 1805 1601 1848 5,
1633 1806 1688 1840 79.
1721 1806 1762 1850 4,
1793 1805 1832 1849 5,
1867 1806 1902 1840 3.

1171 1863 1285 1897 Burin.
1304 1863 1347 1895 ad
1364 1862 1467 1895 Anth.
1485 1862 1543 1895 lat.
1562 1861 1589 1895 Ι.
1606 1874 1640 1906 p.
1655 1861 1732 1896 538.
1744 1887 1754 1905 ,
1772 1862 1902 1897 Ochsn.

1172 1919 1214 1953 ad
1228 1919 1330 1953 Ovid.
1349 1919 1434 1951 Met.
1455 1918 1515 1959 10,
1542 1917 1598 1951 55.
1623 1919 1678 1951 ed.
1694 1918 1801 1952 Bach.
1819 1918 1904 1951 Lin-

1173 1976 1260 2009 dem.
1295 1975 1339 2008 ad
1368 1975 1482 2007 Plaut.
1513 1973 1612 2007 Trin.
1643 1977 1687 2017 2,
1728 1974 1768 2016 4,
1813 1974 1904 2018 149.,

1175 2031 1325 2065 Schmid.
1349 2031 1393 2063 ad
1417 2030 1450 2063 h.
1480 2029 1502 2062 l.
1516 2055 1526 2072 ‚
1552 2029 1689 2064 Ramsh.
1715 2030 1778 2064 Gr.
1795 2031 1856 2065 lat.
1871 2033 1904 2072 S.

1176 2090 1243 2124 220
1256 2113 1264 2129 ‚
1283 2089 1316 2123 2.
1339 2086 1392 2120 ed.
1412 2088 1444 2121 2.
1462 2084 1522 2118 Sic
1537 2085 1612 2120 Sat.
1637 2086 1654 2119 1
1666 2112 1675 2129 ,
1693 2088 1753 2129 10,
1766 2087 1822 2122 45.
1841 2098 1905 2121 an-

1175 2145 1352 2184 nuerunt,
1388 2141 1500 2186 Epod.
1531 2142 1570 2183 9,
1613 2144 1668 2177 17.
1711 2145 1906 2179 verterunt.

1174 2198 1359 2243 Receptam
1375 2197 1579 2242 scripturam
1594 2198 1674 2231 tuiti
1696 2199 1776 2233 olim
1791 2211 1906 2234 sumus

1176 2266 1240 2299 ego
1271 2254 1407 2298 quidem
1437 2254 1473 2286 in
1500 2254 1650 2288 Seebod.
1687 2254 1780 2289 Krit.
1813 2255 1904 2292 Bibl.

1179 2310 1276 2347 1825.
1302 2311 1335 2344 3.
1361 2322 1395 2354 p.
1409 2309 1501 2352 295„
1519 2310 1716 2344 Selmtidius
1732 2311 1769 2344 in
1783 2310 1903 2346 Zimm.

1175 2367 1264 2410 Aug.
1279 2366 1416 2401 schulz.
1437 2367 1535 2401 1828.
1553 2366 1598 2400 Ν.
1621 2367 1678 2402 92.
1722 2366 1776 2400 De
1798 2367 1907 2412 signi-

1176 2423 1336 2456 ficatione
1359 2421 1554 2466 Imperfecti
1579 2433 1659 2455 eras
1690 2433 1759 2455 non
1781 2423 1906 2457 adver-

1176 2479 1285 2512 santis
1325 2479 1485 2511 Perfecto
1527 2478 1701 2513 dederant
1743 2484 1908 2514 accurate

1177 2535 1264 2568 dixit
1278 2534 1432 2567 Jahnius
1458 2534 1491 2567 in
1511 2535 1688 2577 ‚‚Jahrbb.
1700 2536 1721 2554 ‘⁶
1740 2537 1839 2572 1827.
1857 2535 1904 2571 Π.

1175 2604 1209 2636 p.
1226 2591 1305 2625 411.
1353 2589 1576 2635 Quapropter
1588 2591 1700 2625 facilis
1725 2596 1780 2625 est
1793 2593 1838 2626 ad
1847 2593 1908 2636 Ju-

1177 2647 1356 2680 dicandum
1390 2648 1586 2690 conjectura
1631 2646 1773 2680 Nodelli
1802 2647 1907 2690 (Not.

1177 2703 1255 2737 crit.
1274 2715 1303 2737 c.
1327 2702 1360 2737 4.
1377 2715 1410 2747 p.
1435 2705 1533 2747 920:
1575 2703 1676 2738 enim.
1720 2703 1907 2736 Praedica-

1176 2760 1255 2793 vius
1295 2759 1436 2803 scripsit
1473 2760 1539 2794 erit
1573 2764 1610 2794 et
1638 2759 1700 2793 D’t‘
1732 2759 1810 2792 Tibi
1837 2758 1906 2794 div.

1177 2816 1355 2850 ded'ruut.

1223 2871 1266 2906 V.
1284 2873 1316 2906 8.
1348 2871 1442 2915 Quid
1457 2874 1592 2915 foveat.
1626 2873 1694 2907 Ms.
1716 2872 1780 2907 Fe.
1800 2871 1818 2906 1
1833 2897 1843 2915 ,
1870 2882 1904 2916 q.
