2054 3268
265 269 637 310 COMMENTARII
665 269 718 306 IN
747 267 970 306 HORATII
998 266 1172 307 EPIST.
1200 267 1344 305 PRIM.
1374 266 1474 305 LIB.
1493 268 1524 304 1.
1610 262 1662 305 57

119 391 224 424 veste
239 385 384 430 venite,
418 383 476 420 Et
490 380 677 420 manibus
691 381 808 433 puris
821 379 1103 432 eamilejbntis
1120 393 1291 432 aquam,
1319 378 1371 417 ad
1393 392 1515 432 quem
1532 379 1562 416 1.
1579 377 1663 416 vid.

119 449 299 492 Broukh.
324 459 364 490 et
384 449 436 489 ad
453 449 492 500 4,
521 449 568 500 4,
596 448 665 491 24.
722 450 879 487 Dissen.
902 446 953 486 ad
975 448 1011 497 1,
1036 448 1076 497 3,
1103 447 1173 488 25.
1231 448 1408 486 Macrob.
1434 448 1597 487 Saturn.
1625 449 1666 497 3,

126 522 164 562 1.
203 527 357 558 constat
379 519 457 558 diis
485 520 637 571 superis
660 510 1012 570 sacrefacturum
1040 517 1215 567 corporis
1234 515 1455 554 abluitione
1470 516 1661 567 purgari.

120 589 326 626 Immersio
345 589 417 625 illa
442 589 507 626 vel
522 588 670 625 lavatio
687 593 726 624 et
741 585 914 638 aspersio
936 591 994 622 ter
1011 584 1095 621 fieri
1112 585 1280 623 solebat.
1309 585 1407 623 Inde
1423 583 1538 623 ovid.
1558 584 1666 622 Fast.

120 654 170 706 4,
195 656 294 698 315.
361 658 436 694 Ter
454 662 577 707 caput
596 656 758 700 irrorat,
786 660 842 691 ter
856 652 961 690 tollit
980 654 1024 690 in
1038 652 1200 690 aethera
1207 653 1388 704 palmas.
1426 654 1477 691 cf·
1500 651 1598 690 ibid.
1626 650 1666 700 5,

119 723 217 766 435.
242 726 352 763 Pers.
378 725 418 774 2,
442 724 508 765 15.
547 722 728 761 Tiberino
749 724 791 760 in
806 723 970 774 gurgite
991 722 1138 773 mergis
1161 723 1290 759 Mane
1310 729 1432 773 caput
1451 721 1511 760 bis
1532 729 1668 774 terque

121 799 159 829 et
179 801 330 831 noctem
348 793 527 844 flumine
543 805 702 843 purgas
711 806 728 839 ;
756 790 814 828 ibi
834 791 1004 828 casaub.
1025 791 1120 828 Juv.
1142 791 1182 839 6,
1212 789 1309 831 522.
1377 791 1451 827 Ter
1471 791 1667 828 matutino

130 861 260 899 meri
275 868 490 913 mergetur,
517 867 553 897 et
570 861 668 911 ipsis
689 857 913 898 Vorticibus
929 858 1115 896 timidum
1135 866 1260 910 caput
1275 858 1431 896 abluat.
1467 858 1518 896 cf.
1538 859 1667 896 Hein-

122 928 225 968 dors.
251 929 303 968 ad
326 930 411 968 Sat.
433 931 472 978 2,
495 928 542 977 3,
565 929 663 969 291.
691 928 756 964 Fr.
781 927 942 965 Jacobs.
970 926 1021 964 ad
1042 928 1196 965 Delect.
1214 929 1352 980 Epigr.
1374 927 1515 964 Graec.
1538 929 1578 975 7,
1597 925 1667 968 62.

120 997 191 1038 63.
247 997 425 1036 Erfurdt.
450 996 500 1035 ad
519 994 645 1049 Soph.
673 993 771 1033 Oed.
797 995 896 1047 Tyr.
918 997 1042 1036 1227.
1101 996 1247 1034 cellar.
1270 1003 1309 1034 et
1325 998 1495 1033 Biinem.
1516 994 1567 1032 ad
1586 996 1668 1032 La-

121 1072 243 1103 ctant.
266 1068 365 1104 Inst.
387 1066 426 1114 5,
455 1066 520 1114 19,
543 1065 612 1106 33.
634 1065 807 1115 interpp.
828 1062 879 1100 ad
902 1064 1011 1115 Virg.
1027 1065 1129 1102 Aen.
1146 1066 1186 1114 2,
1207 1065 1306 1106 720.
1346 1062 1490 1101 Matth.
1513 1061 1565 1101 ad
1585 1063 1667 1101 Cic.

119 1147 192 1186 pro
214 1137 331 1173 Rosc.
344 1135 480 1172 Amer.
502 1130 539 1185 ᾗ.
559 1134 629 1174 71.
651 1134 790 1170 Burm.
812 1130 864 1169 ad
882 1131 1008 1170 Anth.
1023 1134 1094 1170 lat.
1114 1134 1146 1170 1.
1164 1147 1205 1185 p.
1224 1133 1293 1173 36.
1323 1134 1411 1171 Jac.
1427 1133 1602 1170 Gronov.
1617 1129 1669 1169 ad

118 1203 208 1240 Liv.
219 1203 288 1252 25,
307 1203 372 1252 17,
384 1202 425 1243 3.
447 1202 569 1238 Plura
586 1200 835 1252 cupientibus
852 1201 962 1251 larga
973 1213 1097 1237 manu
1108 1199 1259 1237 dabunt
1271 1199 1414 1238 Matth.
1432 1200 1668 1239 Brourerius

121 1269 171 1307 de
182 1271 288 1309 Vett.
308 1277 347 1308 et
364 1268 773 1308 Recent.Adorati011.
795 1269 837 1304 in
858 1269 999 1306 Polen.
1012 1267 1199 1306 Thes.II.
1217 1283 1256 1320 p.
1269 1270 1324 1310 97
1328 1270 1462 1322 5-sqq.
1484 1269 1668 1308 Saubert.

122 1336 172 1374 de
184 1337 359 1376 sacrific.
383 1351 417 1375 c.
441 1339 460 1378 1
474 1341 505 1377 1.
519 1351 558 1388 p.
572 1338 669 1378 216.
680 1350 769 1389 sqq.
793 1338 991 1374 Lomeier.
1005 1336 1054 1374 de
1069 1339 1175 1390 Vett.
1187 1338 1327 1388 gentil.
1344 1337 1668 1388 lustratt.Ultraj.

126 1405 248 1446 1681.
268 1412 307 1443 et
317 1404 482 1443 Rulmk.
499 1406 638 1457 Antiq.
650 1407 819 1444 Roman.
841 1404 903 1442 ed.
923 1403 1129 1442 Eichstad.
1141 1407 1244 1444 XIV.
1256 1419 1296 1457 p.
1310 1406 1485 1446 6.—De
1498 1406 1669 1443 ternario

60 1486 66 1487 ⁷
121 1486 288 1512 munero
309 1475 350 1510 in
376 1476 496 1512 sacris
515 1474 717 1526 frequenti
734 1472 817 1510 vid.
834 1475 900 1512 Jo.
913 1472 1016 1526 Lyd.
1037 1473 1086 1511 de
1097 1472 1273 1522 Mens.2,
1292 1477 1332 1516 7.
1349 1488 1390 1526 p.
1412 1474 1466 1515 52
1480 1487 1570 1526 sqq.
1599 1476 1667 1512 Rr.

120 1541 296 1580 Voss-ad
306 1543 416 1593 Virg.
427 1544 514 1580 Ecl.
527 1542 566 1590 8,
582 1543 651 1582 78.
676 1542 904 1580 Wuestem.
922 1540 974 1579 ad
982 1540 1236 1590 Theocrit.2‚
1247 1540 1316 1582 43.
1340 1543 1457 1580 Torr.
1469 1550 1508 1580 et
1521 1541 1668 1580 Heind.

121 1608 171 1647 ad
182 1610 267 1647 Sat.
279 1611 319 1660 2,
341 1611 377 1659 1,
394 1612 434 1650 7.
458 1608 658 1649 Wunder.
679 1608 730 1646 ad
746 1608 872 1661 Soph.
885 1609 1025 1662 Oedip.
1037 1606 1230 1650 col.375.
1244 1608 1368 1647 Bach.
1385 1610 1436 1648 ad
1445 1610 1667 1649 Ovid.Met.

119 1679 160 1726 7,
185 1678 278 1718 189.
318 1680 476 1716 Dissen.
501 1677 553 1715 ad
572 1679 666 1716 Tib.
692 1677 738 1726 1,
766 1679 812 1726 2,
837 1679 906 1719 56.
943 1680 1081 1716 Burin.
1100 1677 1152 1715 ad
1170 1679 1330 1715 Nemes.
1350 1679 1437 1715 Ecl.
1458 1677 1498 1728 4,
1523 1679 1592 1720 63.
1610 1700 1668 1707 -—-

120 1745 268 1784 libello.
301 1747 397 1785 Sine
425 1745 546 1784 dubio
575 1746 863 1797 intelligendus
886 1753 946 1784 est
973 1745 1134 1783 libellas
1156 1748 1434 1797 expiationum
1466 1748 1532 1784 vel
1568 1748 1667 1785 ritus

119 1815 185 1852 vel
206 1817 312 1867 ipsas
330 1816 522 1853 formulas
542 1815 765 1852 continens.
823 1815 990 1852 Talium
1010 1815 1205 1852 librorum
1221 1815 1270 1852 ab
1287 1814 1459 1867 Orpheo,
1486 1817 1667 1865 Musaeo,

120 1888 165 1919 ut
197 1883 376 1933 ajebant,
413 1884 683 1935 profectorum
713 1880 944 1921 venditores
974 1882 1143 1921 audiunt
1171 1884 1370 1930 mendici,
1403 1879 1573 1938 ἆγύρται
1597 1883 1668 1925 καὶ

121 1946 283 2002 μάντεις
300 1951 366 1992 ἐπὶ
385 1951 588 1992 πλουσίων
606 1947 742 2005 θύρας
761 1951 889 2000 ἰόντες
914 1965 978 2003 ap.
997 1953 1157 1990 Platon.
1177 1951 1227 1989 de
1248 1954 1348 2004 Rep.
1369 1954 1410 1993 2.
1432 1967 1473 2005 p.
1487 1952 1583 1993 595.
1602 1952 1666 1990 ed.

121 2016 232 2068 Frkf.
250 2019 332 2057 vid.
354 2018 500 2056 Heind.
524 2019 575 2056 ad
598 2020 682 2058 Sat.
710 2021 756 2068 1,
781 2022 821 2070 2,
844 2022 884 2060 2.
910 2027 949 2058 et
975 2021 1026 2058 ef.
1045 2021 1183 2072 Eurip.
1207 2021 1295 2057 Alc.
1315 2020 1411 2061 965.
1471 2023 1559 2058 Huc
1582 2021 1669 2059 sor-

122 2092 227 2124 tasse
251 2088 371 2124 etiam
391 2089 592 2138 pertinent
618 2086 817 2139 Ephesiae
840 2089 1003 2137 literae,
1042 2087 1189 2126 Athen.
1215 2089 1280 2128 12.
1302 2102 1343 2140 p.
1367 2090 1468 2137 171,
1502 2088 1551 2126 de
1575 2090 1669 2140 qui-

123 2154 196 2192 bus
219 2153 504 2193 Wachsmuth.
538 2155 585 2204 (l.
607 2167 726 2206 supra
748 2157 776 2193 1.
805 2169 846 2207 p.
878 2156 997 2207 253.)
1028 2156 1167 2194 laudat
1189 2154 1437 2207 Hesychium
1463 2170 1504 2194 v.
1532 2153 1669 2208 Ἐφεσ.

121 2237 266 2275 γραμμ.
322 2222 443 2275 Apud
470 2224 695 2260 Lucianum
729 2224 771 2260 in
802 2222 1066 2276 Philopseud.
1092 2239 1126 2262 c.
1158 2226 1225 2266 12.
1255 2225 1503 2276 Babylonius
1532 2226 1602 2262 ille
1628 2221 1670 2274 ἒς

120 2286 191 2330 τόν
211 2285 334 2343 οἷγρὸν
364 2287 498 2331 ἐλθών
530 2290 679 2340 ἕωθεν,
709 2289 884 2332 ἐπειπών
914 2291 1092 2346 ἱερατικά
1124 2308 1214 2332 τινα
1246 2290 1289 2332 ἐκ
1321 2293 1466 2345 βίβλου
1494 2296 1670 2342 παλαιᾶς

121 2353 292 2410 ὀνόματα
315 2354 414 2399 ἑπτά
438 2381 496 2388 --
525 2355 752 2413 περιελθών
777 2359 817 2408 ἐς
835 2359 921 2413 τρὶς
945 2369 1022 2399 etc.
1080 2361 1189 2407 Quae
1220 2373 1346 2412 quum
1373 2362 1428 2398 ita
1454 2362 1534 2398 sint
1543 2391 1554 2410 ,
1585 2375 1669 2400 nou

121 2428 315 2464 assentior
338 2428 433 2464 viris
462 2426 609 2476 doctis,
640 2427 730 2479 qui,
768 2435 814 2465 ut
845 2428 1106 2466 Welandius
1119 2456 1135 2474 ,
1172 2430 1359 2467 libellum
1388 2430 1591 2482 quendam
1618 2429 1670 2468 de

120 2495 270 2545 gloriae
286 2494 502 2546 cupiditate
523 2497 730 2548 scriptum,
750 2497 828 2544 vel,
853 2502 899 2533 ut
924 2496 1184 2542 Sanaclonus,
1206 2499 1331 2535 alium
1353 2498 1555 2550 quendam
1572 2497 1668 2551 plu·-

121 2561 394 2615 losophioum,
425 2565 582 2602 virtutis
608 2563 925 2613 admonitorem,
955 2566 1199 2616 intelligant.
1256 2565 1406 2614 Quodsi
1438 2568 1540 2605 alius
1569 2581 1608 2605 v.
1627 2566 1667 2605 d.

121 2631 162 2667 in
184 2633 416 2669 Zimmerm.
435 2632 610 2684 Paedag.
622 2631 729 2670 Phil.
749 2635 796 2670 L.
814 2635 861 2670 Β.
884 2636 934 2671 Π.
964 2634 1087 2674 1826.
1107 2647 1147 2685 P·
1170 2634 1265 2675 195.
1287 2633 1562 2687 metaphoram
1580 2634 1622 2673 h.
1638 2638 1666 2674 l.

120 2704 166 2735 ut
191 2711 231 2736 v.
254 2697 323 2740 40.
353 2699 617 2753 interruptam
639 2709 678 2739 et
703 2701 837 2738 libello
857 2703 992 2754 ipsum
1013 2702 1138 2738 animi
1154 2702 1406 2741 medicamen
1423 2705 1451 2742 i.
1474 2719 1509 2742 e.
1529 2703 1666 2757 philo—

119 2765 304 2818 sophiam
327 2767 477 2820 (Epod.
501 2769 540 2818 8,
568 2769 651 2817 15.)
673 2769 897 2808 indicatum
918 2769 1110 2818 affirmat,
1140 2771 1244 2809 illud
1264 2771 1427 2825 quidem
1453 2774 1504 2811 ob
1524 2787 1666 2811 exem—

119 2836 186 2887 pla
205 2848 226 2872 a
249 2849 315 2872 me
334 2836 421 2888 ipso
447 2837 489 2874 in
512 2836 652 2876 Jahnii
678 2845 718 2876 et
739 2838 931 2877 Seebodii
951 2837 1115 2876 Archiv.
1136 2840 1259 2881 1833.
1276 2843 1327 2878 ΙΙ.
1352 2855 1393 2894 p.
1416 2840 1511 2882 587.
1542 2844 1667 2880 allata

119 2905 284 2942 minime
302 2907 547 2956 negaverim,
571 2914 611 2944 at
622 2905 731 2945 hunc
751 2908 886 2946 locum
906 2906 1017 2945 aliud
1038 2907 1136 2960 quid
1153 2907 1318 2947 suadere
1337 2911 1479 2963 quovis
1494 2911 1664 2962 pignore

123 2972 407 3011 contenderim.
465 2976 662 3014 Vei-suum
679 2975 750 3016 39.
778 2982 817 3013 et
837 2973 906 3016 40.
933 2977 1052 3028 plane
1074 2977 1154 3015 alia
1173 2984 1232 3017 est
1255 2979 1376 3029 ratio,
1407 2985 1450 3017 ut
1479 2991 1578 3017 mox
1602 2979 1665 3018 vi-
