2054 3268
581 248 723 285 LIBRI
753 249 783 284 1.
842 245 1108 283 EPISTOLA
1139 248 1170 284 Ι.

180 364 344 421 Quodsi
372 376 440 407 me
470 362 654 433 populus
684 363 910 436 Romanus
941 362 1054 431 fortg
1084 366 1243 422 roget,
1280 373 1357 405 cur

1617 241 1670 282 15

1616 359 1671 403 70

177 445 276 491 Non
308 448 354 489 ut
381 442 612 502 porticibus
645 446 708 488 sic
731 444 903 503 Judiciis
933 443 1054 488 fruar
1080 442 1232 502 isdem,

179 526 272 570 Nec
301 537 457 583 sequar
483 528 559 568 aut
587 522 754 583 fugiam
782 538 891 585 quae
914 523 1056 584 diligit
1086 524 1180 583 ipse
1205 522 1277 566 vel
1305 520 1419 580 odit3

109 669 144 703 4.
178 680 269 702 omn.
301 668 407 702 Dess.
438 667 537 714 Lips.
566 668 599 702 1.
625 667 659 702 2.
694 667 794 701 Gott.
822 667 855 700 1.

87 738 90 739 ⁷
110 726 254 761 Mentel.
273 728 408 762 Graev.
437 715 652 763 umssarthii
671 724 781 768 (Adv.
799 724 856 767 37,

111 785 172 828 19)
189 795 264 818 cum
279 784 591 831 interpretatione:
609 783 780 828 informat
794 782 858 816 do-

108 841 226 875 cendo.
259 841 329 875 duo
357 853 417 888 ap.
446 843 591 876 Canter.
619 842 716 875 Nov.
743 841 859 874 Lectt..

108 898 143 940 4,
157 899 212 934 12.
229 899 289 943 qui
305 901 406 944 prob.
426 911 502 934 cum
519 899 678 934 Turneb.
697 897 788 932 Adv.
799 897 857 940 26,

108 957 168 990 26.
200 955 250 989 Η.
267 955 391 1001 steph.
416 957 452 990 in
476 957 589 991 Diatr.
615 969 687 991 sec.
714 968 750 1001 p.
778 955 857 989 127.

110 1013 205 1048 Edd.
239 1013 349 1058 Cruq.
382 1015 501 1048 Burin.
534 1015 614 1048 699.
646 1011 764 1047 Bentl.
796 1009 858 1055 qui

109 1071 276 1116 exemplis
306 1082 378 1105 rem
409 1071 563 1105 illustrat
580 1099 590 1116 ,
647 1071 758 1104 Feae.
791 1067 857 1102 rel.

109 1133 220 1174 optat.
265 1129 335 1163 Ms.
360 1129 471 1162 Goth.
496 1129 599 1162 Gott.
625 1129 660 1163 2.
694 1128 796 1173 Lips.
821 1127 856 1161 3.

106 1185 210 1230 reliq.
252 1185 347 1220 Edd.
372 1186 470 1231 vulg.
498 1186 602 1221 etiam
625 1186 748 1220 Lamb.
772 1183 857 1229 (qui

107 1243 200 1287 def.)
230 1243 319 1278 Dae.
352 1244 476 1289 Camp.
519 1243 658 1284 Quodsi
685 1243 858 1277 Dacerius

107 1300 322 1335 Infinitivum
356 1302 466 1335 verbo
492 1302 642 1346 aptandi
668 1301 859 1335 convenire

108 1361 226 1402 negat,
244 1357 292 1390 nil
310 1357 398 1401 agit.
446 1359 538 1392 Vide
554 1359 682 1394 similia
698 1359 859 1404 exempla

109 1426 132 1448 a
147 1414 324 1449 Schmidio
350 1415 394 1450 ad
421 1415 457 1450 h.
486 1416 512 1450 l.
538 1421 645 1461 atque
661 1415 794 1450 Bachio
813 1414 858 1448 ad

109 1471 218 1507 ovid.
235 1472 322 1507 Met.
341 1474 375 1517 6,
392 1473 474 1508 413.
491 1475 525 1518 7,
544 1476 623 1510 691.
642 1474 762 1508 allata.
796 1472 856 1506 Cf.

107 1528 224 1563 Rudd.
241 1529 290 1564 Π.
308 1541 344 1575 p.
355 1531 438 1566 230.
455 1531 496 1565 In
513 1532 632 1566 verbis
649 1538 762 1566 autem
780 1534 855 1575 apt.

106 1592 143 1621 et
156 1591 229 1631 opt.
247 1587 501 1623 confundendis
517 1590 652 1624 librarii
668 1589 758 1636 lapsi
775 1594 858 1623 sunt

107 1656 164 1690 ap.
175 1644 258 1679 Liv.
271 1645 306 1689 3,
319 1645 375 1687 64,
387 1646 422 1679 9.
435 1646 523 1691 ibiq.
534 1647 646 1680 Drak.
664 1647 723 1680 Cf.
734 1645 854 1680 Burm.

106 1701 152 1735 ad
166 1701 275 1748 Prop.
295 1704 328 1746 1,
348 1703 401 1747 13,
422 1705 476 1739 17.
503 1704 546 1738 ad
562 1704 670 1738 Anth.
688 1704 750 1738 lat.
768 1704 797 1738 Ι.
817 1716 854 1750 p.

104 1759 185 1796 467.
212 1765 304 1794 orat.
331 1760 425 1806 Alqt.
444 1773 526 1796 mss.
544 1761 668 1796 Lamb.
686 1761 853 1806 adaptat.

105 1817 175 1852 Ms.
191 1818 327 1852 Bersm.

151 1875 198 1910 V.
225 1877 283 1911 70.
316 1877 366 1910 At
392 1875 423 1910 εἰ
448 1876 546 1911 Rom.
572 1887 655 1922 pop.
682 1887 749 1911 me.
782 1875 853 1910 Ms.

105 1932 253 1977 Beana,
278 1945 310 1968 c.
341 1953 389 1959 —
421 1939 566 1980 rogaret
582 1934 660 1968 sine
676 1945 749 1968 cur.
781 1934 853 1968 Ms.

105 1990 224 2024 Jaeck.
243 1992 278 2026 5.
309 1995 432 2037 rogat.
464 1992 533 2026 Ms.
559 1992 663 2026 Dess.
684 1994 718 2027 1.
749 1997 854 2038 roget

100 2050 211 2091 sorte.
242 2047 313 2081 ΜΒ.
337 2047 440 2082 Dess.
464 2049 500 2083 2.
533 2067 580 2074 —
610 2054 646 2083 te
667 2061 748 2094 pop.
782 2051 853 2084 Ms.

108 2103 230 2137 Guelf.
255 2103 291 2137 2.
317 2115 338 2137 a
361 2105 395 2138 1.
420 2115 467 2138 m.
499 2124 545 2130 —
576 2106 622 2140 V.
647 2108 705 2142 71.
734 2109 854 2151 fruor.

107 2161 194 2195 Mss.
219 2161 318 2195 Feae
343 2162 384 2204 1,
410 2172 445 2205 q.
477 2162 518 2205 2,
545 2163 571 2196 i.
597 2165 716 2206 ferar.
750 2164 854 2208 Conj.

105 2219 236 2254 Bauer.
271 2218 482 2263 (Animadv.
518 2219 554 2253 in
582 2219 672 2253 Hor.
695 2231 731 2265 p.
757 2221 791 2254 5.
817 2231 854 2253 v.

105 2275 291 2310 schirach.
310 2276 413 2310 Clav.
432 2289 468 2321 p.
491 2276 604 2320 144),
639 2277 789 2323 improb.
810 2277 854 2310 C.

105 2333 148 2366 C.
166 2333 228 2366 W.
245 2332 283 2366 in
309 2332 364 2366 ed.
383 2332 497 2368 Zeun.
517 2335 619 2370 1815.
652 2355 699 2360 —
730 2335 852 2369 isdem.

104 2391 192 2424 Mss.
209 2402 300 2425 omn.
318 2389 430 2425 Pulm.
454 2391 544 2426 Bad.
565 2395 598 2428 1.
624 2392 745 2427 Guelf.
767 2393 798 2425 1.
817 2391 852 2425 3.

103 2448 207 2482 Dess.
226 2450 260 2483 1.
277 2448 312 2483 3.
346 2448 446 2493 Lips.
473 2460 565 2483 omn.
585 2450 697 2484 Goth.
716 2450 852 2483 Graev.

102 2507 247 2541 hisdem.
264 2505 367 2540 Dess.
385 2507 419 2541 2.
437 2507 574 2552 eisdem,
591 2507 727 2542 iisdem.
752 2507 851 2540 Scri-

104 2569 208 2609 ptura
221 2563 364 2598 varians
380 2575 437 2609 ap.
455 2571 541 2608 cet.,
559 2564 621 2609 qui
637 2565 776 2609 quidem
793 2569 850 2598 ta—

103 2622 152 2656 lia
174 2626 312 2656 curant.
341 2621 509 2655 Praefero
526 2622 671 2668 primam
694 2623 850 2665 formam,

102 2690 299 2725 quanquam
325 2679 402 2712 sine
427 2680 545 2725 apice,
572 2686 608 2714 et
625 2680 711 2714 alibi
726 2693 850 2726 reper-

102 2745 186 2772 tam.
218 2749 256 2771 v.
273 2735 430 2771 Broukh.
456 2743 491 2771 et
514 2737 624 2771 Bach.
650 2738 694 2771 ad
713 2737 797 2771 Tib.
817 2740 849 2780 1,

104 2797 158 2838 10,
176 2795 258 2838 (11)
278 2794 333 2828 15.
351 2793 509 2828 Lindem.
527 2795 752 2830 adDonat.I.
765 2796 848 2840 p.7.

103 2859 178 2886 not.
195 2851 254 2886 47.
288 2849 404 2884 Kritz.
432 2851 475 2884 ad
499 2852 587 2887 Sall.
613 2853 695 2886 Cat.
720 2853 786 2895 49,
814 2853 846 2886 1.

103 2910 269 2944 Stiirenb.
298 2907 342 2942 ad
361 2908 438 2942 Cic.
457 2921 511 2954 pr.
529 2910 635 2944 Areh.
653 2922 690 2955 p.
708 2922 745 2956 p.
767 2911 846 2945 117.

100 2967 217 3002 Klotz.
236 2966 280 3001 ad
296 2966 374 3000 Cic.
394 2965 504 3000 Tusc.
520 2966 556 3012 4,
576 2968 629 3013 15,
647 2967 705 3003 34.
739 2968 844 3004 idem.

914 666 1003 701 Mss.
1023 667 1133 711 Cruq.
1151 667 1187 702 7.
1205 667 1241 700 9.
1272 664 1366 710 quod
1390 663 1422 699 ei
1447 675 1516 698 non
1541 663 1665 710 displi-

915 730 983 767 cet,
1010 724 1073 757 sed
1098 723 1258 758 similiter
1284 728 1452 770 peccatur
1478 734 1536 769 ap.
1556 723 1666 757 ovid.

914 780 1001 814 Met.
1022 781 1077 824 12,
1099 782 1176 816 121.

959 837 1007 871 V.
1025 839 1083 874 72.
1111 838 1193 873 Νοπ
1207 849 1346 884 sequar.
1375 837 1446 872 ΜΒ.
1463 837 1562 872 Feae
1578 839 1612 882 7,
1631 849 1667 872 a.

916 896 1037 931 Guelf.
1057 898 1091 931 1.
1114 915 1162 922 —
1183 897 1418 942 autsuga‘am.
1436 896 1524 930 Mss.
1544 895 1666 930 Lamb.

916 955 1027 999 Cruq.
1046 953 1142 988 Pott.
1161 955 1219 997 (ut
1235 954 1394 998 videtur)
1411 953 1522 987 Pulm.
1539 955 1571 988 1.
1585 954 1619 988 2.
1632 951 1666 987 4.

915 1012 950 1047 7.
982 1011 1106 1057 quinq.
1139 1013 1275 1046 Bersm.
1304 1019 1403 1057 quat.
1431 1011 1554 1045 Comb.
1579 1011 1666 1055 alqt.

915 1069 1026 1103 Feae.
1061 1070 1183 1104 Guelf.
1205 1071 1236 1104 1.
1261 1069 1297 1104 2.
1323 1069 1387 1112 (in
1403 1069 1426 1103 2
1442 1080 1535 1103 corr.
1555 1068 1591 1102 in
1609 1070 1667 1111 et)

914 1126 1017 1160 Dess.
1041 1126 1078 1160 2.
1103 1127 1140 1162 3.
1173 1126 1284 1161 Goth.
1319 1127 1420 1161 Gott.
1446 1128 1480 1162 1.
1514 1126 1614 1172 Lips.
1632 1127 1666 1160 2.

915 1184 1051 1219 Graev.
1068 1184 1180 1218 Dorv.
1195 1184 1273 1218 1.2.
1292 1184 1436 1218 Corvei.
1453 1183 1547 1217 Edd.
1564 1183 1666 1229 Lips.

914 1242 995 1277 508.
1016 1243 1072 1277 10.
1092 1242 1149 1278 14.
1166 1241 1404 1276 Erford.517.
1422 1240 1666 1285 Lamb.Cruq.

914 1299 1059 1333 Minois.
1107 1299 1157 1333 H.
1191 1298 1317 1344 Steph.
1366 1299 1500 1334 Bersm.
1550 1299 1666 1333 Chab.

914 1356 1034 1390 Burni.
1052 1356 1134 1391 699.
1167 1355 1303 1400 Βθηῐ1.,
1337 1368 1440 1401 quem
1465 1369 1542 1402 seq.
1571 1357 1665 1403 pqu.

915 1414 1019 1449 etiam
1035 1413 1131 1448 Pott.
1165 1418 1198 1448 et
1213 1414 1376 1460 fugiam.
1411 1415 1498 1449 Mss.
1517 1415 1615 1450 Feae
1633 1417 1665 1459 1,

913 1471 949 1504 d.
968 1482 999 1504 e.
1017 1470 1044 1504 i.
1063 1482 1098 1504 ο.
1130 1471 1165 1514 2,
1184 1482 1218 1505 a.
1236 1473 1271 1506 b.
1291 1484 1322 1505 e.
1340 1473 1381 1516 (a
1399 1475 1432 1508 1.
1450 1473 1514 1516 m.)
1531 1473 1564 1517 5,
1583 1484 1618 1508 a.
1636 1473 1664 1507 f.

913 1527 1025 1562 Pulm.
1045 1529 1101 1563 10.
1131 1528 1265 1563 Bersm.
1284 1540 1343 1563 un.
1363 1530 1486 1564 Oberl.
1505 1531 1549 1564 C.
1572 1530 1663 1565 Bad.

914 1587 947 1621 1.
967 1586 1090 1619 Guelf.
1107 1587 1143 1621 3.
1161 1585 1197 1620 4.
1214 1585 1319 1620 Dess.
1340 1588 1374 1622 1.
1393 1587 1493 1621 Gott.
1507 1587 1543 1622 2.
1561 1587 1664 1633 Lips.

913 1645 946 1677 1.
959 1642 994 1676 3.
1013 1642 1107 1677 Edd.
1126 1647 1214 1676 vett.
1233 1655 1291 1689 ap.
1310 1644 1432 1686 Feam,
1451 1644 1556 1679 etiam
1573 1645 1664 1678 ven.

909 1700 992 1735 486.
1010 1700 1112 1746 Lips.
1130 1702 1211 1736 492.
1238 1701 1350 1735 Loch.
1368 1700 1515 1735 Ascens.
1533 1722 1581 1727 —
1596 1701 1663 1736 Fe.

908 1757 1031 1793 Jaeck.
1056 1757 1162 1792 Jahn.
1192 1758 1350 1792 Schmid.
1381 1760 1543 1795 Hoched.
1572 1760 1662 1794 Mei-

911 1815 991 1850 nek.
1032 1828 1075 1850 ac
1090 1815 1253 1862 fugiam.
1289 1817 1360 1851 Ms.
1379 1816 1492 1851 Pulm.
1510 1818 1545 1853 3.
1565 1817 1665 1852 Feae

912 1876 951 1917 1,
979 1885 1013 1908 a.
1046 1875 1087 1918 2,
1114 1873 1150 1908 d.
1180 1874 1305 1909 Oberl.
1334 1874 1381 1909 D.
1405 1875 1486 1908 cod.
1514 1874 1662 1909 Mentel.

909 1931 1003 1965 Edd.
1033 1937 1122 1966 vett.
1150 1943 1208 1977 ap.
1227 1932 1313 1976 Fe„
1344 1931 1448 1966 etiam
1466 1932 1564 1966 Junt.
1581 1933 1663 1967 514.

909 1990 994 2024 Bas.
1013 1990 1095 2026 517.
1129 1990 1231 2023 Glar.
1249 1990 1331 2026 543.
1365 1990 1476 2024 Pulm.
1503 1988 1662 2034 Xyland.

910 2047 1022 2082 Fabr.
1040 2048 1122 2083 576.
1149 2047 1233 2080 Bas.
1253 2048 1334 2082 580.
1351 2047 1484 2082 Piscat.
1504 2048 1596 2082 Cun.
1615 2047 1662 2080 al.

910 2106 965 2140 De
981 2106 1138 2141 confusis
1155 2105 1282 2152 partic.
1301 2110 1365 2139 aut
1377 2131 1387 2149 ,
1414 2111 1470 2148 et,
1496 2117 1538 2139 ac
1563 2118 1599 2139 v.
1618 2105 1663 2138 ad

910 2161 1031 2207 Epist.
1047 2164 1088 2206 2,
1106 2164 1164 2197 21.
1199 2163 1276 2197 Fea
1292 2161 1336 2196 ad
1354 2162 1425 2196 Od.
1443 2163 1483 2205 3,
1511 2162 1575 2205 24,
1602 2162 1662 2197 26.

909 2220 1027 2254 Bentl.
1054 2220 1097 2253 ad
1122 2220 1200 2254 Sat.
1226 2222 1257 2263 1,
1290 2221 1324 2263 6,
1356 2221 1415 2255 29.
1450 2220 1508 2254 68.
1541 2218 1661 2252 Hand.

910 2277 1022 2311 Turs.
1040 2277 1070 2310 I.
1089 2290 1124 2322 p.
1142 2277 1225 2312 512.
1257 2277 1307 2310 11.
1324 2288 1361 2322 p.
1379 2277 1460 2312 539.
1510 2275 1567 2309 Ne
1582 2275 1662 2319 quis

911 2335 1058 2370 haereat
1079 2335 1118 2368 in
1145 2347 1207 2378 eo,
1234 2333 1328 2379 quod
1344 2333 1544 2367 Hocheder.
1562 2332 1661 2375 dicit,

912 2393 1039 2426 nullam
1064 2403 1139 2435 me,
1174 2392 1243 2426 nisi
1267 2391 1361 2436 quod
1385 2392 1442 2425 vel
1467 2390 1578 2435 magis
1603 2402 1659 2424 re-

909 2449 1101 2494 sponderet
1117 2449 1245 2494 partic.
1263 2449 1345 2493 disj.
1363 2454 1428 2483 aut
1441 2474 1452 2491 ‚
1484 2449 1661 2483 indicasse

910 2518 1049 2541 causam
1062 2534 1071 2551 ,
1101 2519 1164 2541 cur
1179 2512 1242 2541 aut
1259 2507 1501 2552 praeferretur
1516 2517 1595 2540 voc.
1612 2510 1658 2550 et,

909 2565 1166 2599 observandum
1191 2570 1266 2598 est:
1298 2564 1413 2598 solere
1438 2564 1577 2609 poetam
1599 2573 1659 2596 res

907 2621 1067 2656 diversas
1094 2627 1130 2656 et
1145 2621 1294 2667 quodam
1311 2622 1411 2655 modo
1428 2620 1497 2655 sibi
1512 2618 1650 2665 opposi-

907 2686 980 2722 tas,
1016 2691 1108 2724 quae
1131 2686 1249 2714 tamen
1274 2691 1400 2725 reapse
1424 2683 1502 2713 arte
1524 2677 1655 2711 cohae-

904 2744 1018 2780 reant,
1046 2743 1084 2771 ut
1100 2749 1179 2771 voc.
1198 2742 1232 2772 et
1248 2737 1383 2772 admitti
1399 2742 1518 2782 queat,
1542 2735 1635 2781 parti
1649 2757 1655 2760 -

906 2796 985 2829 cula
1004 2800 1065 2830 aut
1081 2795 1302 2840 disjungere,
1333 2800 1372 2829 ut
1395 2795 1501 2828 rebus
1529 2793 1580 2827 ita
1597 2804 1654 2826 se—

904 2852 1038 2898 paratis
1054 2853 1219 2896 majorem
1236 2853 1342 2888 addat
1358 2853 1439 2887 vim.
1480 2851 1563 2885 vid.
1583 2850 1653 2884 Od.

905 2912 938 2952 1,
957 2910 991 2953 6,
1009 2910 1044 2944 3.
1077 2909 1112 2953 3,
1129 2910 1186 2955 25,
1204 2912 1239 2946 2.
1273 2911 1393 2956 Epist.
1421 2910 1455 2954 2,
1473 2909 1532 2945 51.
1565 2911 1599 2953 2,
1619 2911 1653 2951 1,

905 2968 973 3003 180
989 2967 1076 3013 ibiq.
1103 2967 1259 3003 Schmid.
1285 2974 1321 3005 et
1345 2966 1403 3003 ad.
1434 2967 1466 3010 1,
1496 2967 1551 3010 18,
1572 2966 1651 3002 102.
