2054 3268
252 276 299 305 1v
817 261 1213 304 PRAEFATIO.

254 394 482 453 separatim
500 392 622 436 editIs
642 391 812 437 concedi
833 394 966 453 solet,
1002 407 1096 438 eam
1115 394 1295 453 petimus
1316 392 1542 451 damusque
1566 394 1765 437 vicissim.
1817 441 1819 443 .

256 485 366 527 Nam
404 484 510 527 ratio
546 482 670 538 hujus
709 482 908 528 editionis
944 485 1005 528 ita
1038 483 1148 543 fert,
1197 487 1243 528 ut
1270 484 1550 541 unusquisque
1579 487 1768 527 nostrum

257 588 381 618 unam
413 573 483 616 vel
515 572 658 629 plures
693 572 912 630 Epistolas
948 574 991 616 in
1025 574 1192 617 libellos
1229 573 1430 617 collectas
1464 576 1506 616 et
1543 554 1696 616 criticis
1725 578 1769 617 et

257 663 512 722 exegeticis,
558 675 660 717 quos
694 667 871 723 vocant,
917 663 1223 707 commentariis
1259 662 1313 705 ad
1346 675 1472 705 unam
1511 662 1769 720 eandemque

258 753 459 796 rationem
484 751 723 808 compositis
744 751 942 797 illustret.
979 750 1072 799 Sed
1094 766 1201 810 quae
1223 753 1278 796 sit
1297 752 1422 808 hujus
1447 751 1641 795 editionis
1659 752 1769 795 ratio

257 856 307 885 ac
336 841 497 898 forma,
531 840 718 884 breviter
743 841 962 886 dicendum
989 846 1072 886 est.
1141 842 1332 887 Orationi
1353 845 1577 885 contextae
1607 855 1634 884 a
1667 855 1770 885 cor-

259 932 514 990 ruptelarum
544 929 736 974 sordibus
764 946 887 988 quam
915 934 1097 976 maxime
1124 937 1334 992 purgatae
1362 934 1630 990 subjicietur,
1664 931 1771 974 utin

258 1023 337 1066 hoc
357 1022 489 1079 primo
512 1019 712 1064 fasciculo
734 1022 996 1082 estfactum,
1031 1025 1152 1067 varia
1168 1025 1370 1070 librorum
1398 1029 1440 1068 et
1458 1022 1770 1080 manuscripto-

261 1127 350 1157 rum
377 1116 420 1155 ct
446 1111 563 1169 typis
591 1110 895 1171 descriptorum
921 1127 998 1157 suo
1026 1114 1120 1158 loco
1150 1113 1374 1173 dignorum
1395 1115 1617 1171 scriptura.
1685 1110 1772 1168 Ea,

260 1216 364 1261 quae
383 1201 435 1244 ad
457 1202 580 1244 crisin
598 1203 767 1260 proprie
789 1206 1006 1261 spectant,
1040 1203 1219 1246 eundem
1244 1204 1297 1246 ibi
1322 1204 1477 1246 habent
1503 1206 1545 1245 et
1564 1201 1775 1247 habebunt

259 1295 424 1351 locum,
461 1305 566 1349 quae
585 1292 972 1350 interpretationem
997 1293 1132 1350 ipsam
1148 1294 1339 1352 variant,
1373 1292 1444 1335 vel
1472 1291 1774 1334 accuratiorem

261 1384 313 1427 de
333 1395 527 1426 sermone
544 1383 678 1426 latino
699 1382 877 1440 exigunt
896 1383 1197 1441 quaestionem,
1234 1385 1330 1440 post
1348 1382 1523 1425 latinum
1540 1379 1778 1438 exemplum

262 1474 577 1518 exhibebuntur.
623 1470 718 1526 Qua
741 1472 784 1513 in
814 1484 861 1514 re
893 1471 935 1514 id
962 1473 1131 1530 assequi
1159 1471 1397 1530 studemus,
1433 1475 1478 1514 ut
1509 1471 1570 1528 is,
1605 1470 1670 1526 qui
1697 1468 1778 1510 hac

263 1564 446 1608 editione
475 1562 577 1605 velit
613 1562 696 1620 uti,
731 1560 953 1606 historiam
980 1563 1098 1619 quasi
1127 1566 1294 1619 textuS,
1335 1574 1454 1619 quem
1481 1562 1660 1617 vocant,
1694 1572 1778 1602 uno

265 1656 409 1699 obtutu
448 1652 689 1710 perspiciat.
760 1651 808 1693 In
846 1652 1151 1695 commentariis
1182 1651 1285 1710 ipsis
1322 1654 1419 1709 post
1452 1649 1584 1693 verba
1618 1647 1780 1692 Poetae

265 1745 410 1804 positis
437 1744 495 1786 ita
520 1741 805 1799 versabimur,
839 1744 886 1784 ut
909 1754 994 1784 non
1021 1740 1145 1785 modo
1171 1742 1312 1784 varias
1342 1741 1617 1798 interpretum
1642 1739 1779 1781 inter-

265 1834 523 1893 pretationes
553 1843 940 1888 commemoremUS,
966 1843 1114 1874 verum
1140 1831 1267 1874 etiam
1293 1834 1439 1874 nostro
1469 1832 1542 1872 aut
1568 1828 1780 1886 approbe-

266 1938 357 1967 mus
381 1927 451 1966 aut
468 1922 747 1980 improbemus
769 1919 944 1976 Judicio.
981 1919 1105 1974 Quod
1135 1920 1284 1963 attinet
1310 1918 1366 1961 ad
1392 1931 1481 1961 rem
1500 1919 1699 1975 criticam,
1728 1916 1783 1959 ad

267 2027 414 2056 manus
443 2016 539 2055 sunt
570 2015 612 2054 et
639 2009 847 2053 editiones
871 2010 1125 2053 veterrimae
1153 2013 1196 2052 et
1221 2009 1471 2053 collationes
1498 2007 1686 2051 codicum
1711 2011 1786 2050 aut

268 2102 451 2147 nondum
480 2105 553 2144 aut
585 2101 720 2143 minus
749 2103 943 2143 accurate
971 2100 1013 2142 in
1042 2099 1332 2157 Epistolarum
1365 2111 1486 2142 usum
1520 2097 1784 2140 collatorum.

269 2192 413 2236 Meum
448 2192 578 2250 igitur
603 2202 699 2233 esse
728 2189 860 2248 duco,
903 2187 1147 2246 adjumenta
1174 2189 1365 2233 literaria
1393 2192 1518 2245 atque
1545 2184 1783 2244 praesidia,

270 2283 311 2324 in
336 2283 416 2325 hac
444 2282 602 2340 primae
618 2279 845 2337 Epistolae
874 2278 1056 2323 editione
1083 2293 1110 2322 a
1133 2292 1200 2322 me
1227 2277 1412 2321 adhibita
1436 2281 1560 2330 atque
1589 2271 1785 2329 deinceps

274 2372 323 2414 ab
366 2375 538 2428 utroque
585 2369 746 2414 editore
787 2370 817 2411 i.
856 2382 895 2412 e.
941 2382 1009 2412 me
1042 2372 1086 2412 et
1124 2367 1228 2411 Th..
1247 2362 1497 2410 Schmidio
1535 2360 1785 2419 adhibenda,

274 2460 417 2517 paucis
436 2458 687 2502 describere.
725 2458 887 2514 Quodsi
912 2458 981 2501 hic
1006 2458 1091 2500 illic
1116 2457 1307 2501 oratione
1332 2454 1504 2511 longius
1531 2464 1788 2510 progressus

277 2561 373 2590 esse
392 2547 590 2606 videbor,
621 2552 688 2591 est
708 2547 817 2605 quod
835 2559 1026 2606 sperem,
1056 2545 1150 2591 fore
1168 2549 1214 2588 ut
1230 2546 1323 2602 ipsa
1340 2557 1410 2587 res
1430 2542 1621 2585 literaria
1637 2554 1788 2584 acces-

277 2637 461 2681 sionibus
489 2636 726 2693 quibusdam
756 2640 978 2696 augeatur.

409 2721 464 2781 a)
493 2724 677 2768 Primum
705 2727 746 2768 in
773 2739 943 2769 censum
968 2723 1142 2767 veniunt
1172 2727 1272 2765 tres
1299 2721 1359 2764 illi
1391 2718 1579 2762 codices
1602 2716 1790 2760 Dessa-

279 2813 481 2869 vienses,
521 2813 573 2856 de
604 2815 746 2871 quibus
779 2815 964 2859 breviter
999 2811 1195 2871 quidem,
1230 2810 1307 2854 sed
1337 2809 1498 2853 erudite
1534 2809 1576 2850 in
1615 2805 1790 2850 Archiv.

287 2903 484 2948 [Philol.
506 2902 748 2962 mPaedag-
784 2903 902 2961 Lips.
917 2902 1061 2946 1833.
1079 2901 1136 2946 11.
1159 2900 1204 2943 2.
1224 2915 1267 2959 p.
1284 2897 1548 2942 224—226
1568 2895 1795 2955 disputavit
