<?xml version="1.0" encoding="UTF-8"?>
<!DOCTYPE html PUBLIC "-//W3C//DTD XHTML 1.0 Transitional//EN"
    "http://www.w3.org/TR/xhtml1/DTD/xhtml1-transitional.dtd">
<html xmlns="http://www.w3.org/1999/xhtml" xml:lang="en" lang="en">
 <head>
  <title>
</title>
<meta http-equiv="Content-Type" content="text/html;charset=utf-8" />
  <meta name='ocr-system' content='tesseract 3.04.00' />
  <meta name='ocr-capabilities' content='ocr_page ocr_carea ocr_par ocr_line ocrx_word'/>
</head>
<body>
  <div class='ocr_page' id='page_1' title='image "./epistolascomment01horauoft_0029.png"; bbox 0 0 2054 3268; ppageno 0'>
   <div class='ocr_carea' id='block_1_1' title="bbox 630 240 1703 285">
    <p class='ocr_par' dir='ltr' id='par_1_1' title="bbox 630 240 1703 285">
     <span class='ocr_line' id='line_1_1' title="bbox 630 240 1703 285; baseline -0.006 0"><span class='ocrx_word' id='word_1_1' title='bbox 630 246 772 285; x_wconf 84' lang='lat' dir='ltr'>LIBRI</span> <span class='ocrx_word' id='word_1_2' title='bbox 801 247 833 283; x_wconf 90' lang='grc' dir='ltr'><strong>Ι.</strong></span> <span class='ocrx_word' id='word_1_3' title='bbox 890 243 1158 283; x_wconf 83' lang='lat' dir='ltr'><strong>EPISTOLA</strong></span> <span class='ocrx_word' id='word_1_4' title='bbox 1188 245 1220 281; x_wconf 85' lang='grc' dir='ltr'><strong>Ι.</strong></span> <span class='ocrx_word' id='word_1_5' title='bbox 1676 240 1703 280; x_wconf 85' lang='grc'><strong>3</strong></span> 
     </span>
    </p>
   </div>
   <div class='ocr_carea' id='block_1_2' title="bbox 213 359 1703 661">
    <p class='ocr_par' dir='ltr' id='par_1_2' title="bbox 215 359 1703 503">
     <span class='ocr_line' id='line_1_2' title="bbox 218 359 1703 422; baseline -0.001 -14"><span class='ocrx_word' id='word_1_6' title='bbox 218 362 329 420; x_wconf 77' lang='lat' dir='ltr'><strong>Quid</strong></span> <span class='ocrx_word' id='word_1_7' title='bbox 346 377 497 408; x_wconf 82' lang='lat' dir='ltr'><strong>verum</strong></span> <span class='ocrx_word' id='word_1_8' title='bbox 518 367 645 422; x_wconf 86' lang='lat' dir='ltr'><strong>atque</strong></span> <span class='ocrx_word' id='word_1_9' title='bbox 665 362 839 422; x_wconf 65' lang='lat' dir='ltr'><strong>decem,</strong></span> <span class='ocrx_word' id='word_1_10' title='bbox 875 375 978 407; x_wconf 87' lang='lat' dir='ltr'><strong>curo</strong></span> <span class='ocrx_word' id='word_1_11' title='bbox 998 365 1043 406; x_wconf 84' lang='lat' dir='ltr'><strong>et</strong></span> <span class='ocrx_word' id='word_1_12' title='bbox 1062 375 1172 421; x_wconf 83' lang='lat' dir='ltr'><strong>rogo</strong></span> <span class='ocrx_word' id='word_1_13' title='bbox 1195 363 1240 404; x_wconf 85' lang='lat' dir='ltr'><strong>et</strong></span> <span class='ocrx_word' id='word_1_14' title='bbox 1258 360 1395 404; x_wconf 87' lang='lat' dir='ltr'><strong>omnis</strong></span> <span class='ocrx_word' id='word_1_15' title='bbox 1417 361 1458 404; x_wconf 91' lang='lat' dir='ltr'><strong>in</strong></span> <span class='ocrx_word' id='word_1_16' title='bbox 1478 359 1563 406; x_wconf 82' lang='lat' dir='ltr'><strong>hoc</strong></span> <span class='ocrx_word' id='word_1_17' title='bbox 1582 374 1703 418; x_wconf 81' lang='lat' dir='ltr'><strong>sum3</strong></span> 
     </span>
     <span class='ocr_line' id='line_1_3' title="bbox 215 441 1446 503; baseline -0.006 -13"><span class='ocrx_word' id='word_1_18' title='bbox 215 443 371 490; x_wconf 82' lang='lat' dir='ltr'><strong>condo</strong></span> <span class='ocrx_word' id='word_1_19' title='bbox 400 448 443 488; x_wconf 86' lang='lat' dir='ltr'><strong>et</strong></span> <span class='ocrx_word' id='word_1_20' title='bbox 474 458 681 503; x_wconf 88' lang='lat' dir='ltr'><strong>compono</strong></span> <span class='ocrx_word' id='word_1_21' title='bbox 713 454 821 501; x_wconf 85' lang='lat' dir='ltr'><strong>quae</strong></span> <span class='ocrx_word' id='word_1_22' title='bbox 850 453 952 486; x_wconf 88' lang='lat' dir='ltr'><strong>mox</strong></span> <span class='ocrx_word' id='word_1_23' title='bbox 985 441 1239 500; x_wconf 82' lang='lat' dir='ltr'><strong>depromere</strong></span> <span class='ocrx_word' id='word_1_24' title='bbox 1267 441 1446 499; x_wconf 81' lang='lat' dir='ltr'><strong>possim.</strong></span> 
     </span>
    </p>

    <p class='ocr_par' dir='ltr' id='par_1_3' title="bbox 215 520 1481 584">
     <span class='ocr_line' id='line_1_4' title="bbox 215 520 1481 584; baseline -0.001 -16"><span class='ocrx_word' id='word_1_25' title='bbox 215 524 283 568; x_wconf 89' lang='lat' dir='ltr'><strong>Ac</strong></span> <span class='ocrx_word' id='word_1_26' title='bbox 307 537 363 567; x_wconf 89' lang='lat' dir='ltr'><strong>ne</strong></span> <span class='ocrx_word' id='word_1_27' title='bbox 390 523 503 568; x_wconf 79' lang='lat' dir='ltr'><strong>forte</strong></span> <span class='ocrx_word' id='word_1_28' title='bbox 534 537 691 584; x_wconf 75' lang='lat' dir='ltr'><strong>roges,</strong></span> <span class='ocrx_word' id='word_1_29' title='bbox 727 536 808 581; x_wconf 92' lang='lat' dir='ltr'><strong>quo</strong></span> <span class='ocrx_word' id='word_1_30' title='bbox 836 534 906 566; x_wconf 89' lang='lat' dir='ltr'><strong>me</strong></span> <span class='ocrx_word' id='word_1_31' title='bbox 935 520 1068 582; x_wconf 75' lang='lat' dir='ltr'><strong>duce,</strong></span> <span class='ocrx_word' id='word_1_32' title='bbox 1110 535 1191 580; x_wconf 92' lang='lat' dir='ltr'><strong>quo</strong></span> <span class='ocrx_word' id='word_1_33' title='bbox 1219 521 1314 565; x_wconf 83' lang='lat' dir='ltr'><strong>lare</strong></span> <span class='ocrx_word' id='word_1_34' title='bbox 1342 525 1481 567; x_wconf 82' lang='lat' dir='ltr'><strong>tuter:</strong></span> 
     </span>
    </p>

    <p class='ocr_par' dir='ltr' id='par_1_4' title="bbox 213 602 1260 661">
     <span class='ocr_line' id='line_1_5' title="bbox 213 602 1260 661; baseline -0.006 -11"><span class='ocrx_word' id='word_1_35' title='bbox 213 605 386 650; x_wconf 82' lang='lat' dir='ltr'>Nullius</span> <span class='ocrx_word' id='word_1_36' title='bbox 417 603 609 649; x_wconf 83' lang='lat' dir='ltr'><strong>addictus</strong></span> <span class='ocrx_word' id='word_1_37' title='bbox 630 607 783 660; x_wconf 76' lang='lat' dir='ltr'><strong>Jurare</strong></span> <span class='ocrx_word' id='word_1_38' title='bbox 812 603 856 646; x_wconf 92' lang='lat' dir='ltr'><strong>in</strong></span> <span class='ocrx_word' id='word_1_39' title='bbox 881 602 1015 646; x_wconf 83' lang='lat' dir='ltr'><strong>verba</strong></span> <span class='ocrx_word' id='word_1_40' title='bbox 1042 602 1260 661; x_wconf 72' lang='lat' dir='ltr'><strong>magistri,</strong></span> 
     </span>
    </p>
   </div>
   <div class='ocr_carea' id='block_1_3' title="bbox 215 681 1702 744">
    <p class='ocr_par' dir='ltr' id='par_1_5' title="bbox 215 681 1702 744">
     <span class='ocr_line' id='line_1_6' title="bbox 215 681 1702 744; baseline -0.005 -13"><span class='ocrx_word' id='word_1_41' title='bbox 215 685 312 741; x_wconf 77' lang='lat' dir='ltr'><strong>Quo</strong></span> <span class='ocrx_word' id='word_1_42' title='bbox 333 699 402 730; x_wconf 86' lang='lat' dir='ltr'><strong>me</strong></span> <span class='ocrx_word' id='word_1_43' title='bbox 419 697 596 744; x_wconf 86' lang='lat' dir='ltr'><strong>cumque</strong></span> <span class='ocrx_word' id='word_1_44' title='bbox 616 684 727 743; x_wconf 80' lang='lat' dir='ltr'><strong>rapit</strong></span> <span class='ocrx_word' id='word_1_45' title='bbox 743 686 979 743; x_wconf 79' lang='lat' dir='ltr'><strong>tempestas</strong></span> <span class='ocrx_word' id='word_1_46' title='bbox 995 714 1010 743; x_wconf 77' lang='lat'>⁷</span> <span class='ocrx_word' id='word_1_47' title='bbox 1048 681 1226 726; x_wconf 84' lang='lat' dir='ltr'><strong>deferor</strong></span> <span class='ocrx_word' id='word_1_48' title='bbox 1246 682 1422 743; x_wconf 81' lang='lat' dir='ltr'><strong>hospeS.</strong></span> <span class='ocrx_word' id='word_1_49' title='bbox 1650 682 1702 724; x_wconf 83' lang='grc'><strong>1.)</strong></span> 
     </span>
    </p>
   </div>
   <div class='ocr_carea' id='block_1_4' title="bbox 214 761 1230 827">
    <p class='ocr_par' dir='ltr' id='par_1_6' title="bbox 214 761 1230 827">
     <span class='ocr_line' id='line_1_7' title="bbox 214 761 1230 827; baseline -0.007 -15"><span class='ocrx_word' id='word_1_50' title='bbox 214 766 341 812; x_wconf 80' lang='lat' dir='ltr'><strong>Nunc</strong></span> <span class='ocrx_word' id='word_1_51' title='bbox 370 766 502 827; x_wconf 81' lang='lat' dir='ltr'><strong>agilis</strong></span> <span class='ocrx_word' id='word_1_52' title='bbox 530 765 584 810; x_wconf 79' lang='lat' dir='ltr'><strong>{io</strong></span> <span class='ocrx_word' id='word_1_53' title='bbox 616 768 660 810; x_wconf 80' lang='lat' dir='ltr'><strong>et</strong></span> <span class='ocrx_word' id='word_1_54' title='bbox 685 777 841 809; x_wconf 87' lang='lat' dir='ltr'><strong>versor</strong></span> <span class='ocrx_word' id='word_1_55' title='bbox 866 763 1060 808; x_wconf 84' lang='lat' dir='ltr'><strong>civilibus</strong></span> <span class='ocrx_word' id='word_1_56' title='bbox 1086 761 1230 822; x_wconf 73' lang='lat' dir='ltr'><strong>undis,</strong></span> 
     </span>
    </p>
   </div>
   <div class='ocr_carea' id='block_1_5' title="bbox 147 884 894 934">
    <p class='ocr_par' dir='ltr' id='par_1_7' title="bbox 147 884 894 934">
     <span class='ocr_line' id='line_1_8' title="bbox 147 884 894 934; baseline -0.008 -11"><span class='ocrx_word' id='word_1_57' title='bbox 147 900 206 934; x_wconf 79' lang='lat' dir='ltr'><strong>ap.</strong></span> <span class='ocrx_word' id='word_1_58' title='bbox 233 888 367 922; x_wconf 83' lang='lat' dir='ltr'><strong>Bersm.</strong></span> <span class='ocrx_word' id='word_1_59' title='bbox 394 887 465 921; x_wconf 82' lang='lat' dir='ltr'><strong>Ed.</strong></span> <span class='ocrx_word' id='word_1_60' title='bbox 491 885 597 920; x_wconf 87' lang='lat' dir='ltr'><strong>Both.</strong></span> <span class='ocrx_word' id='word_1_61' title='bbox 625 884 698 919; x_wconf 86' lang='lat' dir='ltr'><strong>vid.</strong></span> <span class='ocrx_word' id='word_1_62' title='bbox 724 896 760 918; x_wconf 87' lang='lat' dir='ltr'><strong>v.</strong></span> <span class='ocrx_word' id='word_1_63' title='bbox 786 884 822 919; x_wconf 87' lang='lat'><strong>4.</strong></span> <span class='ocrx_word' id='word_1_64' title='bbox 847 904 894 910; x_wconf 89' lang='lat'><strong>—-</strong></span> 
     </span>
    </p>
   </div>
   <div class='ocr_carea' id='block_1_6' title="bbox 950 882 1707 929">
    <p class='ocr_par' dir='ltr' id='par_1_8' title="bbox 950 882 1707 929">
     <span class='ocr_line' id='line_1_9' title="bbox 950 882 1707 929; baseline -0.003 -11"><span class='ocrx_word' id='word_1_65' title='bbox 950 884 1071 918; x_wconf 91' lang='lat' dir='ltr'><strong>Burm.</strong></span> <span class='ocrx_word' id='word_1_66' title='bbox 1101 882 1146 917; x_wconf 84' lang='lat' dir='ltr'><strong>ad</strong></span> <span class='ocrx_word' id='word_1_67' title='bbox 1170 882 1279 929; x_wconf 88' lang='lat' dir='ltr'><strong>Prop.</strong></span> <span class='ocrx_word' id='word_1_68' title='bbox 1299 883 1333 926; x_wconf 88' lang='grc'><strong>3,</strong></span> <span class='ocrx_word' id='word_1_69' title='bbox 1350 883 1385 927; x_wconf 85' lang='grc'><strong>9,</strong></span> <span class='ocrx_word' id='word_1_70' title='bbox 1402 884 1438 918; x_wconf 86' lang='grc'><strong>2.</strong></span> <span class='ocrx_word' id='word_1_71' title='bbox 1467 902 1514 923; x_wconf 53' lang='grc'><strong>-,</strong></span> <span class='ocrx_word' id='word_1_72' title='bbox 1539 883 1577 917; x_wconf 79' lang='lat' dir='ltr'><strong>in</strong></span> <span class='ocrx_word' id='word_1_73' title='bbox 1599 883 1707 918; x_wconf 82' lang='lat' dir='ltr'><strong>verba</strong></span> 
     </span>
    </p>
   </div>
   <div class='ocr_carea' id='block_1_7' title="bbox 146 940 1704 988">
    <p class='ocr_par' dir='ltr' id='par_1_9' title="bbox 146 940 1704 988">
     <span class='ocr_line' id='line_1_10' title="bbox 146 940 1704 988; baseline -0.004 -8"><span class='ocrx_word' id='word_1_74' title='bbox 146 950 282 988; x_wconf 79' lang='lat' dir='ltr'><strong>cetera,</strong></span> <span class='ocrx_word' id='word_1_75' title='bbox 323 957 393 979; x_wconf 90' lang='lat' dir='ltr'><strong>non</strong></span> <span class='ocrx_word' id='word_1_76' title='bbox 419 949 556 979; x_wconf 81' lang='lat' dir='ltr'><strong>caetera</strong></span> <span class='ocrx_word' id='word_1_77' title='bbox 578 954 659 977; x_wconf 81' lang='lat' dir='ltr'><strong>mss-</strong></span> <span class='ocrx_word' id='word_1_78' title='bbox 687 943 821 986; x_wconf 78' lang='lat' dir='ltr'><strong>nostri3</strong></span> <span class='ocrx_word' id='word_1_79' title='bbox 856 955 893 976; x_wconf 87' lang='lat' dir='ltr'><strong>v.</strong></span> <span class='ocrx_word' id='word_1_80' title='bbox 943 942 1117 985; x_wconf 79' lang='lat' dir='ltr'><strong>jurarem.</strong></span> <span class='ocrx_word' id='word_1_81' title='bbox 1151 940 1221 974; x_wconf 83' lang='lat' dir='ltr'><strong>Ms.</strong></span> <span class='ocrx_word' id='word_1_82' title='bbox 1237 940 1359 974; x_wconf 86' lang='lat' dir='ltr'><strong>Jaeck.</strong></span> <span class='ocrx_word' id='word_1_83' title='bbox 1378 942 1411 975; x_wconf 92' lang='lat'><strong>6.</strong></span> <span class='ocrx_word' id='word_1_84' title='bbox 1430 961 1477 966; x_wconf 90' lang='lat'>—</span> <span class='ocrx_word' id='word_1_85' title='bbox 1499 941 1541 975; x_wconf 91' lang='lat' dir='ltr'><strong>V.</strong></span> <span class='ocrx_word' id='word_1_86' title='bbox 1563 940 1618 976; x_wconf 99' lang='lat'><strong>15.</strong></span> <span class='ocrx_word' id='word_1_87' title='bbox 1644 941 1704 975; x_wconf 79' lang='lat' dir='ltr'><strong>de-</strong></span> 
     </span>
    </p>
   </div>
   <div class='ocr_carea' id='block_1_8' title="bbox 140 1000 899 2950">
    <p class='ocr_par' dir='ltr' id='par_1_10' title="bbox 147 1000 693 1048">
     <span class='ocr_line' id='line_1_11' title="bbox 147 1000 693 1048; baseline -0.004 -11"><span class='ocrx_word' id='word_1_88' title='bbox 147 1004 279 1048; x_wconf 78' lang='lat' dir='ltr'><strong>Wagn.</strong></span> <span class='ocrx_word' id='word_1_89' title='bbox 306 1003 351 1037; x_wconf 88' lang='lat' dir='ltr'><strong>ad</strong></span> <span class='ocrx_word' id='word_1_90' title='bbox 376 1002 478 1046; x_wconf 85' lang='lat' dir='ltr'><strong>Virg.</strong></span> <span class='ocrx_word' id='word_1_91' title='bbox 503 1002 572 1035; x_wconf 86' lang='lat' dir='ltr'><strong>Ge.</strong></span> <span class='ocrx_word' id='word_1_92' title='bbox 596 1000 631 1038; x_wconf 81' lang='lat'><strong>3,</strong></span> <span class='ocrx_word' id='word_1_93' title='bbox 657 1001 693 1036; x_wconf 89' lang='grc'><strong>3.</strong></span> 
     </span>
    </p>

    <p class='ocr_par' dir='ltr' id='par_1_11' title="bbox 140 1057 898 1683">
     <span class='ocr_line' id='line_1_12' title="bbox 193 1057 894 1103; baseline -0.003 -9"><span class='ocrx_word' id='word_1_94' title='bbox 193 1062 239 1096; x_wconf 93' lang='lat' dir='ltr'><strong>V.</strong></span> <span class='ocrx_word' id='word_1_95' title='bbox 273 1062 330 1096; x_wconf 92' lang='grc'><strong>11.</strong></span> <span class='ocrx_word' id='word_1_96' title='bbox 380 1059 481 1103; x_wconf 78' lang='lat' dir='ltr'><strong>Quod</strong></span> <span class='ocrx_word' id='word_1_97' title='bbox 513 1069 646 1092; x_wconf 80' lang='lat' dir='ltr'><strong>verum.</strong></span> <span class='ocrx_word' id='word_1_98' title='bbox 699 1057 788 1093; x_wconf 85' lang='lat' dir='ltr'><strong>Mss.</strong></span> <span class='ocrx_word' id='word_1_99' title='bbox 825 1058 894 1092; x_wconf 85' lang='lat' dir='ltr'><strong>duo</strong></span> 
     </span>
     <span class='ocr_line' id='line_1_13' title="bbox 146 1115 895 1164; baseline -0.001 -11"><span class='ocrx_word' id='word_1_100' title='bbox 146 1119 290 1164; x_wconf 70' lang='lat' dir='ltr'><strong>ap.1·‘e.</strong></span> <span class='ocrx_word' id='word_1_101' title='bbox 338 1117 460 1152; x_wconf 81' lang='lat' dir='ltr'><strong>Guelf.</strong></span> <span class='ocrx_word' id='word_1_102' title='bbox 485 1116 522 1151; x_wconf 88' lang='lat'><strong>4.</strong></span> <span class='ocrx_word' id='word_1_103' title='bbox 569 1115 665 1150; x_wconf 90' lang='lat' dir='ltr'><strong>Edd.</strong></span> <span class='ocrx_word' id='word_1_104' title='bbox 694 1116 785 1150; x_wconf 90' lang='lat' dir='ltr'><strong>Ven.</strong></span> <span class='ocrx_word' id='word_1_105' title='bbox 812 1117 895 1152; x_wconf 86' lang='lat'><strong>479.</strong></span> 
     </span>
     <span class='ocr_line' id='line_1_14' title="bbox 143 1172 895 1212; baseline -0.005 0"><span class='ocrx_word' id='word_1_106' title='bbox 143 1177 205 1212; x_wconf 90' lang='grc'><strong>83.</strong></span> <span class='ocrx_word' id='word_1_107' title='bbox 249 1177 307 1211; x_wconf 89' lang='grc'><strong>86.</strong></span> <span class='ocrx_word' id='word_1_108' title='bbox 362 1175 462 1209; x_wconf 85' lang='lat' dir='ltr'><strong>Flor.</strong></span> <span class='ocrx_word' id='word_1_109' title='bbox 502 1172 586 1209; x_wconf 84' lang='lat'><strong>482.</strong></span> <span class='ocrx_word' id='word_1_110' title='bbox 639 1173 787 1209; x_wconf 87' lang='lat' dir='ltr'><strong>Ascens.</strong></span> <span class='ocrx_word' id='word_1_111' title='bbox 830 1174 895 1209; x_wconf 91' lang='lat' dir='ltr'><strong>IV.</strong></span> 
     </span>
     <span class='ocr_line' id='line_1_15' title="bbox 145 1231 898 1278; baseline -0.003 -10"><span class='ocrx_word' id='word_1_112' title='bbox 145 1233 266 1278; x_wconf 82' lang='lat' dir='ltr'><strong>(Paris</strong></span> <span class='ocrx_word' id='word_1_113' title='bbox 290 1233 390 1277; x_wconf 87' lang='lat'><strong>528).</strong></span> <span class='ocrx_word' id='word_1_114' title='bbox 426 1233 520 1276; x_wconf 74' lang='lat' dir='ltr'><strong>Quid</strong></span> <span class='ocrx_word' id='word_1_115' title='bbox 542 1243 674 1266; x_wconf 80' lang='lat' dir='ltr'><strong>verum.</strong></span> <span class='ocrx_word' id='word_1_116' title='bbox 710 1231 898 1278; x_wconf 85' lang='lat' dir='ltr'><strong>Scriptura</strong></span> 
     </span>
     <span class='ocr_line' id='line_1_16' title="bbox 145 1290 897 1337; baseline -0.004 -11"><span class='ocrx_word' id='word_1_117' title='bbox 145 1292 262 1337; x_wconf 61' lang='lat' dir='ltr'><strong>vulg„</strong></span> <span class='ocrx_word' id='word_1_118' title='bbox 309 1291 408 1324; x_wconf 82' lang='lat' dir='ltr'><strong>cuius</strong></span> <span class='ocrx_word' id='word_1_119' title='bbox 434 1290 604 1324; x_wconf 77' lang='lat' dir='ltr'><strong>rationein</strong></span> <span class='ocrx_word' id='word_1_120' title='bbox 631 1295 667 1323; x_wconf 89' lang='lat' dir='ltr'><strong>et.</strong></span> <span class='ocrx_word' id='word_1_121' title='bbox 690 1301 789 1324; x_wconf 88' lang='lat' dir='ltr'><strong>usum</strong></span> <span class='ocrx_word' id='word_1_122' title='bbox 816 1297 897 1335; x_wconf 85' lang='lat' dir='ltr'><strong>pete</strong></span> 
     </span>
     <span class='ocr_line' id='line_1_17' title="bbox 145 1347 898 1393; baseline -0.001 -10"><span class='ocrx_word' id='word_1_123' title='bbox 145 1351 190 1383; x_wconf 80' lang='lat' dir='ltr'><strong>ab</strong></span> <span class='ocrx_word' id='word_1_124' title='bbox 216 1348 351 1382; x_wconf 90' lang='lat' dir='ltr'><strong>Ochsn.</strong></span> <span class='ocrx_word' id='word_1_125' title='bbox 379 1347 423 1382; x_wconf 84' lang='lat' dir='ltr'><strong>ad</strong></span> <span class='ocrx_word' id='word_1_126' title='bbox 447 1348 526 1382; x_wconf 84' lang='lat' dir='ltr'><strong>Cic.</strong></span> <span class='ocrx_word' id='word_1_127' title='bbox 551 1348 678 1392; x_wconf 76' lang='lat' dir='ltr'><strong>Eclog.</strong></span> <span class='ocrx_word' id='word_1_128' title='bbox 705 1361 742 1393; x_wconf 89' lang='lat' dir='ltr'><strong>p.</strong></span> <span class='ocrx_word' id='word_1_129' title='bbox 770 1347 833 1383; x_wconf 83' lang='lat'><strong>141</strong></span> <span class='ocrx_word' id='word_1_130' title='bbox 861 1354 898 1382; x_wconf 85' lang='lat' dir='ltr'><strong>et</strong></span> 
     </span>
     <span class='ocr_line' id='line_1_18' title="bbox 145 1405 893 1451; baseline -0.003 -10"><span class='ocrx_word' id='word_1_131' title='bbox 145 1406 290 1441; x_wconf 85' lang='lat' dir='ltr'><strong>Ramsh.</strong></span> <span class='ocrx_word' id='word_1_132' title='bbox 316 1407 382 1440; x_wconf 88' lang='lat' dir='ltr'><strong>Gr.</strong></span> <span class='ocrx_word' id='word_1_133' title='bbox 406 1406 469 1440; x_wconf 86' lang='lat' dir='ltr'><strong>lat.</strong></span> <span class='ocrx_word' id='word_1_134' title='bbox 496 1408 517 1448; x_wconf 75' lang='lat' dir='ltr'>S</span> <span class='ocrx_word' id='word_1_135' title='bbox 546 1406 613 1441; x_wconf 88' lang='grc'><strong>160</strong></span> <span class='ocrx_word' id='word_1_136' title='bbox 637 1419 674 1451; x_wconf 89' lang='lat' dir='ltr'><strong>p.</strong></span> <span class='ocrx_word' id='word_1_137' title='bbox 691 1405 761 1440; x_wconf 85' lang='lat'><strong>366</strong></span> <span class='ocrx_word' id='word_1_138' title='bbox 785 1405 840 1439; x_wconf 87' lang='lat' dir='ltr'><strong>ed.</strong></span> <span class='ocrx_word' id='word_1_139' title='bbox 860 1406 893 1440; x_wconf 94' lang='lat'><strong>1.</strong></span> 
     </span>
     <span class='ocr_line' id='line_1_19' title="bbox 145 1463 895 1506; baseline 0 -9"><span class='ocrx_word' id='word_1_140' title='bbox 145 1484 192 1490; x_wconf 91' lang='lat'>—</span> <span class='ocrx_word' id='word_1_141' title='bbox 216 1465 263 1498; x_wconf 91' lang='lat' dir='ltr'><strong>V.</strong></span> <span class='ocrx_word' id='word_1_142' title='bbox 292 1466 348 1500; x_wconf 86' lang='lat'><strong>12.</strong></span> <span class='ocrx_word' id='word_1_143' title='bbox 382 1463 495 1499; x_wconf 84' lang='lat' dir='ltr'><strong>Cudo.</strong></span> <span class='ocrx_word' id='word_1_144' title='bbox 523 1464 593 1498; x_wconf 82' lang='lat' dir='ltr'><strong>Ms.</strong></span> <span class='ocrx_word' id='word_1_145' title='bbox 618 1463 716 1496; x_wconf 84' lang='lat' dir='ltr'><strong>Feae</strong></span> <span class='ocrx_word' id='word_1_146' title='bbox 739 1464 774 1506; x_wconf 86' lang='grc'><strong>7,</strong></span> <span class='ocrx_word' id='word_1_147' title='bbox 801 1475 895 1497; x_wconf 85' lang='lat' dir='ltr'><strong>a.—</strong></span> 
     </span>
     <span class='ocr_line' id='line_1_20' title="bbox 143 1521 894 1567; baseline -0.003 -10"><span class='ocrx_word' id='word_1_148' title='bbox 143 1534 309 1567; x_wconf 78' lang='lat' dir='ltr'><strong>wnpono.</strong></span> <span class='ocrx_word' id='word_1_149' title='bbox 338 1522 400 1556; x_wconf 89' lang='lat' dir='ltr'><strong>Sic</strong></span> <span class='ocrx_word' id='word_1_150' title='bbox 417 1534 500 1556; x_wconf 89' lang='lat' dir='ltr'><strong>mss.</strong></span> <span class='ocrx_word' id='word_1_151' title='bbox 513 1521 616 1555; x_wconf 84' lang='lat' dir='ltr'><strong>Dess.</strong></span> <span class='ocrx_word' id='word_1_152' title='bbox 631 1522 708 1556; x_wconf 88' lang='lat'><strong>1.2.</strong></span> <span class='ocrx_word' id='word_1_153' title='bbox 725 1540 773 1546; x_wconf 97' lang='lat'><strong>—</strong></span> <span class='ocrx_word' id='word_1_154' title='bbox 788 1521 894 1566; x_wconf 84' lang='lat' dir='ltr'><strong>depo-</strong></span> 
     </span>
     <span class='ocr_line' id='line_1_21' title="bbox 142 1577 895 1623; baseline -0.001 -9"><span class='ocrx_word' id='word_1_155' title='bbox 142 1591 236 1614; x_wconf 76' lang='lat' dir='ltr'><strong>nere.</strong></span> <span class='ocrx_word' id='word_1_156' title='bbox 262 1579 336 1614; x_wconf 85' lang='lat' dir='ltr'><strong>Ed.</strong></span> <span class='ocrx_word' id='word_1_157' title='bbox 353 1580 399 1614; x_wconf 86' lang='lat' dir='ltr'><strong>de</strong></span> <span class='ocrx_word' id='word_1_158' title='bbox 414 1579 556 1613; x_wconf 80' lang='lat' dir='ltr'><strong>Maron.</strong></span> <span class='ocrx_word' id='word_1_159' title='bbox 577 1577 712 1622; x_wconf 81' lang='lat' dir='ltr'><strong>(Paris.</strong></span> <span class='ocrx_word' id='word_1_160' title='bbox 730 1579 829 1623; x_wconf 87' lang='lat'><strong>660).</strong></span> <span class='ocrx_word' id='word_1_161' title='bbox 848 1598 895 1604; x_wconf 89' lang='lat'><strong>·—</strong></span> 
     </span>
     <span class='ocr_line' id='line_1_22' title="bbox 140 1636 840 1683; baseline 0 -12"><span class='ocrx_word' id='word_1_162' title='bbox 140 1644 292 1683; x_wconf 67' lang='lat' dir='ltr'><strong>possim.</strong></span> <span class='ocrx_word' id='word_1_163' title='bbox 318 1637 388 1672; x_wconf 84' lang='lat' dir='ltr'><strong>Ms.</strong></span> <span class='ocrx_word' id='word_1_164' title='bbox 410 1648 469 1671; x_wconf 91' lang='lat' dir='ltr'><strong>un.</strong></span> <span class='ocrx_word' id='word_1_165' title='bbox 497 1648 554 1683; x_wconf 85' lang='lat' dir='ltr'><strong>ap.</strong></span> <span class='ocrx_word' id='word_1_166' title='bbox 582 1636 649 1670; x_wconf 79' lang='lat' dir='ltr'><strong>Fe.</strong></span> <span class='ocrx_word' id='word_1_167' title='bbox 668 1642 704 1670; x_wconf 83' lang='lat' dir='ltr'><strong>et</strong></span> <span class='ocrx_word' id='word_1_168' title='bbox 717 1636 840 1671; x_wconf 88' lang='lat' dir='ltr'><strong>Jaeck.</strong></span> 
     </span>
    </p>

    <p class='ocr_par' dir='ltr' id='par_1_12' title="bbox 142 1694 899 2432">
     <span class='ocr_line' id='line_1_23' title="bbox 189 1694 893 1740; baseline 0.001 -12"><span class='ocrx_word' id='word_1_169' title='bbox 189 1695 236 1730; x_wconf 93' lang='lat' dir='ltr'><strong>V.</strong></span> <span class='ocrx_word' id='word_1_170' title='bbox 262 1694 318 1730; x_wconf 88' lang='grc'><strong>13.</strong></span> <span class='ocrx_word' id='word_1_171' title='bbox 366 1695 433 1730; x_wconf 83' lang='lat' dir='ltr'><strong>Ast</strong></span> <span class='ocrx_word' id='word_1_172' title='bbox 456 1706 514 1729; x_wconf 79' lang='lat' dir='ltr'><strong>ne.</strong></span> <span class='ocrx_word' id='word_1_173' title='bbox 562 1694 632 1728; x_wconf 83' lang='lat' dir='ltr'><strong>Ms.</strong></span> <span class='ocrx_word' id='word_1_174' title='bbox 658 1705 718 1728; x_wconf 92' lang='lat' dir='ltr'><strong>un.</strong></span> <span class='ocrx_word' id='word_1_175' title='bbox 742 1706 801 1740; x_wconf 87' lang='lat' dir='ltr'><strong>ap.</strong></span> <span class='ocrx_word' id='word_1_176' title='bbox 826 1694 893 1729; x_wconf 89' lang='lat' dir='ltr'><strong>Fe.</strong></span> 
     </span>
     <span class='ocr_line' id='line_1_24' title="bbox 143 1752 893 1799; baseline -0.001 -12"><span class='ocrx_word' id='word_1_177' title='bbox 143 1758 180 1787; x_wconf 83' lang='lat' dir='ltr'><strong>et</strong></span> <span class='ocrx_word' id='word_1_178' title='bbox 209 1752 331 1787; x_wconf 80' lang='lat' dir='ltr'><strong>Jaeck.</strong></span> <span class='ocrx_word' id='word_1_179' title='bbox 378 1753 439 1788; x_wconf 83' lang='lat' dir='ltr'><strong>At.</strong></span> <span class='ocrx_word' id='word_1_180' title='bbox 487 1753 557 1787; x_wconf 83' lang='lat' dir='ltr'><strong>Ms.</strong></span> <span class='ocrx_word' id='word_1_181' title='bbox 594 1764 654 1787; x_wconf 90' lang='lat' dir='ltr'><strong>un.</strong></span> <span class='ocrx_word' id='word_1_182' title='bbox 689 1765 747 1799; x_wconf 78' lang='lat' dir='ltr'><strong>ap.</strong></span> <span class='ocrx_word' id='word_1_183' title='bbox 787 1753 893 1787; x_wconf 83' lang='lat' dir='ltr'><strong>eund.</strong></span> 
     </span>
     <span class='ocr_line' id='line_1_25' title="bbox 143 1810 896 1857; baseline 0 -12"><span class='ocrx_word' id='word_1_184' title='bbox 143 1811 246 1845; x_wconf 77' lang='lat' dir='ltr'><strong>Gott.</strong></span> <span class='ocrx_word' id='word_1_185' title='bbox 272 1810 308 1845; x_wconf 89' lang='lat'><strong>2.</strong></span> <span class='ocrx_word' id='word_1_186' title='bbox 349 1810 451 1857; x_wconf 76' lang='lat' dir='ltr'><strong>Lips.</strong></span> <span class='ocrx_word' id='word_1_187' title='bbox 477 1812 514 1846; x_wconf 94' lang='lat'><strong>2.</strong></span> <span class='ocrx_word' id='word_1_188' title='bbox 573 1810 762 1844; x_wconf 84' lang='lat' dir='ltr'><strong>Formulae</strong></span> <span class='ocrx_word' id='word_1_189' title='bbox 787 1822 830 1845; x_wconf 86' lang='lat' dir='ltr'><strong>ac</strong></span> <span class='ocrx_word' id='word_1_190' title='bbox 852 1821 896 1845; x_wconf 76' lang='lat' dir='ltr'><strong>ue</strong></span> 
     </span>
     <span class='ocr_line' id='line_1_26' title="bbox 142 1868 894 1914; baseline 0 -12"><span class='ocrx_word' id='word_1_191' title='bbox 142 1869 400 1903; x_wconf 84' lang='lat' dir='ltr'><strong>adversativam</strong></span> <span class='ocrx_word' id='word_1_192' title='bbox 425 1868 598 1914; x_wconf 83' lang='lat' dir='ltr'><strong>quandam</strong></span> <span class='ocrx_word' id='word_1_193' title='bbox 622 1868 693 1902; x_wconf 81' lang='lat' dir='ltr'><strong>vim</strong></span> <span class='ocrx_word' id='word_1_194' title='bbox 721 1868 894 1914; x_wconf 83' lang='lat' dir='ltr'><strong>copulati-</strong></span> 
     </span>
     <span class='ocr_line' id='line_1_27' title="bbox 143 1926 896 1973; baseline 0 -13"><span class='ocrx_word' id='word_1_195' title='bbox 143 1937 212 1960; x_wconf 78' lang='lat' dir='ltr'><strong>vae</strong></span> <span class='ocrx_word' id='word_1_196' title='bbox 247 1926 428 1971; x_wconf 80' lang='lat' dir='ltr'><strong>jungentis</strong></span> <span class='ocrx_word' id='word_1_197' title='bbox 478 1926 638 1973; x_wconf 85' lang='lat' dir='ltr'><strong>exempla</strong></span> <span class='ocrx_word' id='word_1_198' title='bbox 678 1926 896 1971; x_wconf 83' lang='lat' dir='ltr'><strong>collegerunt</strong></span> 
     </span>
     <span class='ocr_line' id='line_1_28' title="bbox 143 1983 893 2028; baseline -0.003 -10"><span class='ocrx_word' id='word_1_199' title='bbox 143 1983 324 2028; x_wconf 74' lang='lat' dir='ltr'><strong>Bentlejus</strong></span> <span class='ocrx_word' id='word_1_200' title='bbox 357 1984 402 2018; x_wconf 88' lang='lat' dir='ltr'><strong>ad</strong></span> <span class='ocrx_word' id='word_1_201' title='bbox 428 1984 500 2018; x_wconf 93' lang='lat' dir='ltr'><strong>Od.</strong></span> <span class='ocrx_word' id='word_1_202' title='bbox 529 1986 567 2027; x_wconf 88' lang='lat'><strong>1,</strong></span> <span class='ocrx_word' id='word_1_203' title='bbox 595 1986 659 2028; x_wconf 86' lang='lat'><strong>18,</strong></span> <span class='ocrx_word' id='word_1_204' title='bbox 684 1984 720 2019; x_wconf 98' lang='grc'><strong>7.</strong></span> <span class='ocrx_word' id='word_1_205' title='bbox 760 1990 797 2017; x_wconf 84' lang='lat' dir='ltr'><strong>et</strong></span> <span class='ocrx_word' id='word_1_206' title='bbox 820 1984 893 2017; x_wconf 88' lang='lat' dir='ltr'><strong>Cu-</strong></span> 
     </span>
     <span class='ocr_line' id='line_1_29' title="bbox 145 2041 895 2086; baseline 0.001 -12"><span class='ocrx_word' id='word_1_207' title='bbox 145 2041 341 2086; x_wconf 81' lang='lat' dir='ltr'><strong>ningamius</strong></span> <span class='ocrx_word' id='word_1_208' title='bbox 358 2041 396 2075; x_wconf 88' lang='lat' dir='ltr'><strong>in</strong></span> <span class='ocrx_word' id='word_1_209' title='bbox 410 2041 597 2076; x_wconf 84' lang='lat' dir='ltr'><strong>Animadv.</strong></span> <span class='ocrx_word' id='word_1_210' title='bbox 614 2042 652 2076; x_wconf 88' lang='lat' dir='ltr'><strong>in</strong></span> <span class='ocrx_word' id='word_1_211' title='bbox 667 2041 758 2076; x_wconf 87' lang='lat' dir='ltr'><strong>Hor.</strong></span> <span class='ocrx_word' id='word_1_212' title='bbox 776 2041 895 2075; x_wconf 86' lang='lat' dir='ltr'><strong>Bentl.</strong></span> 
     </span>
     <span class='ocr_line' id='line_1_30' title="bbox 146 2096 894 2144; baseline 0 -12"><span class='ocrx_word' id='word_1_213' title='bbox 146 2110 183 2144; x_wconf 86' lang='lat' dir='ltr'><strong>p.</strong></span> <span class='ocrx_word' id='word_1_214' title='bbox 209 2098 291 2133; x_wconf 86' lang='lat'><strong>217.</strong></span> <span class='ocrx_word' id='word_1_215' title='bbox 319 2098 378 2132; x_wconf 87' lang='lat' dir='ltr'><strong>Cf.</strong></span> <span class='ocrx_word' id='word_1_216' title='bbox 404 2098 522 2133; x_wconf 84' lang='lat' dir='ltr'><strong>Hand.</strong></span> <span class='ocrx_word' id='word_1_217' title='bbox 550 2099 660 2133; x_wconf 88' lang='lat' dir='ltr'><strong>Turs.</strong></span> <span class='ocrx_word' id='word_1_218' title='bbox 690 2100 724 2134; x_wconf 90' lang='lat'><strong>1.</strong></span> <span class='ocrx_word' id='word_1_219' title='bbox 753 2111 790 2144; x_wconf 90' lang='lat' dir='ltr'><strong>p.</strong></span> <span class='ocrx_word' id='word_1_220' title='bbox 813 2096 894 2133; x_wconf 86' lang='lat'><strong>494.</strong></span> 
     </span>
     <span class='ocr_line' id='line_1_31' title="bbox 145 2155 896 2191; baseline 0.001 -3"><span class='ocrx_word' id='word_1_221' title='bbox 145 2175 193 2181; x_wconf 91' lang='lat'>—</span> <span class='ocrx_word' id='word_1_222' title='bbox 216 2155 323 2190; x_wconf 82' lang='lat' dir='ltr'><strong>Lare.</strong></span> <span class='ocrx_word' id='word_1_223' title='bbox 364 2155 427 2189; x_wconf 90' lang='lat' dir='ltr'><strong>Sic</strong></span> <span class='ocrx_word' id='word_1_224' title='bbox 453 2155 613 2190; x_wconf 86' lang='lat' dir='ltr'><strong>scribunt</strong></span> <span class='ocrx_word' id='word_1_225' title='bbox 636 2155 758 2191; x_wconf 87' lang='lat' dir='ltr'><strong>Lamb.</strong></span> <span class='ocrx_word' id='word_1_226' title='bbox 786 2155 896 2189; x_wconf 82' lang='lat' dir='ltr'><strong>Torr.</strong></span> 
     </span>
     <span class='ocr_line' id='line_1_32' title="bbox 145 2212 897 2256; baseline -0.003 -9"><span class='ocrx_word' id='word_1_227' title='bbox 145 2213 237 2247; x_wconf 90' lang='lat' dir='ltr'><strong>Cun.</strong></span> <span class='ocrx_word' id='word_1_228' title='bbox 271 2213 353 2246; x_wconf 83' lang='lat' dir='ltr'><strong>Jon.</strong></span> <span class='ocrx_word' id='word_1_229' title='bbox 390 2213 514 2247; x_wconf 88' lang='lat' dir='ltr'><strong>Oberl.</strong></span> <span class='ocrx_word' id='word_1_230' title='bbox 552 2212 647 2247; x_wconf 80' lang='lat' dir='ltr'><strong>Pott.</strong></span> <span class='ocrx_word' id='word_1_231' title='bbox 676 2213 746 2254; x_wconf 86' lang='lat' dir='ltr'><strong>al.;</strong></span> <span class='ocrx_word' id='word_1_232' title='bbox 786 2218 897 2256; x_wconf 83' lang='lat' dir='ltr'><strong>recte,</strong></span> 
     </span>
     <span class='ocr_line' id='line_1_33' title="bbox 145 2270 897 2317; baseline -0.001 -13"><span class='ocrx_word' id='word_1_233' title='bbox 145 2270 214 2304; x_wconf 82' lang='lat' dir='ltr'><strong>nisi</strong></span> <span class='ocrx_word' id='word_1_234' title='bbox 247 2281 371 2304; x_wconf 86' lang='lat' dir='ltr'><strong>nomen</strong></span> <span class='ocrx_word' id='word_1_235' title='bbox 397 2270 579 2317; x_wconf 86' lang='lat' dir='ltr'><strong>proprium</strong></span> <span class='ocrx_word' id='word_1_236' title='bbox 606 2271 682 2304; x_wconf 85' lang='lat' dir='ltr'><strong>fere</strong></span> <span class='ocrx_word' id='word_1_237' title='bbox 709 2271 746 2305; x_wconf 89' lang='lat' dir='ltr'><strong>in</strong></span> <span class='ocrx_word' id='word_1_238' title='bbox 774 2270 897 2316; x_wconf 81' lang='lat' dir='ltr'><strong>appel-</strong></span> 
     </span>
     <span class='ocr_line' id='line_1_34' title="bbox 143 2327 899 2376; baseline 0 -14"><span class='ocrx_word' id='word_1_239' title='bbox 143 2328 290 2362; x_wconf 81' lang='lat' dir='ltr'><strong>lativum</strong></span> <span class='ocrx_word' id='word_1_240' title='bbox 307 2327 468 2362; x_wconf 79' lang='lat' dir='ltr'><strong>abiisset.</strong></span> <span class='ocrx_word' id='word_1_241' title='bbox 505 2329 678 2376; x_wconf 82' lang='lat' dir='ltr'><strong>Exempla</strong></span> <span class='ocrx_word' id='word_1_242' title='bbox 693 2328 899 2374; x_wconf 78' lang='lat' dir='ltr'><strong>suppeditat</strong></span> 
     </span>
     <span class='ocr_line' id='line_1_35' title="bbox 145 2386 864 2432; baseline -0.001 -12"><span class='ocrx_word' id='word_1_243' title='bbox 145 2386 202 2420; x_wconf 85' lang='lat' dir='ltr'><strong>ed.</strong></span> <span class='ocrx_word' id='word_1_244' title='bbox 222 2388 256 2422; x_wconf 90' lang='grc'><strong>1.</strong></span> <span class='ocrx_word' id='word_1_245' title='bbox 274 2398 312 2432; x_wconf 91' lang='grc' dir='ltr'><strong>Ρ.</strong></span> <span class='ocrx_word' id='word_1_246' title='bbox 332 2387 388 2421; x_wconf 87' lang='grc'><strong>16.</strong></span> <span class='ocrx_word' id='word_1_247' title='bbox 407 2405 455 2411; x_wconf 90' lang='lat'><em>—</em></span> <span class='ocrx_word' id='word_1_248' title='bbox 470 2386 591 2421; x_wconf 80' lang='lat' dir='ltr'><strong>tuiter.</strong></span> <span class='ocrx_word' id='word_1_249' title='bbox 619 2387 690 2420; x_wconf 66' lang='grc' dir='ltr'><strong>ΜΒ.</strong></span> <span class='ocrx_word' id='word_1_250' title='bbox 709 2386 811 2419; x_wconf 87' lang='lat' dir='ltr'><strong>Gott.</strong></span> <span class='ocrx_word' id='word_1_251' title='bbox 831 2387 864 2420; x_wconf 93' lang='lat'><strong>1.</strong></span> 
     </span>
    </p>

    <p class='ocr_par' dir='ltr' id='par_1_13' title="bbox 142 2442 896 2950">
     <span class='ocr_line' id='line_1_36' title="bbox 188 2442 896 2478; baseline 0.001 -2"><span class='ocrx_word' id='word_1_252' title='bbox 188 2443 237 2478; x_wconf 87' lang='lat' dir='ltr'><strong>V.</strong></span> <span class='ocrx_word' id='word_1_253' title='bbox 256 2444 312 2478; x_wconf 85' lang='lat'><strong>14.</strong></span> <span class='ocrx_word' id='word_1_254' title='bbox 337 2442 419 2477; x_wconf 87' lang='lat' dir='ltr'><strong>Non</strong></span> <span class='ocrx_word' id='word_1_255' title='bbox 435 2443 556 2478; x_wconf 78' lang='lat' dir='ltr'><strong>ullius.</strong></span> <span class='ocrx_word' id='word_1_256' title='bbox 582 2443 652 2478; x_wconf 88' lang='lat' dir='ltr'><strong>Ms.</strong></span> <span class='ocrx_word' id='word_1_257' title='bbox 671 2444 794 2478; x_wconf 87' lang='lat' dir='ltr'><strong>Guelf.</strong></span> <span class='ocrx_word' id='word_1_258' title='bbox 811 2443 896 2478; x_wconf 86' lang='lat'><strong>3.—</strong></span> 
     </span>
     <span class='ocr_line' id='line_1_37' title="bbox 142 2500 893 2545; baseline 0 -10"><span class='ocrx_word' id='word_1_259' title='bbox 142 2500 326 2535; x_wconf 74' lang='lat' dir='ltr'><strong>adductus.</strong></span> <span class='ocrx_word' id='word_1_260' title='bbox 374 2500 464 2535; x_wconf 84' lang='lat' dir='ltr'><strong>Mss.</strong></span> <span class='ocrx_word' id='word_1_261' title='bbox 491 2501 589 2535; x_wconf 85' lang='lat' dir='ltr'><strong>Feae</strong></span> <span class='ocrx_word' id='word_1_262' title='bbox 614 2503 647 2545; x_wconf 89' lang='lat'><strong>1,</strong></span> <span class='ocrx_word' id='word_1_263' title='bbox 676 2514 708 2536; x_wconf 91' lang='lat' dir='ltr'><strong>c.</strong></span> <span class='ocrx_word' id='word_1_264' title='bbox 735 2504 770 2545; x_wconf 74' lang='grc'><strong>2,</strong></span> <span class='ocrx_word' id='word_1_265' title='bbox 797 2503 832 2536; x_wconf 92' lang='lat' dir='ltr'><strong>b.</strong></span> <span class='ocrx_word' id='word_1_266' title='bbox 861 2513 893 2535; x_wconf 90' lang='lat' dir='ltr'><strong>e.</strong></span> 
     </span>
     <span class='ocr_line' id='line_1_38' title="bbox 143 2559 894 2605; baseline -0.001 -12"><span class='ocrx_word' id='word_1_267' title='bbox 143 2571 204 2593; x_wconf 89' lang='lat' dir='ltr'><strong>un.</strong></span> <span class='ocrx_word' id='word_1_268' title='bbox 228 2570 286 2604; x_wconf 82' lang='lat' dir='ltr'><strong>ap.</strong></span> <span class='ocrx_word' id='word_1_269' title='bbox 314 2559 438 2593; x_wconf 87' lang='lat' dir='ltr'><strong>Comb.</strong></span> <span class='ocrx_word' id='word_1_270' title='bbox 465 2559 509 2593; x_wconf 87' lang='lat' dir='ltr'><strong>C.</strong></span> <span class='ocrx_word' id='word_1_271' title='bbox 557 2559 715 2594; x_wconf 87' lang='lat' dir='ltr'><strong>Eandem</strong></span> <span class='ocrx_word' id='word_1_272' title='bbox 739 2559 894 2605; x_wconf 87' lang='lat' dir='ltr'><strong>scriptu-</strong></span> 
     </span>
     <span class='ocr_line' id='line_1_39' title="bbox 143 2616 894 2664; baseline 0 -14"><span class='ocrx_word' id='word_1_273' title='bbox 143 2628 216 2650; x_wconf 87' lang='lat' dir='ltr'><strong>ram</strong></span> <span class='ocrx_word' id='word_1_274' title='bbox 240 2616 278 2650; x_wconf 86' lang='lat' dir='ltr'><strong>in</strong></span> <span class='ocrx_word' id='word_1_275' title='bbox 303 2616 382 2650; x_wconf 86' lang='lat' dir='ltr'><strong>aliis</strong></span> <span class='ocrx_word' id='word_1_276' title='bbox 403 2616 521 2652; x_wconf 81' lang='lat' dir='ltr'><strong>multis</strong></span> <span class='ocrx_word' id='word_1_277' title='bbox 546 2618 662 2664; x_wconf 86' lang='lat' dir='ltr'><strong>iisque</strong></span> <span class='ocrx_word' id='word_1_278' title='bbox 689 2622 822 2652; x_wconf 86' lang='lat' dir='ltr'><strong>veterr.</strong></span> <span class='ocrx_word' id='word_1_279' title='bbox 849 2617 894 2650; x_wconf 92' lang='lat' dir='ltr'><strong>li-</strong></span> 
     </span>
     <span class='ocr_line' id='line_1_40' title="bbox 143 2674 894 2722; baseline 0.001 -14"><span class='ocrx_word' id='word_1_280' title='bbox 143 2674 218 2709; x_wconf 88' lang='lat' dir='ltr'><strong>bris</strong></span> <span class='ocrx_word' id='word_1_281' title='bbox 247 2685 333 2709; x_wconf 75' lang='lat' dir='ltr'><strong>mss,</strong></span> <span class='ocrx_word' id='word_1_282' title='bbox 366 2686 443 2709; x_wconf 88' lang='lat' dir='ltr'><strong>cum</strong></span> <span class='ocrx_word' id='word_1_283' title='bbox 467 2675 760 2722; x_wconf 77' lang='lat' dir='ltr'><strong>interpretatione</strong></span> <span class='ocrx_word' id='word_1_284' title='bbox 783 2675 894 2710; x_wconf 81' lang='lat' dir='ltr'><strong>inter-</strong></span> 
     </span>
     <span class='ocr_line' id='line_1_41' title="bbox 142 2732 895 2779; baseline 0.003 -14"><span class='ocrx_word' id='word_1_285' title='bbox 142 2732 270 2766; x_wconf 79' lang='lat' dir='ltr'><strong>lineari</strong></span> <span class='ocrx_word' id='word_1_286' title='bbox 293 2737 451 2774; x_wconf 71' lang='grc' dir='ltr'><strong>εοαστω,</strong></span> <span class='ocrx_word' id='word_1_287' title='bbox 489 2735 710 2779; x_wconf 77' lang='lat' dir='ltr'><strong>compulsus,</strong></span> <span class='ocrx_word' id='word_1_288' title='bbox 751 2738 895 2768; x_wconf 81' lang='lat' dir='ltr'><strong>vocatus</strong></span> 
     </span>
     <span class='ocr_line' id='line_1_42' title="bbox 143 2789 895 2837; baseline 0.001 -13"><span class='ocrx_word' id='word_1_289' title='bbox 143 2790 279 2836; x_wconf 82' lang='lat' dir='ltr'><strong>reperit</strong></span> <span class='ocrx_word' id='word_1_290' title='bbox 302 2789 413 2824; x_wconf 79' lang='lat' dir='ltr'><strong>Ferd.</strong></span> <span class='ocrx_word' id='word_1_291' title='bbox 432 2790 655 2835; x_wconf 67' lang='lat' dir='ltr'><strong>Hauffialius,</strong></span> <span class='ocrx_word' id='word_1_292' title='bbox 683 2791 778 2837; x_wconf 90' lang='lat' dir='ltr'><strong>quod</strong></span> <span class='ocrx_word' id='word_1_293' title='bbox 794 2792 825 2826; x_wconf 90' lang='lat' dir='ltr'><strong>is</strong></span> <span class='ocrx_word' id='word_1_294' title='bbox 841 2803 895 2825; x_wconf 91' lang='lat' dir='ltr'><strong>me</strong></span> 
     </span>
     <span class='ocr_line' id='line_1_43' title="bbox 143 2847 895 2895; baseline 0.001 -12"><span class='ocrx_word' id='word_1_295' title='bbox 143 2859 209 2895; x_wconf 80' lang='lat' dir='ltr'><strong>per</strong></span> <span class='ocrx_word' id='word_1_296' title='bbox 249 2848 372 2882; x_wconf 84' lang='lat' dir='ltr'><strong>literas</strong></span> <span class='ocrx_word' id='word_1_297' title='bbox 413 2847 546 2882; x_wconf 88' lang='lat' dir='ltr'><strong>docuit.</strong></span> <span class='ocrx_word' id='word_1_298' title='bbox 620 2850 895 2885; x_wconf 85' lang='lat' dir='ltr'><strong>Confunduntur</strong></span> 
     </span>
     <span class='ocr_line' id='line_1_44' title="bbox 143 2906 893 2950; baseline 0.001 -10"><span class='ocrx_word' id='word_1_299' title='bbox 143 2911 258 2940; x_wconf 84' lang='lat' dir='ltr'><strong>autem</strong></span> <span class='ocrx_word' id='word_1_300' title='bbox 286 2906 372 2940; x_wconf 83' lang='lat' dir='ltr'><strong>haec</strong></span> <span class='ocrx_word' id='word_1_301' title='bbox 397 2907 529 2950; x_wconf 85' lang='lat' dir='ltr'><strong>verba,</strong></span> <span class='ocrx_word' id='word_1_302' title='bbox 554 2919 591 2942; x_wconf 87' lang='lat' dir='ltr'><strong>v.</strong></span> <span class='ocrx_word' id='word_1_303' title='bbox 620 2908 721 2943; x_wconf 81' lang='lat' dir='ltr'><strong>cort.</strong></span> <span class='ocrx_word' id='word_1_304' title='bbox 752 2908 797 2942; x_wconf 82' lang='lat' dir='ltr'><strong>ad</strong></span> <span class='ocrx_word' id='word_1_305' title='bbox 820 2908 893 2941; x_wconf 89' lang='lat' dir='ltr'><strong>Lu-</strong></span> 
     </span>
    </p>
   </div>
   <div class='ocr_carea' id='block_1_9' title="bbox 144 2964 892 3011">
    <p class='ocr_par' dir='ltr' id='par_1_14' title="bbox 144 2964 892 3011">
     <span class='ocr_line' id='line_1_45' title="bbox 144 2964 892 3011; baseline 0.003 -13"><span class='ocrx_word' id='word_1_306' title='bbox 144 2974 222 2998; x_wconf 74' lang='lat' dir='ltr'><strong>can.</strong></span> <span class='ocrx_word' id='word_1_307' title='bbox 249 2964 284 3008; x_wconf 87' lang='lat'><strong>6,</strong></span> <span class='ocrx_word' id='word_1_308' title='bbox 308 2964 389 3000; x_wconf 84' lang='lat'><strong>453.</strong></span> <span class='ocrx_word' id='word_1_309' title='bbox 417 2964 527 3000; x_wconf 77' lang='lat' dir='ltr'><strong>Drak.</strong></span> <span class='ocrx_word' id='word_1_310' title='bbox 553 2965 598 3000; x_wconf 75' lang='lat' dir='ltr'><strong>ad</strong></span> <span class='ocrx_word' id='word_1_311' title='bbox 619 2965 703 3001; x_wconf 71' lang='lat' dir='ltr'><strong>mv.</strong></span> <span class='ocrx_word' id='word_1_312' title='bbox 729 2966 764 3011; x_wconf 85' lang='lat'><strong>3,</strong></span> <span class='ocrx_word' id='word_1_313' title='bbox 781 2966 841 3010; x_wconf 83' lang='lat'><strong>46,</strong></span> <span class='ocrx_word' id='word_1_314' title='bbox 857 2967 892 3001; x_wconf 89' lang='lat'><strong>8.</strong></span> 
     </span>
    </p>
   </div>
   <div class='ocr_carea' id='block_1_10' title="bbox 945 999 1710 3002">
    <p class='ocr_par' dir='ltr' id='par_1_15' title="bbox 945 999 1704 1092">
     <span class='ocr_line' id='line_1_46' title="bbox 945 999 1704 1044; baseline -0.001 -10"><span class='ocrx_word' id='word_1_315' title='bbox 945 1001 1061 1044; x_wconf 81' lang='lat' dir='ltr'><strong>ferat.</strong></span> <span class='ocrx_word' id='word_1_316' title='bbox 1088 999 1160 1032; x_wconf 83' lang='lat' dir='ltr'><strong>Ms.</strong></span> <span class='ocrx_word' id='word_1_317' title='bbox 1179 1009 1240 1033; x_wconf 93' lang='lat' dir='ltr'><strong>un.</strong></span> <span class='ocrx_word' id='word_1_318' title='bbox 1258 999 1395 1033; x_wconf 90' lang='lat' dir='ltr'><strong>Bersm.</strong></span> <span class='ocrx_word' id='word_1_319' title='bbox 1417 1000 1573 1044; x_wconf 82' lang='lat' dir='ltr'><strong>deserar.</strong></span> <span class='ocrx_word' id='word_1_320' title='bbox 1600 1000 1704 1033; x_wconf 87' lang='lat' dir='ltr'><strong>Dess.</strong></span> 
     </span>
     <span class='ocr_line' id='line_1_47' title="bbox 954 1056 1303 1092; baseline -0.006 0"><span class='ocrx_word' id='word_1_321' title='bbox 954 1058 988 1092; x_wconf 88' lang='lat'><strong>1.</strong></span> <span class='ocrx_word' id='word_1_322' title='bbox 1017 1057 1165 1091; x_wconf 82' lang='lat' dir='ltr'><strong>deseror.</strong></span> <span class='ocrx_word' id='word_1_323' title='bbox 1191 1056 1303 1090; x_wconf 83' lang='lat' dir='ltr'><strong>Goth.</strong></span> 
     </span>
    </p>

    <p class='ocr_par' dir='ltr' id='par_1_16' title="bbox 949 1114 1710 3002">
     <span class='ocr_line' id='line_1_48' title="bbox 999 1114 1706 1162; baseline 0.006 -16"><span class='ocrx_word' id='word_1_324' title='bbox 999 1114 1045 1149; x_wconf 91' lang='lat' dir='ltr'><strong>V.</strong></span> <span class='ocrx_word' id='word_1_325' title='bbox 1077 1115 1131 1150; x_wconf 90' lang='grc'><strong>16.</strong></span> <span class='ocrx_word' id='word_1_326' title='bbox 1171 1115 1246 1158; x_wconf 89' lang='lat' dir='ltr'><strong>fio,</strong></span> <span class='ocrx_word' id='word_1_327' title='bbox 1270 1125 1401 1149; x_wconf 80' lang='lat' dir='ltr'><strong>mersor</strong></span> <span class='ocrx_word' id='word_1_328' title='bbox 1428 1114 1556 1149; x_wconf 87' lang='lat' dir='ltr'><strong>omissa</strong></span> <span class='ocrx_word' id='word_1_329' title='bbox 1580 1115 1706 1162; x_wconf 85' lang='lat' dir='ltr'><strong>copula</strong></span> 
     </span>
     <span class='ocr_line' id='line_1_49' title="bbox 954 1171 1708 1207; baseline 0 0"><span class='ocrx_word' id='word_1_330' title='bbox 954 1184 1014 1207; x_wconf 89' lang='lat' dir='ltr'><strong>un.</strong></span> <span class='ocrx_word' id='word_1_331' title='bbox 1056 1184 1121 1206; x_wconf 90' lang='lat' dir='ltr'><strong>ms.</strong></span> <span class='ocrx_word' id='word_1_332' title='bbox 1158 1171 1365 1206; x_wconf 86' lang='lat' dir='ltr'><strong>Bersmanni</strong></span> <span class='ocrx_word' id='word_1_333' title='bbox 1406 1178 1442 1206; x_wconf 88' lang='lat' dir='ltr'><strong>et</strong></span> <span class='ocrx_word' id='word_1_334' title='bbox 1477 1173 1623 1207; x_wconf 86' lang='lat' dir='ltr'><strong>Corvei.</strong></span> <span class='ocrx_word' id='word_1_335' title='bbox 1660 1193 1708 1199; x_wconf 84' lang='lat'>—</span> 
     </span>
     <span class='ocr_line' id='line_1_50' title="bbox 953 1229 1706 1277; baseline 0.001 -12"><span class='ocrx_word' id='word_1_336' title='bbox 953 1242 1079 1265; x_wconf 82' lang='lat' dir='ltr'><strong>versor.</strong></span> <span class='ocrx_word' id='word_1_337' title='bbox 1138 1229 1200 1263; x_wconf 90' lang='lat' dir='ltr'><strong>Sic</strong></span> <span class='ocrx_word' id='word_1_338' title='bbox 1227 1230 1263 1263; x_wconf 89' lang='lat' dir='ltr'><strong>in</strong></span> <span class='ocrx_word' id='word_1_339' title='bbox 1290 1230 1461 1275; x_wconf 86' lang='lat' dir='ltr'><strong>complur.</strong></span> <span class='ocrx_word' id='word_1_340' title='bbox 1490 1242 1572 1264; x_wconf 86' lang='lat' dir='ltr'><strong>mss.</strong></span> <span class='ocrx_word' id='word_1_341' title='bbox 1601 1242 1706 1277; x_wconf 85' lang='lat' dir='ltr'><strong>repe-</strong></span> 
     </span>
     <span class='ocr_line' id='line_1_51' title="bbox 953 1287 1706 1335; baseline 0.001 -12"><span class='ocrx_word' id='word_1_342' title='bbox 953 1289 1046 1323; x_wconf 86' lang='lat' dir='ltr'><strong>risse</strong></span> <span class='ocrx_word' id='word_1_343' title='bbox 1068 1289 1208 1322; x_wconf 85' lang='lat' dir='ltr'><strong>videtur</strong></span> <span class='ocrx_word' id='word_1_344' title='bbox 1231 1287 1445 1330; x_wconf 79' lang='lat' dir='ltr'><strong>Lambinus,</strong></span> <span class='ocrx_word' id='word_1_345' title='bbox 1495 1299 1560 1322; x_wconf 87' lang='lat' dir='ltr'><strong>ms.</strong></span> <span class='ocrx_word' id='word_1_346' title='bbox 1587 1300 1622 1322; x_wconf 90' lang='lat' dir='ltr'><strong>m</strong></span> <span class='ocrx_word' id='word_1_347' title='bbox 1646 1301 1706 1335; x_wconf 84' lang='lat' dir='ltr'><strong>ap.</strong></span> 
     </span>
     <span class='ocr_line' id='line_1_52' title="bbox 953 1345 1706 1388; baseline 0 -7"><span class='ocrx_word' id='word_1_348' title='bbox 953 1346 1140 1388; x_wconf 81' lang='lat' dir='ltr'><strong>Hoched.;</strong></span> <span class='ocrx_word' id='word_1_349' title='bbox 1178 1346 1318 1379; x_wconf 81' lang='lat' dir='ltr'><strong>Gesner</strong></span> <span class='ocrx_word' id='word_1_350' title='bbox 1342 1345 1462 1380; x_wconf 84' lang='lat' dir='ltr'><strong>laudat</strong></span> <span class='ocrx_word' id='word_1_351' title='bbox 1484 1346 1607 1380; x_wconf 84' lang='lat' dir='ltr'><strong>Lamb.</strong></span> <span class='ocrx_word' id='word_1_352' title='bbox 1635 1346 1706 1381; x_wconf 92' lang='lat' dir='ltr'><strong>Bo-</strong></span> 
     </span>
     <span class='ocr_line' id='line_1_53' title="bbox 953 1403 1707 1449; baseline -0.001 -9"><span class='ocrx_word' id='word_1_353' title='bbox 953 1405 1054 1448; x_wconf 85' lang='lat' dir='ltr'><strong>sium,</strong></span> <span class='ocrx_word' id='word_1_354' title='bbox 1082 1405 1181 1449; x_wconf 88' lang='lat' dir='ltr'><strong>cujus</strong></span> <span class='ocrx_word' id='word_1_355' title='bbox 1206 1409 1321 1438; x_wconf 81' lang='lat' dir='ltr'><strong>tamen</strong></span> <span class='ocrx_word' id='word_1_356' title='bbox 1346 1403 1457 1438; x_wconf 86' lang='lat' dir='ltr'><strong>codex</strong></span> <span class='ocrx_word' id='word_1_357' title='bbox 1483 1403 1707 1439; x_wconf 82' lang='lat' dir='ltr'><strong>Franekera-</strong></span> 
     </span>
     <span class='ocr_line' id='line_1_54' title="bbox 952 1461 1708 1508; baseline -0.001 -9"><span class='ocrx_word' id='word_1_358' title='bbox 952 1475 1017 1499; x_wconf 91' lang='lat' dir='ltr'><strong>nus</strong></span> <span class='ocrx_word' id='word_1_359' title='bbox 1044 1474 1174 1498; x_wconf 81' lang='lat' dir='ltr'><strong>mersor</strong></span> <span class='ocrx_word' id='word_1_360' title='bbox 1198 1462 1323 1503; x_wconf 81' lang='lat' dir='ltr'><strong>habet,</strong></span> <span class='ocrx_word' id='word_1_361' title='bbox 1360 1461 1454 1505; x_wconf 89' lang='lat' dir='ltr'><strong>quod</strong></span> <span class='ocrx_word' id='word_1_362' title='bbox 1480 1461 1539 1495; x_wconf 87' lang='lat' dir='ltr'><strong>hic</strong></span> <span class='ocrx_word' id='word_1_363' title='bbox 1562 1463 1617 1508; x_wconf 89' lang='lat' dir='ltr'><strong>(p.</strong></span> <span class='ocrx_word' id='word_1_364' title='bbox 1643 1464 1708 1508; x_wconf 83' lang='lat'><strong>66)</strong></span> 
     </span>
     <span class='ocr_line' id='line_1_55' title="bbox 951 1518 1705 1569; baseline -0.001 -13"><span class='ocrx_word' id='word_1_365' title='bbox 951 1523 1094 1569; x_wconf 84' lang='lat' dir='ltr'><strong>probat.</strong></span> <span class='ocrx_word' id='word_1_366' title='bbox 1119 1521 1214 1555; x_wconf 90' lang='lat' dir='ltr'><strong>Edd.</strong></span> <span class='ocrx_word' id='word_1_367' title='bbox 1238 1519 1350 1564; x_wconf 85' lang='lat' dir='ltr'><strong>princ.</strong></span> <span class='ocrx_word' id='word_1_368' title='bbox 1370 1530 1428 1563; x_wconf 85' lang='lat' dir='ltr'><strong>ap.</strong></span> <span class='ocrx_word' id='word_1_369' title='bbox 1447 1518 1560 1553; x_wconf 86' lang='lat' dir='ltr'><strong>Gesn.</strong></span> <span class='ocrx_word' id='word_1_370' title='bbox 1580 1521 1705 1555; x_wconf 90' lang='lat' dir='ltr'><strong>Comb.</strong></span> 
     </span>
     <span class='ocr_line' id='line_1_56' title="bbox 952 1575 1706 1622; baseline -0.003 -8"><span class='ocrx_word' id='word_1_371' title='bbox 952 1586 989 1614; x_wconf 86' lang='lat' dir='ltr'><strong>et</strong></span> <span class='ocrx_word' id='word_1_372' title='bbox 1015 1580 1136 1613; x_wconf 75' lang='lat' dir='ltr'><strong>Feann.</strong></span> <span class='ocrx_word' id='word_1_373' title='bbox 1180 1578 1297 1622; x_wconf 80' lang='lat' dir='ltr'><strong>Neap.</strong></span> <span class='ocrx_word' id='word_1_374' title='bbox 1325 1575 1406 1610; x_wconf 91' lang='grc'><strong>474.</strong></span> <span class='ocrx_word' id='word_1_375' title='bbox 1448 1575 1596 1610; x_wconf 79' lang='lat' dir='ltr'><strong>Ferrar.</strong></span> <span class='ocrx_word' id='word_1_376' title='bbox 1623 1578 1706 1613; x_wconf 83' lang='lat'><strong>474.</strong></span> 
     </span>
     <span class='ocr_line' id='line_1_57' title="bbox 952 1633 1706 1678; baseline -0.001 -8"><span class='ocrx_word' id='word_1_377' title='bbox 952 1637 1049 1671; x_wconf 80' lang='lat' dir='ltr'><strong>Med.</strong></span> <span class='ocrx_word' id='word_1_378' title='bbox 1074 1636 1144 1671; x_wconf 77' lang='grc'><strong>474</strong></span> <span class='ocrx_word' id='word_1_379' title='bbox 1177 1636 1247 1678; x_wconf 80' lang='lat' dir='ltr'><strong>(ab</strong></span> <span class='ocrx_word' id='word_1_380' title='bbox 1275 1633 1466 1667; x_wconf 81' lang='lat' dir='ltr'><strong>Hauthalio</strong></span> <span class='ocrx_word' id='word_1_381' title='bbox 1501 1634 1584 1668; x_wconf 84' lang='lat' dir='ltr'><strong>mihi</strong></span> <span class='ocrx_word' id='word_1_382' title='bbox 1612 1635 1706 1669; x_wconf 87' lang='lat' dir='ltr'><strong>indi-</strong></span> 
     </span>
     <span class='ocr_line' id='line_1_58' title="bbox 953 1691 1706 1738; baseline 0 -9"><span class='ocrx_word' id='word_1_383' title='bbox 953 1695 1081 1738; x_wconf 86' lang='lat' dir='ltr'><strong>catae)</strong></span> <span class='ocrx_word' id='word_1_384' title='bbox 1119 1694 1202 1729; x_wconf 89' lang='grc'><strong>476.</strong></span> <span class='ocrx_word' id='word_1_385' title='bbox 1229 1694 1288 1728; x_wconf 88' lang='grc'><strong>77.</strong></span> <span class='ocrx_word' id='word_1_386' title='bbox 1333 1692 1424 1725; x_wconf 76' lang='lat' dir='ltr'><strong>Ven-</strong></span> <span class='ocrx_word' id='word_1_387' title='bbox 1452 1691 1533 1727; x_wconf 90' lang='grc'><strong>478.</strong></span> <span class='ocrx_word' id='word_1_388' title='bbox 1562 1694 1620 1728; x_wconf 89' lang='grc'><strong>79.</strong></span> <span class='ocrx_word' id='word_1_389' title='bbox 1647 1695 1706 1729; x_wconf 91' lang='grc'><strong>81.</strong></span> 
     </span>
     <span class='ocr_line' id='line_1_59' title="bbox 951 1749 1706 1790; baseline -0.004 0"><span class='ocrx_word' id='word_1_390' title='bbox 951 1754 1034 1790; x_wconf 88' lang='grc'><strong>509.</strong></span> <span class='ocrx_word' id='word_1_391' title='bbox 1059 1753 1118 1788; x_wconf 87' lang='grc'><strong>52.</strong></span> <span class='ocrx_word' id='word_1_392' title='bbox 1143 1752 1202 1787; x_wconf 88' lang='grc'><strong>73.</strong></span> <span class='ocrx_word' id='word_1_393' title='bbox 1227 1749 1308 1785; x_wconf 85' lang='lat' dir='ltr'><strong>Ald.</strong></span> <span class='ocrx_word' id='word_1_394' title='bbox 1326 1749 1408 1784; x_wconf 88' lang='lat'><strong>501.</strong></span> <span class='ocrx_word' id='word_1_395' title='bbox 1426 1749 1508 1784; x_wconf 87' lang='lat'><strong>509.</strong></span> <span class='ocrx_word' id='word_1_396' title='bbox 1527 1751 1582 1785; x_wconf 88' lang='lat'><strong>19.</strong></span> <span class='ocrx_word' id='word_1_397' title='bbox 1608 1752 1706 1787; x_wconf 87' lang='lat' dir='ltr'><strong>Junt.</strong></span> 
     </span>
     <span class='ocr_line' id='line_1_60' title="bbox 951 1806 1706 1847; baseline -0.004 0"><span class='ocrx_word' id='word_1_398' title='bbox 951 1811 1034 1847; x_wconf 87' lang='grc'><strong>503.</strong></span> <span class='ocrx_word' id='word_1_399' title='bbox 1062 1810 1118 1846; x_wconf 89' lang='grc'><strong>14.</strong></span> <span class='ocrx_word' id='word_1_400' title='bbox 1163 1809 1266 1843; x_wconf 88' lang='lat' dir='ltr'><strong>Glar.</strong></span> <span class='ocrx_word' id='word_1_401' title='bbox 1298 1808 1380 1843; x_wconf 86' lang='lat'><strong>536.</strong></span> <span class='ocrx_word' id='word_1_402' title='bbox 1409 1806 1468 1844; x_wconf 87' lang='grc'><strong>43.</strong></span> <span class='ocrx_word' id='word_1_403' title='bbox 1511 1808 1595 1843; x_wconf 87' lang='lat' dir='ltr'><strong>Bas.</strong></span> <span class='ocrx_word' id='word_1_404' title='bbox 1623 1809 1706 1846; x_wconf 90' lang='lat'><strong>517.</strong></span> 
     </span>
     <span class='ocr_line' id='line_1_61' title="bbox 949 1866 1706 1912; baseline -0.003 -8"><span class='ocrx_word' id='word_1_405' title='bbox 949 1870 1010 1904; x_wconf 88' lang='lat'><strong>27.</strong></span> <span class='ocrx_word' id='word_1_406' title='bbox 1043 1869 1102 1903; x_wconf 87' lang='grc'><strong>31.</strong></span> <span class='ocrx_word' id='word_1_407' title='bbox 1137 1867 1196 1902; x_wconf 88' lang='grc'><strong>45.</strong></span> <span class='ocrx_word' id='word_1_408' title='bbox 1243 1866 1351 1900; x_wconf 86' lang='lat' dir='ltr'><strong>Dion.</strong></span> <span class='ocrx_word' id='word_1_409' title='bbox 1385 1867 1429 1900; x_wconf 84' lang='lat' dir='ltr'><strong>ab</strong></span> <span class='ocrx_word' id='word_1_410' title='bbox 1454 1866 1562 1900; x_wconf 84' lang='lat' dir='ltr'><strong>Hars.</strong></span> <span class='ocrx_word' id='word_1_411' title='bbox 1590 1868 1706 1912; x_wconf 83' lang='lat' dir='ltr'><strong>Lugd.</strong></span> 
     </span>
     <span class='ocr_line' id='line_1_62' title="bbox 950 1923 1706 1970; baseline -0.004 -7"><span class='ocrx_word' id='word_1_412' title='bbox 950 1927 1033 1963; x_wconf 87' lang='grc'><strong>538.</strong></span> <span class='ocrx_word' id='word_1_413' title='bbox 1052 1926 1100 1960; x_wconf 91' lang='grc' dir='ltr'><strong>Η.</strong></span> <span class='ocrx_word' id='word_1_414' title='bbox 1121 1924 1247 1970; x_wconf 83' lang='lat' dir='ltr'><strong>steph.</strong></span> <span class='ocrx_word' id='word_1_415' title='bbox 1266 1923 1334 1958; x_wconf 81' lang='lat'><strong>544</strong></span> <span class='ocrx_word' id='word_1_416' title='bbox 1356 1925 1467 1966; x_wconf 83' lang='lat' dir='ltr'><strong>(teste</strong></span> <span class='ocrx_word' id='word_1_417' title='bbox 1479 1924 1574 1970; x_wconf 85' lang='lat' dir='ltr'><strong>Fea)</strong></span> <span class='ocrx_word' id='word_1_418' title='bbox 1594 1926 1706 1960; x_wconf 89' lang='lat' dir='ltr'><strong>Pulm.</strong></span> 
     </span>
     <span class='ocr_line' id='line_1_63' title="bbox 950 1982 1707 2030; baseline -0.001 -10"><span class='ocrx_word' id='word_1_419' title='bbox 950 1985 1033 2020; x_wconf 86' lang='lat'><strong>557.</strong></span> <span class='ocrx_word' id='word_1_420' title='bbox 1052 1984 1183 2019; x_wconf 83' lang='lat' dir='ltr'><strong>Minois</strong></span> <span class='ocrx_word' id='word_1_421' title='bbox 1202 1982 1284 2018; x_wconf 82' lang='lat'><strong>534.</strong></span> <span class='ocrx_word' id='word_1_422' title='bbox 1304 1983 1445 2017; x_wconf 89' lang='lat' dir='ltr'><strong>Rodell.</strong></span> <span class='ocrx_word' id='word_1_423' title='bbox 1461 2002 1508 2008; x_wconf 84' lang='lat'><em>—</em></span> <span class='ocrx_word' id='word_1_424' title='bbox 1524 1983 1607 2030; x_wconf 86' lang='lat' dir='ltr'><strong>Bip.</strong></span> <span class='ocrx_word' id='word_1_425' title='bbox 1625 1984 1707 2019; x_wconf 84' lang='lat'><strong>828.</strong></span> 
     </span>
     <span class='ocr_line' id='line_1_64' title="bbox 951 2040 1709 2087; baseline 0.001 -11"><span class='ocrx_word' id='word_1_426' title='bbox 951 2043 1055 2078; x_wconf 77' lang='lat' dir='ltr'><strong>Hanc</strong></span> <span class='ocrx_word' id='word_1_427' title='bbox 1089 2042 1301 2087; x_wconf 82' lang='lat' dir='ltr'><strong>scripturam</strong></span> <span class='ocrx_word' id='word_1_428' title='bbox 1335 2040 1372 2074; x_wconf 92' lang='lat' dir='ltr'><strong>in</strong></span> <span class='ocrx_word' id='word_1_429' title='bbox 1408 2041 1464 2075; x_wconf 88' lang='lat' dir='ltr'><strong>ed.</strong></span> <span class='ocrx_word' id='word_1_430' title='bbox 1499 2043 1532 2076; x_wconf 92' lang='lat'><strong>1.</strong></span> <span class='ocrx_word' id='word_1_431' title='bbox 1571 2042 1661 2077; x_wconf 84' lang='lat'><strong>1822</strong></span> <span class='ocrx_word' id='word_1_432' title='bbox 1688 2054 1709 2076; x_wconf 82' lang='lat' dir='ltr'><strong>a</strong></span> 
     </span>
     <span class='ocr_line' id='line_1_65' title="bbox 952 2099 1707 2144; baseline -0.003 -9"><span class='ocrx_word' id='word_1_433' title='bbox 952 2113 1008 2135; x_wconf 88' lang='lat' dir='ltr'><strong>me</strong></span> <span class='ocrx_word' id='word_1_434' title='bbox 1042 2104 1219 2144; x_wconf 78' lang='lat' dir='ltr'><strong>receptam</strong></span> <span class='ocrx_word' id='word_1_435' title='bbox 1256 2100 1462 2143; x_wconf 87' lang='lat' dir='ltr'><strong>comprobat</strong></span> <span class='ocrx_word' id='word_1_436' title='bbox 1488 2099 1533 2133; x_wconf 92' lang='lat' dir='ltr'><strong>V.</strong></span> <span class='ocrx_word' id='word_1_437' title='bbox 1565 2100 1601 2134; x_wconf 89' lang='lat' dir='ltr'><strong>d.</strong></span> <span class='ocrx_word' id='word_1_438' title='bbox 1627 2100 1707 2144; x_wconf 89' lang='lat' dir='ltr'><strong>qui-</strong></span> 
     </span>
     <span class='ocr_line' id='line_1_66' title="bbox 953 2155 1707 2202; baseline -0.001 -10"><span class='ocrx_word' id='word_1_439' title='bbox 953 2159 1032 2192; x_wconf 87' lang='lat' dir='ltr'><strong>dam</strong></span> <span class='ocrx_word' id='word_1_440' title='bbox 1049 2157 1086 2190; x_wconf 88' lang='lat' dir='ltr'><strong>in</strong></span> <span class='ocrx_word' id='word_1_441' title='bbox 1100 2155 1266 2190; x_wconf 87' lang='lat' dir='ltr'><strong>Heidelb.</strong></span> <span class='ocrx_word' id='word_1_442' title='bbox 1285 2155 1434 2190; x_wconf 69' lang='lat' dir='ltr'><strong>Jahn-bb.</strong></span> <span class='ocrx_word' id='word_1_443' title='bbox 1456 2157 1545 2191; x_wconf 85' lang='grc'><strong>1823</strong></span> <span class='ocrx_word' id='word_1_444' title='bbox 1571 2169 1608 2202; x_wconf 85' lang='grc' dir='ltr'><strong>Ρ.</strong></span> <span class='ocrx_word' id='word_1_445' title='bbox 1626 2158 1707 2200; x_wconf 89' lang='lat'><strong>707,</strong></span> 
     </span>
     <span class='ocr_line' id='line_1_67' title="bbox 953 2213 1708 2248; baseline 0 0"><span class='ocrx_word' id='word_1_446' title='bbox 953 2219 1073 2248; x_wconf 87' lang='lat' dir='ltr'><strong>tuetur</strong></span> <span class='ocrx_word' id='word_1_447' title='bbox 1103 2213 1222 2247; x_wconf 88' lang='lat' dir='ltr'><strong>Hand.</strong></span> <span class='ocrx_word' id='word_1_448' title='bbox 1260 2213 1305 2246; x_wconf 83' lang='lat' dir='ltr'><strong>ad</strong></span> <span class='ocrx_word' id='word_1_449' title='bbox 1337 2214 1499 2248; x_wconf 81' lang='lat' dir='ltr'><strong>Gronov.</strong></span> <span class='ocrx_word' id='word_1_450' title='bbox 1526 2214 1642 2248; x_wconf 84' lang='lat' dir='ltr'><strong>Diatr.</strong></span> <span class='ocrx_word' id='word_1_451' title='bbox 1671 2215 1708 2248; x_wconf 87' lang='lat' dir='ltr'><strong>iu</strong></span> 
     </span>
     <span class='ocr_line' id='line_1_68' title="bbox 956 2271 1706 2315; baseline 0.001 -10"><span class='ocrx_word' id='word_1_452' title='bbox 956 2273 1050 2305; x_wconf 80' lang='lat' dir='ltr'><strong>stat.</strong></span> <span class='ocrx_word' id='word_1_453' title='bbox 1068 2271 1160 2304; x_wconf 84' lang='lat' dir='ltr'><strong>Silv.</strong></span> <span class='ocrx_word' id='word_1_454' title='bbox 1179 2271 1209 2304; x_wconf 91' lang='grc' dir='ltr'><strong>Ι.</strong></span> <span class='ocrx_word' id='word_1_455' title='bbox 1227 2283 1263 2315; x_wconf 91' lang='lat' dir='ltr'><strong>p.</strong></span> <span class='ocrx_word' id='word_1_456' title='bbox 1280 2271 1361 2311; x_wconf 85' lang='grc'><strong>432,</strong></span> <span class='ocrx_word' id='word_1_457' title='bbox 1386 2271 1490 2304; x_wconf 87' lang='lat' dir='ltr'><strong>docte</strong></span> <span class='ocrx_word' id='word_1_458' title='bbox 1506 2271 1578 2306; x_wconf 82' lang='lat' dir='ltr'><strong>def.</strong></span> <span class='ocrx_word' id='word_1_459' title='bbox 1596 2272 1706 2306; x_wconf 82' lang='lat' dir='ltr'><strong>Bach.</strong></span> 
     </span>
     <span class='ocr_line' id='line_1_69' title="bbox 955 2326 1710 2374; baseline 0 -10"><span class='ocrx_word' id='word_1_460' title='bbox 955 2330 992 2364; x_wconf 90' lang='lat' dir='ltr'><strong>in</strong></span> <span class='ocrx_word' id='word_1_461' title='bbox 1019 2328 1176 2362; x_wconf 85' lang='lat' dir='ltr'><strong>Seebod.</strong></span> <span class='ocrx_word' id='word_1_462' title='bbox 1202 2326 1298 2361; x_wconf 87' lang='lat' dir='ltr'><strong>Krit.</strong></span> <span class='ocrx_word' id='word_1_463' title='bbox 1325 2328 1418 2363; x_wconf 89' lang='lat' dir='ltr'><strong>Bibl.</strong></span> <span class='ocrx_word' id='word_1_464' title='bbox 1448 2329 1538 2364; x_wconf 84' lang='lat'><strong>1826</strong></span> <span class='ocrx_word' id='word_1_465' title='bbox 1563 2342 1599 2374; x_wconf 87' lang='lat' dir='ltr'><strong>p.</strong></span> <span class='ocrx_word' id='word_1_466' title='bbox 1619 2329 1710 2364; x_wconf 88' lang='grc'><strong>1234</strong></span> 
     </span>
     <span class='ocr_line' id='line_1_70' title="bbox 955 2385 1706 2432; baseline 0 -11"><span class='ocrx_word' id='word_1_467' title='bbox 955 2393 1063 2432; x_wconf 80' lang='lat' dir='ltr'><strong>atque</strong></span> <span class='ocrx_word' id='word_1_468' title='bbox 1088 2386 1125 2420; x_wconf 90' lang='lat' dir='ltr'><strong>in</strong></span> <span class='ocrx_word' id='word_1_469' title='bbox 1151 2385 1349 2419; x_wconf 84' lang='lat' dir='ltr'><strong>Zimmerm.</strong></span> <span class='ocrx_word' id='word_1_470' title='bbox 1379 2385 1588 2421; x_wconf 75' lang='lat' dir='ltr'><strong>zeitschrift</strong></span> <span class='ocrx_word' id='word_1_471' title='bbox 1614 2387 1640 2421; x_wconf 86' lang='lat' dir='ltr'><strong>f.</strong></span> <span class='ocrx_word' id='word_1_472' title='bbox 1670 2387 1706 2422; x_wconf 91' lang='lat' dir='ltr'><strong>d.</strong></span> 
     </span>
     <span class='ocr_line' id='line_1_71' title="bbox 954 2442 1709 2488; baseline 0.001 -8"><span class='ocrx_word' id='word_1_473' title='bbox 954 2445 1217 2480; x_wconf 82' lang='lat' dir='ltr'><strong>Alterthumsw.</strong></span> <span class='ocrx_word' id='word_1_474' title='bbox 1246 2442 1336 2478; x_wconf 79' lang='grc'><strong>1834</strong></span> <span class='ocrx_word' id='word_1_475' title='bbox 1369 2456 1406 2488; x_wconf 88' lang='grc' dir='ltr'><strong>Ρ.</strong></span> <span class='ocrx_word' id='word_1_476' title='bbox 1436 2446 1537 2480; x_wconf 91' lang='grc'><strong>1028.</strong></span> <span class='ocrx_word' id='word_1_477' title='bbox 1587 2445 1645 2480; x_wconf 87' lang='lat' dir='ltr'><strong>Cf.</strong></span> <span class='ocrx_word' id='word_1_478' title='bbox 1673 2452 1709 2481; x_wconf 84' lang='lat' dir='ltr'><strong>et</strong></span> 
     </span>
     <span class='ocr_line' id='line_1_72' title="bbox 951 2502 1705 2551; baseline 0.003 -13"><span class='ocrx_word' id='word_1_479' title='bbox 951 2515 1030 2538; x_wconf 88' lang='lat' dir='ltr'><strong>mea</strong></span> <span class='ocrx_word' id='word_1_480' title='bbox 1065 2502 1179 2548; x_wconf 87' lang='lat' dir='ltr'><strong>ipsius</strong></span> <span class='ocrx_word' id='word_1_481' title='bbox 1217 2507 1384 2536; x_wconf 86' lang='lat' dir='ltr'><strong>annotata</strong></span> <span class='ocrx_word' id='word_1_482' title='bbox 1418 2502 1505 2537; x_wconf 89' lang='lat' dir='ltr'><strong>ibid.</strong></span> <span class='ocrx_word' id='word_1_483' title='bbox 1538 2505 1640 2540; x_wconf 74' lang='lat'><strong>1832.</strong></span> <span class='ocrx_word' id='word_1_484' title='bbox 1669 2518 1705 2551; x_wconf 91' lang='grc' dir='ltr'><strong>Ρ.</strong></span> 
     </span>
     <span class='ocr_line' id='line_1_73' title="bbox 950 2559 1706 2598; baseline 0 -2"><span class='ocrx_word' id='word_1_485' title='bbox 950 2563 1034 2598; x_wconf 87' lang='grc'><strong>500.</strong></span> <span class='ocrx_word' id='word_1_486' title='bbox 1059 2581 1106 2586; x_wconf 89' lang='grc'>-</span> <span class='ocrx_word' id='word_1_487' title='bbox 1128 2571 1270 2595; x_wconf 82' lang='lat' dir='ltr'><strong>mersor.</strong></span> <span class='ocrx_word' id='word_1_488' title='bbox 1298 2559 1385 2593; x_wconf 78' lang='lat' dir='ltr'><strong>Mss.</strong></span> <span class='ocrx_word' id='word_1_489' title='bbox 1411 2560 1558 2595; x_wconf 85' lang='lat' dir='ltr'><strong>aliorum</strong></span> <span class='ocrx_word' id='word_1_490' title='bbox 1582 2566 1619 2596; x_wconf 89' lang='lat' dir='ltr'><strong>et</strong></span> <span class='ocrx_word' id='word_1_491' title='bbox 1641 2574 1706 2596; x_wconf 89' lang='lat' dir='ltr'><strong>no-</strong></span> 
     </span>
     <span class='ocr_line' id='line_1_74' title="bbox 951 2617 1707 2662; baseline 0.001 -8"><span class='ocrx_word' id='word_1_492' title='bbox 951 2619 1019 2654; x_wconf 85' lang='lat' dir='ltr'><strong>stri</strong></span> <span class='ocrx_word' id='word_1_493' title='bbox 1044 2629 1185 2661; x_wconf 81' lang='lat' dir='ltr'><strong>omneS‚</strong></span> <span class='ocrx_word' id='word_1_494' title='bbox 1224 2617 1424 2662; x_wconf 86' lang='lat' dir='ltr'><strong>Porphyr.‚</strong></span> <span class='ocrx_word' id='word_1_495' title='bbox 1464 2619 1532 2653; x_wconf 87' lang='lat' dir='ltr'><strong>nisi</strong></span> <span class='ocrx_word' id='word_1_496' title='bbox 1559 2631 1636 2654; x_wconf 89' lang='lat' dir='ltr'><strong>eum</strong></span> <span class='ocrx_word' id='word_1_497' title='bbox 1663 2632 1707 2654; x_wconf 91' lang='lat' dir='ltr'><strong>ex</strong></span> 
     </span>
     <span class='ocr_line' id='line_1_75' title="bbox 951 2676 1706 2722; baseline 0.001 -11"><span class='ocrx_word' id='word_1_498' title='bbox 951 2688 1016 2712; x_wconf 83' lang='lat' dir='ltr'><strong>sua</strong></span> <span class='ocrx_word' id='word_1_499' title='bbox 1047 2678 1168 2710; x_wconf 85' lang='lat' dir='ltr'><strong>horum</strong></span> <span class='ocrx_word' id='word_1_500' title='bbox 1204 2677 1390 2710; x_wconf 83' lang='lat' dir='ltr'><strong>verborum</strong></span> <span class='ocrx_word' id='word_1_501' title='bbox 1413 2676 1706 2722; x_wconf 82' lang='lat' dir='ltr'><strong>interpretatione</strong></span> 
     </span>
     <span class='ocr_line' id='line_1_76' title="bbox 951 2734 1704 2780; baseline 0 -10"><span class='ocrx_word' id='word_1_502' title='bbox 951 2736 1081 2780; x_wconf 85' lang='lat' dir='ltr'><strong>legisse</strong></span> <span class='ocrx_word' id='word_1_503' title='bbox 1106 2745 1256 2779; x_wconf 82' lang='lat' dir='ltr'><strong>mergor,</strong></span> <span class='ocrx_word' id='word_1_504' title='bbox 1285 2734 1379 2779; x_wconf 86' lang='lat' dir='ltr'><strong>quod</strong></span> <span class='ocrx_word' id='word_1_505' title='bbox 1396 2735 1499 2768; x_wconf 86' lang='lat' dir='ltr'><strong>etiam</strong></span> <span class='ocrx_word' id='word_1_506' title='bbox 1518 2735 1624 2770; x_wconf 84' lang='lat' dir='ltr'><strong>habet</strong></span> <span class='ocrx_word' id='word_1_507' title='bbox 1639 2747 1704 2770; x_wconf 80' lang='lat' dir='ltr'><strong>ms·</strong></span> 
     </span>
     <span class='ocr_line' id='line_1_77' title="bbox 951 2792 1706 2839; baseline 0 -11"><span class='ocrx_word' id='word_1_508' title='bbox 951 2806 976 2828; x_wconf 89' lang='grc' dir='ltr'><em>α</em></span> <span class='ocrx_word' id='word_1_509' title='bbox 1002 2795 1148 2837; x_wconf 86' lang='lat' dir='ltr'><strong>ejusque</strong></span> <span class='ocrx_word' id='word_1_510' title='bbox 1175 2792 1296 2826; x_wconf 84' lang='lat' dir='ltr'><strong>schol.</strong></span> <span class='ocrx_word' id='word_1_511' title='bbox 1324 2804 1382 2839; x_wconf 84' lang='lat' dir='ltr'><strong>ap.</strong></span> <span class='ocrx_word' id='word_1_512' title='bbox 1410 2792 1573 2827; x_wconf 83' lang='lat' dir='ltr'><strong>Hoched.</strong></span> <span class='ocrx_word' id='word_1_513' title='bbox 1589 2819 1600 2837; x_wconf 91' lang='lat'>‚</span> <span class='ocrx_word' id='word_1_514' title='bbox 1627 2794 1706 2828; x_wconf 84' lang='lat' dir='ltr'><strong>veri</strong></span> 
     </span>
     <span class='ocr_line' id='line_1_78' title="bbox 951 2850 1703 2886; baseline 0 0"><span class='ocrx_word' id='word_1_515' title='bbox 951 2851 1100 2886; x_wconf 85' lang='lat' dir='ltr'><strong>similius</strong></span> <span class='ocrx_word' id='word_1_516' title='bbox 1125 2850 1185 2886; x_wconf 75' lang='lat' dir='ltr'><strong>sit.</strong></span> <span class='ocrx_word' id='word_1_517' title='bbox 1234 2850 1355 2885; x_wconf 87' lang='lat' dir='ltr'><strong>Schol.</strong></span> <span class='ocrx_word' id='word_1_518' title='bbox 1391 2863 1473 2885; x_wconf 84' lang='lat' dir='ltr'><strong>mss.</strong></span> <span class='ocrx_word' id='word_1_519' title='bbox 1507 2851 1623 2886; x_wconf 87' lang='lat' dir='ltr'><strong>Paris.</strong></span> <span class='ocrx_word' id='word_1_520' title='bbox 1659 2852 1703 2886; x_wconf 91' lang='lat' dir='ltr'><strong>B.</strong></span> 
     </span>
     <span class='ocr_line' id='line_1_79' title="bbox 952 2908 1703 2954; baseline 0.001 -11"><span class='ocrx_word' id='word_1_521' title='bbox 952 2922 994 2954; x_wconf 83' lang='grc' dir='ltr'><strong>φ.</strong></span> <span class='ocrx_word' id='word_1_522' title='bbox 1021 2909 1078 2953; x_wconf 87' lang='grc'><strong>[2.</strong></span> <span class='ocrx_word' id='word_1_523' title='bbox 1105 2909 1139 2943; x_wconf 90' lang='grc'><strong>6.</strong></span> <span class='ocrx_word' id='word_1_524' title='bbox 1167 2919 1225 2953; x_wconf 82' lang='lat' dir='ltr'><strong>ap.</strong></span> <span class='ocrx_word' id='word_1_525' title='bbox 1253 2908 1392 2953; x_wconf 79' lang='lat' dir='ltr'><strong>Pott.]:</strong></span> <span class='ocrx_word' id='word_1_526' title='bbox 1427 2908 1541 2951; x_wconf 85' lang='lat' dir='ltr'><strong>„dicit</strong></span> <span class='ocrx_word' id='word_1_527' title='bbox 1562 2921 1602 2943; x_wconf 88' lang='lat' dir='ltr'><strong>se</strong></span> <span class='ocrx_word' id='word_1_528' title='bbox 1625 2909 1703 2944; x_wconf 88' lang='lat' dir='ltr'><strong>Ho-</strong></span> 
     </span>
     <span class='ocr_line' id='line_1_80' title="bbox 952 2966 1702 3002; baseline 0 0"><span class='ocrx_word' id='word_1_529' title='bbox 952 2967 1064 3002; x_wconf 80' lang='lat' dir='ltr'><strong>ratius</strong></span> <span class='ocrx_word' id='word_1_530' title='bbox 1099 2966 1235 3001; x_wconf 84' lang='lat' dir='ltr'><strong>versari</strong></span> <span class='ocrx_word' id='word_1_531' title='bbox 1275 2966 1370 3002; x_wconf 85' lang='lat' dir='ltr'><strong>inter</strong></span> <span class='ocrx_word' id='word_1_532' title='bbox 1407 2966 1495 3002; x_wconf 86' lang='lat' dir='ltr'><strong>duas</strong></span> <span class='ocrx_word' id='word_1_533' title='bbox 1530 2973 1644 3002; x_wconf 78' lang='lat' dir='ltr'><strong>sectas</strong></span> <span class='ocrx_word' id='word_1_534' title='bbox 1676 2968 1702 3002; x_wconf 85' lang='lat' dir='ltr'><strong>i.</strong></span> 
     </span>
    </p>
   </div>
   <div class='ocr_carea' id='block_1_11' title="bbox 1364 3023 1425 3065">
    <p class='ocr_par' dir='ltr' id='par_1_17' title="bbox 1364 3023 1425 3065">
     <span class='ocr_line' id='line_1_81' title="bbox 1364 3023 1425 3065; baseline 0 -19"><span class='ocrx_word' id='word_1_535' title='bbox 1364 3023 1425 3065; x_wconf 72' lang='lat' dir='ltr'><strong>l*</strong></span> 
     </span>
    </p>
   </div>
  </div>
 </body>
</html>
