2028 3268
100 261 158 303 31.
268 256 648 298 COMMENTARII
666 257 725 298 IN
743 253 1485 298 HoRAT11L113.1.EP1sT.SEXT.
1569 254 1656 296 299

99 388 150 427 ad
177 384 287 426 Poet.
317 384 382 425 lat.
413 386 503 422 min.
528 383 593 423 III.
622 396 662 434 p.
677 382 774 424 501.
817 383 1065 434 Quapropter
1092 382 1186 420 mira
1212 381 1400 423 videbitur
1429 379 1654 432 Brieglehii

99 455 365 508 interpretatio
378 481 392 504 ,
431 466 506 505 qua
546 459 736 490 extremos
765 452 961 502 conjungit
993 463 1079 491 cum
1107 452 1232 489 maris
1268 465 1340 504 pro
1369 449 1559 489 Arabibus
1587 465 1653 491 ex·

100 529 222 564 trema.
245 523 360 561 maris
391 535 459 561 seu
481 526 672 560 extremos
693 522 791 560 fines
818 520 932 558 man's
962 519 1242 570 incolentibus,
1282 515 1466 572 ἕςχάτους
1493 518 1655 561 θαλάσ-

99 602 187 645 σης.
246 591 309 631 De
347 590 537 630 Arabibus
575 590 669 641 ipsis
706 589 814 639 Virg.
857 589 932 627 Ge.
971 591 1021 638 2,
1062 586 1156 630 114.
1214 587 1369 640 Aspice
1406 595 1444 626 et
1474 591 1655 628 extremis

99 660 298 699 domitum
326 658 550 697 cultoribus
568 657 702 696 orbem
721 658 909 709 ansque
929 657 1065 694 domos
1081 656 1286 694 Arabum.

212 727 261 768 V.
290 730 332 769 7.
365 729 406 769 8.
463 727 646 766 Ludicra
672 747 730 756 --
753 725 847 763 ore?
880 725 1066 763 Ladiera
1095 726 1119 763 i.
1151 738 1186 764 e.
1216 725 1464 778 spectacula,
1492 726 1585 778 ludi,
1614 734 1658 768 ut

99 809 162 849 ap.
189 794 276 838 Liv.
305 798 356 848 1,
385 795 435 846 9,
469 797 535 838 13.
564 795 644 846 35,
674 795 714 835 9.
772 795 835 832 Cf.
863 793 990 833 Madv.
1020 794 1070 832 ad
1100 794 1180 832 Cic.
1210 795 1258 833 de
1285 794 1368 833 Fin.
1401 797 1448 846 1,
1479 797 1558 847 20,
1586 798 1656 837 69.

100 865 182 903 Cur
207 865 280 904 hoc
308 864 494 903 vocabulo
523 864 584 903 hic
609 876 701 902 usus
731 864 780 902 sit
803 863 1007 912 HoratiuS,
1035 867 1140 901 recte
1168 863 1358 913 significat
1374 865 1659 905 Doederlinius

100 934 140 971 in
168 934 262 984 Syn.
285 934 331 973 II.
360 949 399 986 p.
429 934 498 975 31.
557 934 782 983 Quanquam
813 931 916 981 ludi,
942 932 1103 969 maxime
1130 931 1335 970 Circenses
1378 939 1417 972 et
1445 935 1660 985 gladiatorii

101 1002 324 1053 (perperam
360 1003 423 1041 alii
454 1001 560 1040 solos
599 1001 815 1052 intelligunt
852 1001 1051 1049 scenicos,
1090 1000 1164 1037 vid.
1188 998 1304 1052 Dae.)
1342 1004 1523 1042 maximae
1549 1011 1659 1044 erant

100 1070 285 1110 Romanis
315 1071 559 1109 delectationi
587 1069 686 1120 (Cic.
718 1069 843 1121 Epist.
871 1069 921 1106 ad
951 1067 1037 1106 Div.
1067 1069 1117 1118 7,
1153 1069 1191 1109 1.
1218 1081 1275 1119 pr.
1305 1069 1454 1109 Muren.
1485 1073 1561 1123 18,
1587 1074 1658 1114 39.

101 1138 220 1178 Rutil.
246 1139 334 1179 ltin.
366 1141 412 1191 1,
442 1140 537 1181 201.
595 1138 788 1179 Heinrich.
817 1138 868 1175 ad
896 1138 980 1175 Juv.
1013 1137 1089 1185 10,
1119 1136 1187 1177 36.
1232 1138 1310 1186 11,
1344 1138 1439 1180 193.
1496 1141 1658 1193 Rupert,

100 1207 152 1244 ad
179 1206 264 1246 Juv.
292 1208 346 1258 3,
377 1209 501 1260 223),
527 1208 588 1247 hic
615 1215 745 1248 tamen
773 1206 923 1244 illorum
951 1206 1092 1244 factam
1128 1218 1216 1243 esse
1247 1207 1470 1246 crediderim
1497 1211 1661 1248 mentio-

101 1287 211 1325 nem,
233 1279 276 1314 ut
305 1281 497 1315 certamen
524 1282 722 1315 notaretur
751 1289 906 1325 eorum,
937 1276 1002 1326 qui
1031 1274 1130 1313 ludis
1159 1275 1317 1313 edendis
1347 1277 1516 1315 favorem
1530 1278 1661 1330 populi

102 1348 330 1395 captarent,
358 1346 397 1383 in
422 1359 534 1396 quam
560 1346 750 1390 rem-vide
778 1344 903 1385 Orell.
934 1348 973 1382 et
1001 1356 1098 1394 quos
1125 1342 1258 1382 laudat
1287 1345 1476 1385 Moebius
1504 1348 1554 1385 ad
1580 1348 1660 1386 Cic.

103 1424 163 1463 pr.
178 1411 328 1451 Muren.
348 1413 424 1464 19,
454 1411 523 1456 40.
555 1418 594 1453 et
624 1414 725 1452 conf.
746 1414 869 1452 Beier.
896 1412 947 1450 ad
967 1412 1047 1450 Cic.
1074 1412 1189 1451 Offic.
1218 1415 1267 1462 2,
1300 1415 1366 1454 16.
1422 1415 1585 1467 Rupert.
1611 1419 1662 1458 ad

103 1479 230 1521 Tacit.
259 1480 388 1533 Agric.
420 1484 472 1532 6,
512 1483 552 1523 7.
610 1481 726 1521 Wolf.
767 1486 807 1521 et
845 1480 964 1519 Orell.
1005 1481 1054 1520 ad
1093 1481 1175 1523 Cic.
1206 1481 1324 1520 Tusc.
1358 1482 1408 1534 5,
1451 1485 1532 1535 35,
1565 1488 1660 1530 102.

102 1546 244 1591 Loers.
271 1550 320 1588 ad
350 1550 465 1589 Ovid.
499 1549 618 1590 Trist.
648 1553 700 1601 2,
725 1549 822 1591 508.
851 1564 912 1600 sq.
942 1551 1050 1589 Suet.
1080 1550 1154 1589 Jul.
1174 1552 1239 1592 10.
1272 1552 1408 1590 octav.
1424 1550 1494 1593 43.
1525 1553 1660 1593 Claud.

103 1619 174 1659 21.
230 1617 355 1656 Recte
383 1617 458 1658 hoc
481 1620 603 1657 sensit
631 1619 700 1658 R.
723 1617 872 1656 Jacobs
901 1617 958 1670 (p.
990 1618 1112 1671 153);
1140 1624 1376 1671 quapropter
1400 1621 1529 1660 ludum
1559 1622 1596 1661 T
1597 1637 1663 1661 ro-

98 1685 164 1736 jae
192 1684 242 1724 ab
273 1684 447 1738 Augusto
475 1689 710 1738 institutum,
739 1691 781 1726 ut
808 1688 864 1726 sic
894 1686 1032 1723 clarae
1056 1688 1193 1737 stirpis
1212 1687 1367 1726 indoles
1391 1690 1662 1739 innotesceret,

102 1755 359 1806 significatum
396 1757 595 1809 opinatur,
634 1757 794 1795 sueton.
835 1754 934 1805 Aug.
975 1751 1044 1795 43.
1101 1755 1227 1806 Heyn.
1269 1755 1365 1798 Exc.
1395 1757 1442 1796 V.
1478 1759 1528 1797 ad
1557 1759 1661 1811 Virg.

18 1846 21 1847 ν
105 1821 202 1862 Aen.
226 1823 271 1862 V.
327 1825 482 1864 Ruhnk.
512 1824 643 1866 Lectt.
672 1825 840 1862 academ.
856 1823 977 1863 XXII.
1007 1836 1046 1874 p.
1077 1824 1119 1862 7.
1175 1822 1285 1863 Hanc
1309 1825 1664 1878 interpretationem

103 1892 295 1944 improbat
334 1893 588 1941 Groebelius,
619 1906 734 1944 quum
762 1892 923 1930 ludicra
951 1904 1030 1930 non
1052 1891 1127 1929 alia
1155 1905 1268 1943 quam
1298 1895 1452 1946 vulgata
1471 1897 1662 1948 significa-

104 1959 208 1998 tione
236 1961 486 2012 intelligenda
510 1976 598 2001 esse
626 1963 729 2002 dicit.
790 1962 980 2011 Quicquid
1010 1964 1093 2010 est,
1130 1960 1210 1998 noli
1235 1962 1350 2001 fidem
1375 1965 1518 2005 habere
1540 1980 1665 2018 neque

113 2029 254 2067 Vossio
267 2057 283 2075 ,
319 2028 480 2067 ludicra
509 2043 594 2069 cum
631 2031 754 2067 maris
803 2029 1050 2079 conjungenti
1086 2036 1202 2082 atque
1238 2034 1509 2084 vinterpretanti
1552 2036 1664 2085 „des

105 2096 259 2136 Meeres
289 2097 554 2148 Spieltand“,
597 2110 721 2147 neque
759 2097 958 2147 Koenigio
970 2124 987 2142 ,
1026 2097 1186 2134 ludicra
1226 2101 1428 2150 explicanti
1450 2115 1512 2140 res
1541 2102 1663 2154 leves,

22 2178 24 2182 “
105 2165 243 2204 nullius
267 2179 337 2216 per
367 2179 410 2204 se
438 2166 552 2218 pretii
581 2164 724 2217 (Epist.
754 2165 793 2214 1,
821 2167 861 2214 1,
894 2164 980 2216 10),
1011 2165 1142 2215 quales
1173 2167 1249 2205 sint
1277 2168 1453 2218 plausus
1482 2176 1521 2209 et
1541 2173 1667 2208 amici

105 2233 215 2271 dona
250 2235 419 2285 Quiritis
451 2234 514 2285 [at
550 2232 741 2283 „Horatii
765 2245 843 2270 non
871 2233 965 2282 fuit,
1008 2234 1098 2272 dum
1139 2237 1247 2274 amici
1281 2237 1460 2287 judicium
1489 2240 1664 2289 exquirit,

106 2314 215 2341 suum
243 2309 322 2343 tam
351 2304 552 2341 manifesto
582 2302 880 2353 interponere“;
910 2301 1115 2352 Orellius],
1144 2316 1269 2354 neque
1297 2306 1462 2356 denique
1487 2307 1537 2344 ad
1565 2308 1666 2358 figu-

105 2382 190 2409 ram
231 2371 334 2409 illam
374 2385 446 2423 per
482 2372 530 2411 ἓν
569 2368 638 2411 διοῖ
677 2371 796 2411 δυοῖν
834 2371 1042 2421 confugere
1081 2373 1106 2409 i.
1146 2385 1178 2410 e.
1219 2373 1375 2424 plausus
1418 2374 1457 2412 in
1493 2375 1665 2413 theatris.

110 2439 293 2477 Plausus·
319 2440 487 2491 intellige
512 2440 624 2479 datos
655 2439 714 2478 vel
742 2438 879 2477 talibus
900 2439 1075 2477 ludorum
1102 2442 1559 2491 magnificentissimorum
1587 2444 1666 2482 edi-

110 2507 257 2547 toribus
294 2508 356 2547 vel
386 2510 538 2548 omnino
584 2510 672 2547 viris
722 2506 832 2546 laude
869 2509 1050 2546 virtutum
1087 2509 1321 2560 insignibus3
1367 2512 1407 2548 in
1446 2511 1546 2550 illam
1585 2526 1666 2552 rem

113 2575 292 2614 Orellius
322 2578 471 2616 confert
508 2577 591 2618 Cic.
629 2590 689 2629 pr.
726 2577 834 2615 Sext.
865 2573 933 2617 54.
993 2576 1050 2613 Ei
1073 2599 1130 2606 —-
1156 2579 1229 2628 qui
1260 2592 1418 2615 rumore
1450 2586 1487 2615 et
1513 2579 1666 2632 favore

108 2643 257 2695 populi
275 2650 429 2682 tenetur
446 2652 484 2682 et
497 2645 687 2692 ducitur,
710 2645 909 2697 plausum
930 2645 1271 2683 immortalilatem
1281 2674 1298 2693 ,
1318 2646 1481 2685 sibilum
1500 2656 1665 2686 mortem

108 2712 241 2750 videri
258 2726 412 2751 necesse
430 2720 511 2760 est;
539 2713 640 2752 adde
666 2714 806 2753 Heind.
835 2715 886 2752 ad
912 2714 994 2752 Sat.
1023 2716 1073 2762 2,
1103 2714 1153 2763 3,
1186 2714 1281 2755 185.
1338 2714 1452 2754 Foss.
1478 2717 1529 2756 ad
1565 2717 1662 2757 Tac.

110 2778 241 2833 Agric.
278 2781 319 2823 6.
356 2783 395 2821 in
421 2782 560 2835 Progr.
590 2784 708 2825 schol.
737 2783 965 2833 Altenburg.
998 2782 1121 2824 1837.
1151 2795 1190 2833 p.
1218 2782 1288 2822 30.
1319 2789 1358 2823 et
1386 2786 1424 2823 in
1453 2785 1549 2824 hanc
1583 2799 1664 2825 rem

110 2849 159 2887 cf.
186 2850 271 2888 Cic.
299 2850 392 2888 ibid.
422 2849 502 2901 49,
535 2851 629 2893 105.
660 2852 740 2902 58,
774 2849 867 2894 124.
900 2851 975 2889 Od.
1010 2853 1059 2900 1,
1087 2851 1165 2899 20,
1192 2850 1231 2891 3·
1263 2853 1314 2901 2,
1344 2854 1422 2903 17,
1449 2853 1517 2897 25.
1556 2855 1664 2906 Virg.

111 2917 255 2967 Ge.2,
283 2918 379 2960 508.
407 2918 552 2958 Lucan.
581 2922 631 2972 1,
663 2921 758 2963 133.
785 2920 963 2972 Propert.
993 2920 1045 2969 3,
1079 2921 1132 2961 17
1150 2918 1256 2971 (16),
1289 2921 1355 2961 18.
1379 2922 1469 2973 ibiq.
1494 2922 1664 2962 Broukh.

113 2981 272 3025 Phaedr.
301 2986 353 3037 5,
381 2989 434 3038 7,
464 2988 533 3030 28.
555 2988 635 3027 Cic.
663 3002 723 3040 pr.
756 2988 930 3039 Dejotar.
968 2989 1046 3038 12,
1075 2988 1143 3029 33.
1170 2987 1340 3040 (Moeb.)
1377 2990 1536 3028 Sueton.
1566 2989 1665 3040 Aug.
