2028 3268
195 282 250 323 69
316 278 701 321 COMMENTARII
719 278 778 320 IN
798 278 1029 320 HORATII
1057 278 1199 321 LIB.1.
1235 277 1402 321 EPIST.
1429 278 1614 326 QUINT.
1660 277 1742 319 259

195 409 256 448 vel
275 409 389 448 flores
411 407 551 446 mensis
579 407 736 458 injectos
770 407 919 446 ludibrii
939 418 1053 446 causa
1075 405 1318 458 spargebant.
1377 406 1464 453 Qua
1497 405 1650 456 quidem
1678 417 1741 443 ex-

196 476 398 529 plicatione
421 474 566 515 tollitur
594 485 746 524 quoque
773 473 877 512 istud
913 470 1061 527 ῧςερον
1098 472 1319 528 πρότερον,
1351 474 1455 524 quod
1485 472 1545 511 hic
1574 472 1741 510 invenire

195 543 266 582 sibi
281 544 384 584 visus
409 547 468 582 est
486 542 652 582 Baxter.
711 540 1063 593 splendidissimam
1089 542 1271 594 ejusmodi
1298 541 1638 580 commissationem
1665 539 1740 577 ele—

193 615 330 663 ganter
347 611 548 663 descripsit
565 609 738 655 Becker,
769 609 814 648 V.
831 609 906 660 CL,
934 610 972 648 in
995 610 1119 648 Gallo
1140 610 1189 650 ΙΙ.
1214 625 1252 663 p.
1275 610 1369 651 192.
1388 623 1474 661 sqq.
1499 606 1595 651 234.
1618 606 1668 646 N.
1686 608 1739 656 1.‚

193 679 258 718 ubi
280 679 366 719 vide
382 681 545 718 eundem
569 679 618 717 de
641 677 789 716 coronis
814 691 852 729 p.
879 678 975 719 217.
1010 683 1184 717 accurate
1216 679 1485 729 disputantem.
1543 677 1589 714 In
1608 675 1739 715 tabula

193 747 358 798 quadam
385 746 617 797 Pompejana
651 747 764 784 flores
793 749 834 783 et
849 757 1001 784 mensae
1035 750 1074 784 et
1110 746 1191 785 solo
1218 747 1380 798 inspersi
1408 751 1630 792 cernuntur3
1659 745 1737 784 vid.

192 813 433 867 „Pompeji.“
450 813 498 851 ΙΙ.
519 828 561 867 p.
583 811 677 855 104.
705 814 770 864 fig.
795 811 864 853 43.
891 835 947 842 --
984 814 1029 851 V.
1052 814 1117 855 15.
1166 816 1383 867 Incipiam.
1427 814 1540 853 Varie
1556 826 1642 852 cum
1658 811 1738 851 aliis

192 885 382 921 nostrates
412 882 575 920 Vossius
595 885 635 920 et
660 881 938 927 Welandius,
970 895 1129 932 quorum
1148 883 1231 921 ille:
1269 884 1343 934 „0
1366 883 1527 934 gezecht
1545 883 1625 920 und
1647 881 1738 920 Blu-

192 963 279 989 men
299 952 489 1002 gestreut!
519 949 648 988 Selbst
663 949 722 987 ich
742 951 919 989 voran!“
949 950 1030 989 hic:
1062 951 1175 1002 „Von
1196 965 1276 990 nun
1302 965 1351 991 an
1379 952 1452 990 will
1478 952 1559 1001 ich,
1588 951 1657 989 wie
1676 950 1737 988 ein

191 1018 372 1068 anderer‚
405 1019 475 1056 mir
495 1017 637 1068 giitlich
659 1018 798 1058 thun.“
856 1018 1033 1058 Praestat
1049 1019 1164 1071 illud,
1194 1023 1327 1071 utpote
1353 1021 1403 1058 ad
1431 1021 1595 1059 animum
1618 1019 1738 1058 homi-

190 1085 248 1123 nis
289 1085 433 1124 laetitia
475 1085 697 1125 exsultantis
736 1088 1069 1128 accommodatius.
1128 1086 1232 1126 Idem
1261 1089 1446 1140 expressit
1481 1088 1709 1139 Campenon
1724 1103 1735 1123 .-

188 1154 290 1205 „j'en
319 1155 500 1192 donnerai
527 1155 767 1206 l'exemple.“
793 1178 848 1184 —-
874 1158 1091 1208 patiarque
1121 1157 1186 1194 vel
1207 1156 1459 1194 inconsultus
1479 1156 1621 1194 lzaberi
1641 1157 1737 1194 refe-

187 1222 346 1260 rendum
368 1221 517 1262 videtur
542 1224 700 1261 adeam
715 1224 970 1262 conditionem
980 1223 1020 1276 *)
1033 1252 1045 1274 ,
1074 1237 1149 1275 qua
1171 1225 1254 1274 quis
1274 1225 1386 1263 nimia
1403 1224 1600 1276 voluptate
1621 1225 1738 1274 gestit

188 1292 305 1338 atque
322 1289 498 1341 effertur,
527 1294 571 1328 ut
586 1291 664 1331 od.
689 1289 739 1341 4,
770 1292 846 1343 12,
879 1293 948 1334 27.
980 1293 1112 1329 Misce
1131 1292 1345 1330 stultitiam
1363 1294 1540 1330 consiliis
1562 1292 1731 1330 brevem.

187 1356 324 1394 Dulce
351 1364 432 1403 est,
471 1357 647 1410 desipere
678 1361 723 1396 in
754 1359 866 1406 loeo,
906 1365 945 1399 et
980 1361 1054 1399 Od.
1084 1362 1135 1410 2,
1166 1361 1214 1411 7,
1247 1361 1313 1402 28.
1358 1361 1409 1411 3,
1441 1361 1515 1412 19,
1547 1362 1614 1401 18.
1672 1361 1736 1398 Cf-

186 1423 339 1464 Mitseh.
369 1429 409 1463 et
449 1425 566 1466 Orell.
603 1427 654 1465 ad
691 1427 766 1467 Od.
800 1428 850 1478 1,
879 1428 957 1478 36,
987 1429 1052 1470 12.
1111 1427 1258 1466 Notum
1290 1432 1350 1467 est
1372 1429 1464 1467 illud
1487 1428 1735 1467 Anacreontis

187 1493 266 1542 31,
309 1493 372 1532 3.:
413 1492 549 1544 θέλω,
578 1494 687 1536 θέλω
718 1497 912 1548 μανῆναι.
973 1495 1095 1534 Aliter
1142 1496 1388 1534 Sanaclonus
1411 1502 1451 1536 et
1474 1497 1735 1548 Doriglzello‚

185 1561 248 1610 qui
272 1561 458 1600 stultitiae
477 1575 514 1603 v.
536 1560 603 1604 14.
624 1564 812 1603 indicatae
835 1563 947 1602 aliam
971 1564 1030 1602 hie
1048 1565 1178 1603 vident
1202 1565 1438 1618 oppositam:
1474 1565 1607 1616 „Folie
1639 1578 1735 1616 pour

184 1628 271 1667 solie
281 1629 321 1680 ⁶⁶,
359 1634 403 1668 ut
429 1632 618 1670 sententia
647 1634 717 1670 sit:
761 1635 976 1683 „praestat
1007 1633 1149 1670 dicere:
1178 1633 1277 1671 malo
1309 1634 1402 1672 meis
1436 1633 1546 1671 bonis
1577 1632 1660 1682 uti,
1692 1637 1735 1670 ut

183 1710 268 1736 cum
293 1698 420 1736 amicis
457 1701 571 1750 genio
596 1700 837 1752 indulgeam,
866 1713 980 1751 quam
1008 1713 1163 1752 parcere
1190 1713 1320 1739 eorum
1355 1701 1463 1749 usui,
1495 1704 1539 1738 ut
1558 1701 1734 1738 heredem

181 1778 306 1804 meum
329 1767 486 1805 ditem.‘⁶
542 1769 641 1806 Cum
659 1770 704 1806 iis
729 1770 851 1807 facere
870 1770 1020 1807 videtur
1036 1771 1160 1807 Daru
1174 1785 1185 1805 :
1217 1769 1340 1819 „Bien
1364 1770 1454 1819 fou,
1485 1769 1550 1818 qui
1574 1781 1616 1806 se
1637 1768 1735 1819 gene

181 1846 272 1873 sans
289 1847 394 1874 cesse
417 1835 520 1874 Pour
544 1836 704 1876 l'amour
732 1840 781 1876 de
806 1851 878 1876 son
909 1837 1080 1876 heritier!
1111 1837 1242 1883 Qu'on
1259 1839 1442 1875 m'accuse
1464 1837 1565 1874 aussi
1589 1838 1637 1874 de
1667 1838 1735 1876 de'-

179 1903 268 1955 lire,
297 1903 397 1943 Mais
432 1905 485 1943 du
512 1906 628 1945 de'lire
661 1908 728 1944 des
765 1907 974 1945 buveurs.“
1031 1906 1084 1945 At
1120 1906 1304 1945 Horatius
1331 1906 1459 1957 potius
1487 1905 1532 1942 iis
1558 1905 1734 1955 occurrit,

180 1983 277 2021 quae
301 1977 513 2023 sequuntur
545 1987 582 2012 v.
610 1976 678 2015 16.
737 1974 867 2026 Rigidi
897 1975 997 2013 enim
1029 1975 1199 2013 homines
1233 1978 1272 2011 et
1300 1974 1422 2011 severi
1440 1986 1500 2025 ap.
1521 1973 1628 2012 Stob.
1650 1972 1731 2013 Ecl.

180 2040 229 2091 2,
255 2042 294 2080 7.
325 2055 366 2092 p.
391 2038 485 2083 224.
518 2041 652 2080 Heer.:
690 2039 773 2095 Οὐχ
804 2039 892 2084 οἷόν
921 2058 963 2083 τε
995 2039 1338 2094 μεθυσθήσεσθαι
1361 2039 1434 2081 τόν
1454 2044 1557 2082 νοῦν
1578 2040 1730 2093 ἔχοντα.

186 2105 272 2160 Τήν
299 2106 376 2163 γὰρ
406 2107 541 2160 μέθην
578 2108 847 2163 ἁμαρτητικὸν
872 2108 1092 2163 περιέχειν,
1132 2105 1307 2162 λήρησίυ
1336 2124 1376 2148 τε
1408 2105 1512 2148 εἶναι
1540 2108 1634 2160 περὶ
1659 2106 1732 2148 τὸν

180 2173 309 2216 οἶνον.
371 2175 562 2215 Plutarch.
589 2179 638 2215 de
659 2178 841 2216 Garrulit.
866 2178 969 2218 VIII.
1001 2192 1039 2229 p.
1060 2179 1098 2218 8.
1131 2177 1261 2215 Reisk.
1286 2177 1443 2215 Maxim.
1474 2189 1537 2226 ap,
1561 2175 1676 2213 Orell.
1701 2178 1729 2213 Ι.

177 2258 220 2296 p.
257 2242 323 2283 44.
371 2243 402 2296 ἦ
445 2243 554 2297 μέθη
601 2247 747 2298 μανίας
798 2245 963 2298 μελέτη,
1015 2245 1237 2294 quibuscum
1285 2243 1475 2282 consentit
1510 2243 1656 2280 Seneca
1691 2243 1730 2279 in

177 2312 304 2364 Epist.
328 2313 395 2353 83.

291 2380 338 2420 V.
369 2381 437 2422 16.
504 2380 616 2430 Quid
640 2406 690 2411 —
713 2381 896 2419 recludit.
960 2381 1074 2426 Quod
1103 2381 1217 2431 paulo
1249 2383 1338 2417 ante
1367 2382 1468 2416 tecte
1499 2378 1727 2428 significarat

178 2446 310 2499 Poeta,
334 2449 414 2499 jam
431 2453 563 2499 aperte
584 2451 784 2502 profitetur
805 2454 845 2488 et
862 2450 929 2499 ita,
959 2454 1001 2486 ut
1018 2449 1230 2499 elegantem
1249 2448 1448 2485 ebrietatis
1472 2445 1727 2484 laudationem

178 2520 379 2567 proponat.
438 2518 502 2556 Sic
531 2518 618 2556 Tib.
645 2520 693 2570 2,
737 2520 786 2570 1,
826 2517 895 2559 29.
964 2518 1073 2555 Vina
1109 2517 1214 2554 diem
1249 2515 1469 2553 celebrent:
1506 2528 1586 2551 non
1615 2516 1727 2566 festa

179 2584 269 2621 luce
291 2585 451 2623 madere
469 2587 547 2624 Est
574 2586 708 2629 rubor,
768 2588 948 2625 Ceterum
966 2585 1150 2623 ebrietate
1170 2598 1249 2623 non
1275 2589 1353 2622 tam
1381 2581 1602 2621 temulentia
1627 2583 1726 2620 indi-

179 2655 308 2703 catur,
338 2665 452 2702 quam
483 2665 530 2692 ea
547 2655 735 2706 potatoris
755 2655 944 2706 conditio,
975 2667 1049 2704 qua
1076 2655 1163 2692 vino
1184 2653 1340 2692 alacrior
1360 2656 1399 2690 et
1426 2649 1577 2687 hilarior
1600 2649 1723 2688 factus

270 2831 307 2877 *)
343 2833 448 2867 Hunc
481 2833 595 2867 locum
624 2834 821 2868 rectissime
847 2835 1104 2881 interpretatus
1132 2837 1189 2867 est
1217 2831 1462 2877 Doerhagiw,
1488 2829 1549 2874 qui
1574 2833 1611 2864 et
1632 2830 1720 2875 ipse,

178 2892 271 2924 teste
306 2890 564 2925 Wiistcmamw
594 2889 632 2923 in
663 2891 774 2934 ejusd.
810 2893 1018 2926 Commentt.
1059 2892 1176 2925 Orate.
1211 2891 1329 2924 Carm.
1362 2887 1587 2932 Norimberg.
1617 2887 1719 2922 1839.

178 2959 216 2993 p.
233 2946 329 2992 284„
350 2948 388 2982 in
412 2946 553 2982 circulis
576 2947 764 2983 amicorum
789 2949 1015 2984 hilarissimus
1045 2948 1124 2982 olim
1151 2947 1221 2982 fuit
1245 2947 1321 2982 sive
1357 2946 1511 2981 conviva
1534 2945 1611 2980 sive
1638 2956 1721 2979 con·

179 3003 332 3043 vivatur.
381 3006 480 3041 Haec
497 3004 594 3050 dixi,
622 3010 662 3039 ut
677 3005 771 3051 piam
790 3009 857 3042 viri
871 3008 963 3042 illius
983 3007 1102 3052 optimi
1118 3005 1315 3040 memoriam
1331 3010 1496 3040 testarer.
