2028 3268
161 215 243 260 123
300 211 678 255 COMMENTARH
706 212 768 254 IN
795 211 1019 254 HORATII
1045 211 1146 252 LIB.
1165 211 1196 251 Ι.
1215 210 1381 252 EPIST.
1401 211 1549 251 SEPT.
1610 210 1694 253 395

158 338 435 391 ed.·Br0ukh.)
468 337 562 389 ibiq.
600 337 706 377 Diss.
751 343 793 378 et
813 338 981 378 Broukh.
1045 338 1144 390 Spes
1176 336 1300 375 sulcis
1330 337 1455 376 credit
1481 339 1608 376 aratis
1636 352 1698 376 se-

158 408 282 445 mina.
340 407 521 458 Calpurn.
552 407 634 445 Ecl.
665 405 707 457 4,
740 408 834 448 113.
900 407 1036 457 Coepit
1063 414 1099 443 et
1121 405 1287 456 uberior,
1313 406 1435 444 sulcis
1452 406 1698 459 fallentibus

157 475 272 522 clim,
300 475 531 513 Luxuriare
551 489 659 527 seges
678 474 742 512 ubi
761 474 869 513 Wsd.
890 474 989 512 hunc
1009 474 1134 513 locum
1155 479 1364 526 comparat.
1420 475 1575 515 Petron.
1601 477 1696 517 117.

157 543 252 595 ibiq.
271 543 401 582 Burm.
433 543 622 596 loquatur
650 556 798 580 aurum
826 549 863 580 et
892 550 1106 594 argentum
1121 544 1355 596 fundosque
1386 544 1594 582 mendaces
1622 548 1696 584 etc.

158 611 243 650 Alia
269 612 380 664 plura
406 613 650 664 suppeditant
671 611 804 650 Heius.
834 611 884 649 ad
914 612 1028 650 Ovid.
1054 625 1100 651 ex
1127 612 1241 650 Pont.
1263 615 1303 662 2,
1328 612 1369 663 9,
1401 613 1469 656 29.
1524 611 1694 651 Broukh.

157 682 209 720 ad
238 680 331 719 Tib.
365 683 406 731 2,
438 682 477 731 1,
511 681 575 723 19.
632 680 791 718 Biinem.
819 680 868 717 ad
896 679 1073 719 Lactant.
1102 680 1198 719 Inst.
1227 682 1276 732 7,
1311 682 1389 732 16,
1418 681 1458 720 6.
1518 682 1697 720 Ceterum

157 763 209 789 ne
235 751 343 800 quis,
396 751 450 788 uti
477 749 646 800 Heynius
675 749 725 786 ad
751 747 856 799 Virg.
887 748 963 786 Ge.
990 748 1042 797 4,
1078 749 1173 791 129.
1205 754 1243 788 et
1270 751 1319 788 ad
1345 750 1383 788 h.
1413 749 1439 788 l.
1470 749 1697 788 Groebelius

159 817 248 856 coll.
277 819 354 857 Od.
386 821 435 868 1,
465 818 544 867 31,
572 816 612 857 4.
649 816 701 866 3,
728 818 804 866 16,
834 816 904 856 30.
962 816 1068 867 Virg.
1099 817 1173 855 Ge.
1204 815 1256 867 4,
1299 817 1395 859 129.
1425 823 1596 869 segetem
1625 830 1696 869 pro

159 900 254 938 agro
283 887 505 939 simpliciter
532 885 714 936 accipiat,
759 885 908 923 cavebit
935 890 1116 924 accurata
1139 885 1366 924 Broukhusii
1391 891 1430 926 et
1458 886 1625 925 Dissenii
1648 887 1699 926 ad

160 954 251 993 Tib.
277 952 319 1006 4,
350 958 390 1005 1,
422 957 517 997 172.
546 960 584 993 et
611 953 756 992 Klotzii
784 954 833 991 ad
863 954 944 991 Cic.
976 953 1096 992 Tusc.
1129 956 1175 1004 2,
1207 954 1258 1004 5,
1291 955 1357 996 13.
1390 956 1620 997 observatio.
1643 977 1699 985 —

160 1031 318 1061 enectus
341 1023 510 1061 arando.
540 1022 688 1067 Quodsi
722 1020 955 1059 Groebelius
983 1022 1169 1072 „arando
1197 1024 1329 1061 arandi
1357 1023 1557 1063 laborem“
1585 1023 1699 1063 intel-

159 1091 258 1143 ligit,
286 1105 398 1143 quem
422 1092 523 1130 haud
552 1090 664 1129 dubie
693 1091 844 1128 nimium
870 1091 988 1128 fuisse
1017 1095 1206 1141 oporteat,
1232 1091 1395 1141 alioquin
1422 1106 1500 1130 non
1527 1092 1698 1143 intelligi,

161 1161 353 1211 quomodo
393 1159 461 1198 bos
495 1159 649 1198 arando
681 1165 837 1197 enectus
866 1158 940 1196 dici
979 1160 1126 1209 possit,
1176 1159 1247 1197 sed
1275 1172 1388 1210 quum
1417 1162 1518 1199 nimii
1557 1161 1698 1200 laboris

161 1228 386 1280 significatio
413 1243 537 1280 neque
565 1228 692 1267 verbis
719 1228 815 1280 ipsis
851 1228 1110 1276 contineatur,
1138 1240 1261 1277 neque
1291 1229 1468 1266 saevitiae
1496 1230 1534 1267 in
1563 1229 1700 1268 bovem

162 1296 352 1335 exercitae
380 1299 545 1349 suspicio
574 1299 613 1336 in
637 1297 728 1336 boni
754 1297 892 1335 Volteii
915 1308 1119 1348 personam
1148 1297 1284 1345 cadat,
1334 1309 1412 1334 non
1440 1296 1598 1335 multum
1630 1296 1701 1334 ab-

161 1378 272 1416 esse,
316 1367 406 1416 quin
433 1372 498 1405 aut
521 1366 724 1417 legendum
749 1366 880 1404 credat
902 1371 1040 1402 arator
1066 1363 1155 1416 (bos
1185 1365 1330 1416 arator)
1354 1371 1419 1403 aut
1447 1365 1602 1402 arando
1629 1378 1701 1416 pro

160 1431 289 1473 Dativ.
327 1434 469 1474 habeat
507 1435 787 1485 conjungatque
826 1447 909 1472 cum
945 1432 1012 1470 bos
1052 1432 1134 1470 scil.
1174 1426 1233 1472 οἷν
1270 1433 1357 1485 (der
1385 1433 1608 1487 Pflugstier)
1638 1447 1701 1473 se·-

162 1502 324 1541 cundum
351 1502 511 1541 Dativos
540 1503 640 1553 illos,
669 1502 800 1553 quales
828 1502 905 1540 sint
932 1501 1164 1552 „decemviri
1191 1501 1336 1552 legibus
1367 1503 1576 1541 scribendis
1606 1509 1700 1542 etc.:

159 1569 238 1608 hoc
266 1571 441 1621 equidem
469 1571 730 1610 affirmaverim
762 1575 892 1609 vetare
920 1569 1122 1608 verborum
1151 1571 1460 1622 collocationem,
1499 1572 1608 1610 illud
1624 1586 1704 1611 non

160 1638 201 1677 in
229 1639 356 1677 verbis
388 1653 498 1691 esse,
547 1652 708 1691 quorum
733 1639 921 1677 sententia
950 1642 1029 1676 est:
1077 1645 1234 1691 praeter
1263 1642 1338 1679 alia
1366 1642 1479 1680 etiam
1507 1641 1581 1680 hoc
1607 1641 1704 1680 affe-

162 1709 266 1746 ctum
293 1720 380 1747 esse
410 1709 549 1747 damno
577 1709 789 1758 Volteium,
836 1708 941 1760 quod
969 1706 1040 1745 bos
1078 1713 1207 1748 arator
1246 1710 1343 1762 (non
1369 1709 1504 1748 morbo
1533 1711 1704 1762 perierit,

162 1775 235 1814 sed
259 1775 415 1814 arando
442 1795 501 1812 z
524 1778 724 1828 arantem)
754 1778 792 1815 in
818 1777 904 1828 ipso
936 1789 1053 1829 opere
1083 1779 1228 1817 rustico
1252 1779 1479 1826 conciderit;
1518 1791 1593 1830 qua
1621 1779 1705 1829 qui-

163 1843 254 1883 dem
289 1856 332 1882 re
371 1844 526 1895 quilibet
563 1845 806 1884 infortunium
844 1845 936 1883 illud
962 1847 1102 1885 sentiet
1135 1847 1230 1886 mire
1261 1851 1427 1886 auctum.
1484 1846 1546 1886 De
1575 1846 1703 1886 Ablat.

163 1911 349 1950 Gerundii
375 1913 451 1951 vid.
480 1913 642 1964 Rupert.
671 1913 720 1950 ad
749 1913 847 1951 Tac.
877 1912 977 1952 Ann.
1009 1915 1050 1963 6,
1079 1915 1162 1965 38,
1195 1918 1233 1958 1.
1263 1921 1327 1967 et,
1359 1929 1473 1967 quem
1502 1915 1631 1954 laudat
1655 1917 1705 1954 ad

166 1975 247 2028 14,
276 1980 355 2030 31,
384 1981 450 2030 3.,
477 1980 594 2019 Roth.
624 1981 674 2018 ad
702 1980 795 2031 Agr.
820 1981 860 2019 in
880 1981 973 2019 Exc.
1003 1981 1091 2021 XX.
1151 1983 1213 2021 Ob
1247 1986 1407 2023 eandem
1434 1997 1587 2022 causam
1615 1997 1704 2022 sen-

164 2047 308 2086 tentiae
350 2049 577 2099 gravitatem
614 2049 823 2099 infringunt
865 2049 928 2100 qui
970 2050 1026 2087 uti
1071 2050 1246 2089 Orellius
1284 2058 1324 2091 et
1356 2052 1582 2090 Hoclzeder.
1621 2066 1706 2090 cum

164 2116 380 2155 Scholiasta
408 2117 528 2169 Cruq.
556 2123 733 2154 enectum
761 2118 1059 2169 interpretantur
1090 2121 1388 2169 „attenuatum“
1414 2121 1566 2159 laudato
1593 2121 1704 2158 Cice-

163 2198 259 2224 rone
281 2186 331 2223 ad
352 2184 432 2224 Att.
454 2186 494 2236 6,
527 2188 565 2228 1.
589 2192 723 2223 enecta
741 2186 858 2237 fame
881 2200 932 2224 ac
956 2187 1025 2224 siti
1041 2188 1272 2238 provincia.
1332 2187 1443 2228 Livio
1467 2191 1534 2238 21,
1563 2187 1631 2237 40,
1662 2187 1703 2226 9.

153 2252 293 2305 same,
313 2253 491 2304 frigore,
517 2253 676 2301 illuvie,
704 2254 890 2306 squalore
917 2256 1058 2301 enecti,
1086 2255 1152 2294 ubi
1179 2258 1306 2294 enecti
1332 2258 1507 2296 dicuntur
1533 2257 1704 2294 homines

163 2323 308 2361 enectis
338 2322 492 2360 similes.
549 2323 655 2362 Nihil
680 2336 780 2361 nunc
805 2336 934 2362 moror
961 2322 1142 2363 Prisciani
1168 2327 1443 2375 testimonium,
1473 2326 1612 2376 quippe
1641 2325 1705 2375 qui

163 2390 246 2429 sine
269 2403 384 2429 sensu
412 2391 624 2441 elegantiae
652 2390 810 2430 verbum
838 2399 996 2430 enectus
1027 2392 1087 2431 hic
1113 2394 1162 2431 ad
1189 2394 1313 2432 vivum
1344 2397 1515 2442 resecet,
1564 2395 1605 2430 at
1632 2391 1706 2430 hoc

162 2459 203 2498 in
223 2464 404 2510 promptu
431 2463 506 2509 est,
533 2459 732 2499 Horatium
756 2460 903 2499 damnis
931 2465 1021 2499 ante
1044 2463 1345 2500 commemoratis
1367 2461 1487 2510 majus
1507 2459 1566 2497 vel
1586 2460 1705 2498 maxi-

163 2539 269 2566 mum
297 2527 440 2566 addere
467 2528 635 2567 voluisse
659 2528 811 2580 pondus
840 2530 979 2580 injecta
1006 2528 1114 2568 bovis
1142 2530 1241 2568 illius
1270 2542 1348 2567 non
1385 2527 1517 2565 labore
1542 2529 1705 2567 confecti

164 2594 227 2633 vel
252 2596 451 2645 attenuati,
482 2597 552 2634 sed
574 2597 674 2635 inter
701 2597 884 2636 arandum
912 2598 1071 2636 emortui
1089 2598 1296 2635 mentione.
1354 2594 1446 2633 Inde
1466 2596 1578 2634 etiam
1599 2609 1706 2635 suam

167 2663 242 2700 vim
269 2661 412 2700 habent
439 2662 558 2702 verba
592 2677 688 2715 quae
723 2668 931 2715 sequuntur
973 2664 1161 2717 Offensus
1188 2663 1351 2700 damnis
1388 2685 1446 2693 —-
1485 2664 1618 2702 media
1656 2665 1706 2702 de

167 2737 281 2767 nocte
309 2752 365 2760 —
394 2729 560 2780 Arripit
585 2733 790 2784 iratusque
819 2732 954 2772 tendit.
978 2754 1026 2759 ——
1048 2730 1156 2769 Hanc
1183 2735 1311 2768 autem
1337 2731 1458 2781 ipsam
1482 2743 1563 2770 rem
1590 2733 1705 2771 nimio

166 2798 254 2850 plus
282 2802 400 2848 auget
426 2811 582 2836 severus
606 2798 668 2837 ille
689 2800 893 2851 Cruquius,
923 2812 1035 2850 quum
1061 2798 1154 2836 haec
1179 2801 1357 2836 annotat:
1387 2798 1475 2848 „hic
1499 2801 1586 2838 vide
1615 2800 1705 2851 quid

168 2867 292 2917 prosit
318 2870 385 2904 aut
413 2865 516 2904 obsit
542 2867 580 2903 in
607 2866 722 2904 rebus
749 2869 908 2918 agendis
936 2866 1186 2917 inprudentia.
1245 2865 1412 2905 Volteius
1437 2872 1582 2906 temere
1614 2882 1705 2906 coe-

169 2934 227 2985 pit
254 2947 368 2986 agros
402 2933 550 2984 colere,
598 2935 714 2974 stulte
739 2936 906 2987 deserit,
951 2935 1028 2974 suis
1058 2933 1172 2974 rebus
1200 2933 1302 2974 nulla
1330 2948 1418 2975 cura
1446 2938 1511 2975 aut
1539 2937 1704 2975 remedio
