2054 3268
274 257 655 298 COMMENTARII
682 257 738 295 IN
760 252 988 293 HORATII
1016 251 1194 291 EPIST.
1225 250 1373 292 PRIM.
1401 249 1506 288 LIB.
1538 250 1572 291 1.
1632 244 1689 285 25

134 379 288 426 terpres
320 370 496 420 cavebit,
533 384 586 408 ne
608 383 767 422 semper
783 379 1048 420 personarum
1074 365 1227 404 ratione
1251 362 1372 401 anxie
1395 360 1534 401 habita
1554 361 1691 400 omnia

133 442 200 478 vel
224 439 276 479 ad
293 454 406 490 eum,
433 442 504 494 qui
526 441 685 489 scribit,
717 438 784 476 vel
804 435 855 474 ad
887 449 1001 483 emn,
1034 432 1084 471 ad
1105 446 1228 486 quem
1247 432 1453 480 scribitur,
1485 431 1631 469 referat
1650 436 1691 467 et

134 510 212 558 sio,
241 521 344 561 quae
361 509 591 546 communia
617 512 733 555 sunt,
766 505 859 542 artis
879 510 919 541 et
944 510 1176 553 temporum
1199 507 1238 539 et
1255 513 1520 554 personarum
1544 498 1690 537 limiti—

132 575 208 614 bus
225 577 428 614 terminet.
487 578 617 613 Immo
649 571 705 626 ¹⁸),
733 573 921 610 Horatius
945 572 981 610 is
1008 569 1305 610 existImandus
1327 575 1409 617 est,
1438 569 1509 622 qui
1528 574 1597 605 aut
1617 580 1689 605 oc-

133 643 293 682 casione
314 645 432 697 quasi
451 641 652 682 scribendi
677 654 700 679 a
720 641 835 678 certis
852 640 1035 692 personis
1053 647 1215 691 sumpta
1231 653 1352 692 saepe
1384 637 1437 676 ad
1456 636 1690 676 communia

131 718 309 750 transeat
329 711 578 764 temporibus
596 711 678 747 illis
698 708 870 758 majora,
905 714 975 746 aut
998 709 1156 746 etiamsi
1173 708 1320 746 scribat
1334 737 1345 756 ,
1373 719 1478 760 quae
1499 705 1688 757 proxime

133 779 186 819 ad
209 781 343 833 ipsum
363 787 403 819 et
422 778 473 817 ad
491 779 640 816 amicos
659 776 883 828 pertinent,
912 789 975 814 res
1001 782 1139 815 tamen
1163 777 1350 827 vulgares
1375 781 1414 814 et
1439 779 1531 811 aute
1550 773 1688 811 oculos

132 849 283 902 positas
314 861 440 902 quum
467 846 621 900 ingenii
658 844 723 882 sui
760 845 898 897 lepore
931 851 1072 893 ornet,
1110 852 1200 883 tum
1226 847 1338 895 ipsae
1365 850 1412 882 ut
1440 841 1689 892 expolitione

134 916 344 955 distinctae
364 915 645 966 splendescant
672 912 795 950 faciat
816 909 890 966 **).
949 912 1138 951 Ceterum
1171 926 1386 951 commune
1419 917 1480 949 est
1506 909 1690 947 omnium

133 983 427 1035 Epistolarum,
458 989 504 1020 ut
541 984 666 1021 Poeta
705 993 752 1017 ea
779 988 1000 1033 proponat,
1043 982 1111 1019 vel
1139 995 1243 1035 quae
1275 979 1327 1018 ad
1356 981 1464 1018 vitae
1490 978 1688 1015 rationem

131 1052 235 1090 bene
257 1064 303 1089 ac
319 1051 521 1103 sapienter
536 1048 757 1088 ineundam
783 1047 1087 1088 accommodata
1116 1051 1219 1099 sint,
1250 1050 1318 1087 vel
1343 1062 1447 1102 quae
1468 1044 1520 1083 ad
1548 1047 1688 1083 litera-

133 1131 222 1156 rum
241 1117 421 1157 studium
440 1125 529 1156 tum
548 1125 654 1156 recte
673 1116 979 1169 dijudicandum
1000 1147 1010 1166 ,
1038 1124 1128 1155 tum
1152 1119 1227 1156 rite
1247 1115 1573 1170 promovendum
1595 1122 1690 1168 apta

133 1193 254 1240 atque
272 1186 420 1226 idonea
439 1187 664 1226 arbitretur.
693 1185 846 1233 Quodsi
861 1187 904 1223 in
915 1185 1058 1224 Satiris
1075 1187 1204 1224 multa
1227 1184 1431 1224 hilaritate
1453 1192 1493 1223 et
1511 1185 1596 1223 sale
1611 1185 1689 1222 ali-

133 1266 213 1306 quo
248 1255 364 1307 nigro
394 1256 618 1306 conspersis
646 1253 951 1307 philosophiam
977 1251 1182 1292 inchoavit
1212 1254 1276 1307 (ut
1305 1254 1355 1293 de
1384 1256 1562 1294 Varrone
1590 1252 1688 1290 dicit

133 1321 271 1360 Cicero
288 1324 330 1359 iu
352 1321 545 1360 Academ.
575 1325 621 1372 1,
639 1323 690 1371 3,
713 1321 776 1371 9.)
805 1322 864 1358 ad
890 1322 1180 1372 impellendum
1210 1325 1309 1361 satis
1319 1351 1334 1369 ‚
1363 1323 1422 1360 ad
1444 1321 1688 1359 edocendam

125 1403 280 1440 parum
290 1417 308 1436 ,
334 1391 377 1427 in
394 1390 586 1440 Epistolis
613 1387 843 1428 inchoatam
863 1390 978 1427 illam
1005 1393 1221 1443 perpolivit
1244 1405 1328 1430 non
1351 1391 1573 1429 subtilitate
1594 1391 1688 1443 qui-

134 1457 228 1496 dem
244 1456 487 1506 disserendi,
515 1464 555 1495 at
575 1459 725 1508 majore
752 1457 989 1496 facetiarum
1012 1460 1238 1498 urbanitate
1265 1468 1386 1513 atque
1411 1459 1602 1498 orationis
1623 1459 1688 1496 fe-

131 1527 329 1575 stivitate,
361 1531 406 1562 ut
421 1538 504 1562 non
526 1531 611 1562 tam
628 1525 795 1564 ridendo
815 1527 933 1575 vitia,
963 1541 1087 1581 quam
1101 1528 1316 1568 laudandis
1336 1529 1551 1567 virtutibus
1573 1527 1689 1581 quasi

130 1592 335 1647 quandam
354 1593 518 1631 rationis
546 1605 592 1630 ac
612 1594 718 1631 vitae
750 1603 993 1646 proponeret
1021 1596 1197 1634 formam
1226 1605 1347 1651 atque
1374 1598 1433 1634 ita
1453 1609 1594 1634 omnes
1617 1595 1687 1646 ju-

131 1661 334 1700 cunditate
351 1663 566 1712 temperati
581 1663 693 1700 illius
712 1661 872 1701 dicendi
898 1665 1056 1715 generis
1089 1672 1129 1703 et
1157 1665 1209 1704 ad
1231 1663 1454 1717 legendum
1478 1671 1518 1702 et
1545 1664 1596 1702 ad
1620 1678 1686 1701 re-

130 1731 231 1768 ctius
249 1728 470 1768 vivendum
492 1730 694 1768 invitaret.
752 1732 838 1769 Hoc
857 1738 995 1769 tamen
1014 1745 1097 1770 non
1116 1733 1173 1770 ita
1197 1733 1351 1773 dictum
1368 1733 1591 1770 existimari
1612 1746 1686 1770 ve-

129 1797 226 1846 lim,
256 1805 302 1836 ut
324 1811 417 1836 cum
440 1798 608 1836 Dacerio
637 1798 786 1836 sentire
815 1799 980 1848 videar,
1012 1800 1163 1853 quippe
1184 1802 1255 1853 qui
1277 1814 1330 1839 ex
1346 1801 1488 1839 Satiris
1509 1800 1688 1853 pendere

129 1866 331 1917 Epistulas
357 1865 544 1917 opinetur
563 1895 574 1914 ,
614 1866 759 1919 quibus
789 1867 915 1906 Poeta
940 1864 1246 1920 philosophiam
1273 1870 1474 1908 moralem
1498 1870 1688 1922 persequi

129 1934 314 1972 voluerit.
381 1934 498 1971 Prius
526 1933 636 1971 enim
661 1935 761 1972 vitia
788 1947 842 1972 ex
865 1936 1001 1974 animo
1030 1937 1242 1976 evellenda
1268 1939 1394 1976 fuisse
1411 1967 1422 1988 ,
1453 1938 1599 1991 quibus
1615 1950 1689 1989 per

132 2001 282 2040 Satiras
303 2001 450 2039 evulsis
462 2001 572 2038 viam
593 2000 645 2039 ad
659 2003 852 2040 virtutem
873 2005 1120 2055 patefactam
1134 2006 1233 2058 ipsis
1258 2005 1344 2056 jam
1371 2006 1498 2044 sterni
1525 2018 1570 2042 ac
1591 2019 1688 2057 per-

131 2067 198 2105 fici
214 2067 421 2118 Epistolis.
478 2070 531 2106 At
549 2073 692 2119 poetae
707 2083 790 2108 non
810 2070 1046 2110 includendi
1065 2080 1159 2111 sunt
1179 2080 1262 2111 arte
1282 2074 1399 2111 factis
1416 2072 1687 2126 philosopho-

133 2148 225 2173 rum
256 2136 459 2174 canceflis.
522 2136 734 2186 Horatius,
763 2150 844 2190 qua
869 2139 948 2176 fuit
974 2141 1119 2178 mobili
1138 2149 1178 2180 et
1210 2143 1294 2181 levi
1314 2150 1482 2190 natura,
1512 2142 1687 2193 tempori

220 2335 260 2382 ²³)
290 2335 390 2371 Bene
413 2334 458 2368 de
484 2334 551 2368 hac
572 2346 612 2370 re
637 2333 802 2371 dixerunt
824 2337 1021 2375 Roetscher.
1050 2341 1088 2376 in
1102 2342 1236 2377 Berlin.
1253 2341 1402 2377 Jahrbb.
1431 2341 1534 2376 1830.
1558 2341 1608 2376 Ν.
1626 2341 1686 2378 84.

130 2404 168 2438 p.
186 2393 268 2429 667.
294 2398 332 2428 et
352 2393 527 2438 Stangt'us
550 2392 587 2426 in
606 2392 907 2431 Commentatione
932 2398 977 2433 de
993 2399 1085 2434 Hor.
1104 2400 1225 2447 Epist.
1246 2400 1284 2443 1,
1301 2399 1338 2434 2.
1370 2399 1476 2434 Frkf.
1494 2398 1540 2433 ad
1557 2398 1684 2435 Viadr.

131 2450 235 2487 1830.
252 2462 290 2497 p.
306 2451 331 2485 2
346 2460 429 2494 sqq.
462 2449 520 2483 Cf.
538 2449 601 2484 Fr.
621 2450 758 2485 Jacobs.
777 2451 897 2489 Verm.
916 2455 1066 2491 Schrift.
1085 2457 1132 2494 V.
1150 2471 1187 2505 p.
1206 2455 1250 2491 48
1268 2465 1348 2499 sqq.

219 2506 276 2552 **)
308 2506 535 2542 Eiehstadius
550 2505 575 2540 l.
593 2506 616 2540 l.
641 2520 678 2554 p.
699 2509 779 2543 169.
808 2522 925 2546 omnes
941 2512 1124 2559 Epistolas
1142 2511 1300 2561 poeticas
1317 2511 1362 2545 ad
1377 2515 1451 2546 tres
1466 2512 1685 2558 potissimum

129 2563 266 2611 species
283 2562 459 2599 commode
474 2562 597 2597 reduci
614 2576 719 2610 posse
735 2568 946 2604 arbitratur:
965 2581 1111 2615 quarum
1127 2583 1198 2606 una
1213 2569 1261 2604 sit
1275 2569 1518 2615 Epistolarum
1532 2570 1683 2606 didacti-

130 2633 247 2656 carum
258 2648 268 2667 ‚
285 2622 397 2656 altera
413 2621 666 2667 elegiacamm,
688 2625 798 2659 tertia
809 2625 1033 2670 jocularium.
1081 2629 1137 2663 Ad
1153 2629 1245 2663 illam
1262 2625 1514 2662 didacticarum
1530 2629 1683 2674 speciem

128 2678 308 2722 pertinere
322 2679 470 2714 morales
488 2690 551 2714 seu
567 2679 702 2714 ethicas
713 2706 723 2724 ,
749 2683 872 2726 quales
889 2684 1060 2719 Horatius
1077 2683 1326 2732 composuerit.
1374 2685 1548 2732 Stangius
1562 2686 1681 2722 Hora-

127 2733 172 2767 tii
187 2733 300 2780 ipsius
315 2735 557 2782 Epistolarum
573 2736 642 2771 duo
659 2735 747 2773 facit
762 2751 896 2785 genera
911 2753 948 2787 p.
966 2742 989 2775 2
1002 2767 1012 2785 ‚
1046 2742 1191 2778 alterum
1209 2753 1326 2777 earum
1338 2767 1348 2787 ‚
1381 2754 1472 2789 quae
1488 2743 1534 2778 ad
1549 2749 1680 2780 utram-

127 2802 197 2836 que
212 2804 397 2837 personam
421 2798 554 2829 tantum
576 2798 738 2840 spectent
760 2801 796 2831 et
817 2809 875 2833 res
897 2798 1062 2842 vulgares
1085 2800 1226 2846 poetico
1254 2811 1413 2835 sermone
1438 2803 1680 2849 pronuntient,

128 2848 274 2883 alterum
290 2860 408 2884 earum
419 2879 429 2898 ,
446 2865 538 2899 quae
552 2865 625 2888 rem
640 2853 921 2900 philosophicam
936 2860 1107 2901 tractent,
1127 2869 1240 2904 neque
1256 2858 1347 2904 sint,
1371 2861 1413 2894 ut
1428 2857 1555 2894 Cicero
1573 2859 1680 2907 dicat,

129 2907 262 2952 absque
278 2915 482 2953 argumento
499 2922 542 2946 ac
556 2910 744 2946 sententia.
791 2911 848 2947 Ad
862 2911 950 2948 illud
966 2924 1077 2959 genus
1093 2914 1206 2951 refert
1227 2915 1267 2961 1,
1283 2915 1320 2952 3.
1337 2913 1373 2952 4.
1391 2915 1427 2952 5.
1446 2917 1481 2952 7.
1499 2917 1534 2952 8.
1551 2918 1588 2953 9.
1607 2918 1678 2963 13.,

129 2962 174 2997 ad
191 2963 337 2999 alterum
352 2965 382 3011 1,
402 2967 437 3003 1.
454 2968 490 3003 2.
507 2969 543 3004 6.
563 2969 620 3004 10.
646 2970 696 3015 Π,
714 2970 817 3006 1—3.
