2028 3268
199 247 255 292 43
311 246 690 287 COMMENTARII
711 247 768 284 IN
790 246 1016 286 HORATII
1032 244 1207 285 EPIST.
1233 243 1457 284 SECUND.
1488 244 1590 281 LIB.
1611 245 1644 284 1.
1674 239 1756 282 149

199 362 355 399 tonium
375 362 638 412 oppresserit,
666 362 701 398 is
718 359 868 398 bellum
885 359 1111 411 confecerit.
1156 358 1302 410 Itaque
1320 358 1525 395 Homerus
1544 369 1626 393 non
1644 355 1757 401 Aja-

199 443 284 468 cem
294 455 317 477 5
339 442 412 468 neo
439 428 677 475 Achillem,
705 428 778 466 sed
811 427 992 479 Ulyssem
1021 426 1249 478 appellavit
1275 426 1568 479 πτολίπορθον.
1586 447 1644 453 -—
1656 437 1759 475 pro-

198 498 330 538 vidus.
391 499 478 536 Hac
507 510 606 536 voce
631 499 759 536 Poeta
791 508 874 534 11011
898 502 985 532 tam
1014 502 1060 533 ut
1092 496 1246 534 leniore
1274 496 1400 533 utitur
1434 507 1508 547 pro
1542 506 1632 532 voc.
1666 506 1758 531 ver-

197 573 339 614 sutae,
366 578 448 619 qua
477 562 734 620 πολύτροπος
760 564 937 615 intelligi
963 564 1108 603 volunt
1140 564 1214 616 (cf.
1243 564 1350 602 Gell.
1387 564 1455 613 18,
1488 562 1579 612 19),
1619 574 1757 614 quam,

198 635 360 686 opinor,
389 647 444 673 ex
470 635 601 687 operis
628 635 744 686 lege,
773 645 855 686 qua
886 630 953 670 hic
979 633 1112 671 Ulixis
1141 645 1275 684 neque
1300 633 1447 671 astutia
1473 643 1608 684 neque
1630 630 1759 669 vafri-

197 703 297 752 ties,
328 701 402 741 sed
431 703 734 756 circumspectio
763 708 884 753 atque
914 699 1129 752 prudentia
1153 699 1358 739 laudanda
1388 701 1479 738 fuit.
1546 700 1760 737 Eximium

198 771 286 822 ejus
302 772 460 810 virtutis
481 773 720 825 exemplum
736 768 861 808 habes
881 782 944 807 vv.
956 769 1155 811 23—26.
1212 772 1273 807 Ita
1293 769 1436 807 Ulixes
1455 767 1569 806 audit
1586 781 1652 820 ap.
1675 768 1758 806 cic.

199 836 251 877 de
275 840 403 891 Legg.
431 842 472 889 2,
504 841 543 890 1,
575 841 617 882 3.
646 838 963 890 sapientissimus
993 839 1057 876 vir
1085 834 1346 891 (πολύμητις)
1384 844 1506 890 atque
1543 850 1608 890 ap.
1644 835 1760 878 Ovid.

199 905 314 960 (Met.
334 906 401 957 14,
419 909 514 950 159.
540 909 639 961 ibiq.
659 906 806 959 Bach.)
827 907 1029 957 experiens
1061 907 1209 945 Ulixes.
1272 904 1424 953 Quodsi
1442 905 1662 944 Chabotius
1686 919 1763 944 vo-

200 975 354 1014 cabulis
386 976 606 1015 multorum
633 975 830 1027 providus
862 974 927 1026 (ut
960 987 1026 1027 ap.
1056 974 1141 1013 Cic.
1174 974 1224 1013 de
1247 976 1383 1016 Divin.
1405 977 1446 1024 2,
1468 974 1538 1016 57.
1560 974 1761 1025 menssu-

198 1050 386 1082 turarum
398 1043 614 1097 provida),
644 1042 866 1097 Epitheton
882 1039 1137 1096 πολύτροπος
1154 1057 1394 1096 expressum
1410 1050 1539 1096 putat,
1564 1044 1608 1080 in
1629 1057 1760 1081 errore

199 1119 275 1154 est.
330 1114 496 1151 Etenim
513 1112 1018 1151 multorum—hominum
1037 1112 1184 1151 dicitur
1199 1120 1244 1150 ut
1262 1113 1391 1164 Epist.
1409 1114 1450 1162 2,
1470 1114 1511 1162 2,
1530 1110 1624 1153 144.
1645 1125 1763 1150 verae

198 1195 461 1234 numerosque
485 1182 699 1234 modosque
727 1182 898 1221 ediscere
920 1182 1040 1218 vitae.
1075 1181 1160 1220 Sat.
1183 1185 1224 1232 2,
1253 1180 1294 1232 4,
1327 1182 1397 1223 95.
1423 1182 1530 1220 vitae
1544 1188 1764 1232 praecepta

200 1248 353 1289 beatae.
377 1248 497 1302 Epod
517 1251 584 1300 16,
609 1248 678 1291 45.
698 1252 767 1301 17,
789 1252 858 1292 16.
888 1249 1005 1290 Ovid.
1034 1251 1130 1289 Met.
1153 1250 1194 1300 9,
1223 1251 1291 1292 10.
1349 1250 1658 1302 Mallorumque
1669 1249 1766 1301 suit

197 1331 290 1370 spes
312 1319 513 1358 invidiosa
540 1333 772 1370 procorum.
811 1319 872 1357 Cf.
895 1319 936 1368 8,
965 1316 1064 1359 774.
1096 1319 1168 1360 75.
1224 1319 1421 1359 Genitivis
1452 1319 1563 1357 enim
1592 1319 1642 1357 ab
1663 1319 1763 1371 ipsis

199 1387 358 1426 solutae
380 1388 571 1428 orationis
596 1388 855 1440 scriptoribus
880 1400 995 1426 casus
1026 1400 1193 1439 regens,
1224 1401 1344 1441 saepe
1365 1389 1487 1426 etiam
1507 1401 1602 1426 cum
1623 1388 1763 1437 verbo,

197 1455 482 1508 interponitur.
537 1458 742 1509 Exempla
772 1455 1032 1509 suppeditant
1066 1457 1262 1495 Goerenz.
1289 1455 1342 1494 ad
1367 1456 1452 1495 cic.
1486 1455 1537 1494 de
1569 1458 1696 1508 Legg.
1719 1457 1763 1506 2,

197 1523 270 1573 27,
299 1523 370 1564 68.
408 1526 540 1564 Beier.
566 1525 620 1564 ad
649 1527 732 1567 Cic.
762 1524 813 1564 de
843 1525 958 1566 offic.
988 1526 1030 1573 2,
1058 1524 1099 1574 7,
1127 1525 1197 1566 23.
1227 1526 1319 1565 Otto
1346 1524 1399 1563 ad
1426 1526 1512 1566 Cat.
1535 1526 1630 1576 maj.
1655 1524 1695 1574 3,
1720 1525 1764 1565 7.

199 1590 308 1633 Cort.
339 1599 379 1630 et
404 1594 530 1632 Kritz.
555 1593 607 1632 311
630 1596 796 1634 Sallust.
815 1594 901 1632 cat.
920 1593 988 1642 51,
1011 1593 1082 1635 33.
1141 1594 1372 1631 Multorum
1390 1593 1459 1631 hic
1484 1594 1766 1646 praepositum

197 1657 325 1699 habes
348 1650 400 1699 ob
423 1674 571 1700 sonum
599 1665 738 1717 reique
756 1664 1018 1716 gravitatem,
1050 1661 1160 1715 quod
1178 1663 1281 1700 bene
1303 1663 1488 1702 observat
1514 1661 1762 1702 Schmidius.

197 1729 304 1768 Hinc
325 1731 478 1783 optime
506 1729 644 1770 Schol.
674 1731 715 1770 d.
742 1746 807 1785 ap.
837 1729 1044 1771 Hoched.:
1084 1731 1280 1779 domitor,
1318 1745 1411 1770 ecce
1437 1732 1589 1781 virtus,
1619 1732 1762 1781 virtus,

197 1796 266 1837 hic
282 1800 491 1853 sapientia.
510 1822 568 1828 —
597 1802 647 1841 V.
670 1802 741 1842 20.
769 1802 827 1838 Et
845 1799 975 1838 'mores
993 1799 1035 1841 lz.
1062 1801 1247 1851 inspexit.
1277 1799 1422 1853 Odyss.
1449 1801 1488 1850 1,
1513 1801 1556 1841 3.
1588 1802 1764 1841 Πολλῶν

199 1863 236 1908 δ’
263 1862 500 1922 ἄνθραίπων
527 1868 613 1910 ἰ’δεν
640 1867 782 1920 ἄστεα,
812 1869 880 1910 καὶ
898 1865 999 1911 νόον
1022 1868 1136 1923 ἔγνω.
1193 1870 1375 1908 Muretus
1403 1869 1517 1922 (Var.
1544 1870 1674 1908 Lectt.
1697 1870 1764 1918 17,

200 1935 262 1988 8.)
298 1935 362 1975 his
393 1937 525 1975 verbis
554 1936 737 1976 studium
767 1938 935 1977 videndi
968 1945 1008 1976 et
1037 1937 1309 1989 cognoscendi
1343 1938 1458 1977 Ulixi
1487 1938 1651 1987 tribuit,
1691 1936 1765 1975 sed

200 2005 371 2043 meliora
402 2003 520 2044 docet
539 2005 717 2045 Nitzsch.
749 2006 803 2044 ad
827 2006 938 2044 hunc
965 2008 1116 2046 locum.
1173 2007 1354 2045 Verbum
1373 2014 1509 2045 autem
1526 2006 1768 2057 inspiciendi

201 2070 248 2111 h.
267 2073 298 2112 l.
325 2080 543 2124 usurpatur
560 2081 607 2113 ut
629 2074 739 2126 apud
760 2076 927 2113 Terent.
955 2072 1150 2126 (Adelph.
1167 2076 1209 2124 3,
1227 2075 1269 2125 3,
1290 2075 1387 2127 60):
1419 2076 1609 2127 Denique
1636 2076 1767 2125 inspi-

203 2155 291 2180 cere
316 2148 514 2194 tanquam
542 2143 588 2179 in
616 2142 826 2193 speculum
852 2144 896 2180 in
920 2144 1026 2181 vitas
1054 2144 1233 2181 omnium
1249 2143 1391 2192 jubeo.
1454 2145 1518 2182 Cf.
1545 2145 1686 2181 Arntz.
1713 2141 1766 2180 ad

203 2210 293 2248 Cat.
310 2209 484 2249 Distioh.
506 2211 546 2259 1,
564 2209 606 2251 5.
626 2223 668 2262 p.
687 2212 758 2251 22.
817 2213 865 2250 In
880 2225 966 2249 rem
984 2213 1036 2250 A.
1055 2213 1103 2249 P.
1127 2209 1230 2252 142:
1247 2232 1305 2239 —
1319 2218 1462 2262 captae
1474 2218 1571 2263 post
1587 2218 1767 2262 tempora

210 2279 355 2328 Dojae
391 2280 474 2330 Qui
505 2293 632 2317 mores
662 2279 871 2317 hominum
899 2279 1118 2317 multorum
1148 2279 1252 2317 vidit
1269 2286 1307 2316 et
1334 2278 1463 2320 urbes.
1482 2302 1540 2308 -—
1558 2280 1767 2332 latumque

197 2361 276 2398 per
287 2361 450 2400 aequor.
473 2350 593 2387 Hom.
609 2347 727 2386 Iliad·
747 2351 788 2398 2,
804 2350 886 2390 159
907 2346 1068 2401 (sim.9,
1078 2345 1154 2400 72)
1176 2343 1246 2389 ἐπ’
1271 2341 1390 2401 εὐρέα
1408 2350 1520 2389 νῶτα
1539 2348 1765 2401 θαλάσσης.

204 2416 300 2455 Tib.
330 2415 371 2467 4,
405 2418 445 2467 1,
473 2416 543 2458 52.
584 2417 664 2456 Ille
691 2430 766 2468 per
792 2418 953 2469 ignotas
976 2417 1115 2454 audax
1135 2417 1326 2454 erraverit
1348 2415 1466 2454 urbes
1476 2445 1492 2463 ,
1528 2417 1620 2468 Qua
1640 2418 1767 2455 maris

205 2486 386 2523 extremis
405 2485 525 2523 tellus
545 2484 772 2523 includitur
791 2486 926 2523 undis.
987 2487 1048 2523 De
1066 2485 1264 2523 erroribus
1286 2486 1418 2523 Ulixis
1438 2485 1522 2524 vid.
1542 2485 1676 2538 Epod.
1698 2487 1764 2535 16,

205 2551 298 2601 60.,
325 2554 460 2592 Bentl.
482 2553 534 2591 ad
553 2553 629 2592 Od.
657 2556 695 2603 1,
718 2555 758 2603 6,
777 2555 844 2603 7.,
874 2553 990 2592 Ovid.
1017 2568 1070 2592 ex
1091 2556 1209 2592 Pont.
1231 2552 1271 2603 4,
1308 2555 1375 2603 10,
1398 2556 1438 2596 8.
1462 2557 1560 2593 Met.
1587 2552 1653 2603 14,
1678 2554 1764 2594 223

207 2631 299 2672 sqq.
319 2627 358 2658 et
375 2634 476 2673 quos
494 2621 662 2660 laudant
671 2625 811 2661 Burm.
831 2622 882 2660 311
894 2625 1014 2675 Prop.
1034 2623 1074 2672 3,
1106 2624 1172 2671 10,
1190 2623 1275 2672 25.,
1295 2622 1443 2662 Markl.
1465 2623 1517 2662 ad
1535 2624 1637 2662 Stat.
1661 2623 1763 2662 Silv.

207 2686 250 2737 4,
277 2690 318 2738 2,
347 2686 389 2730 4.
425 2690 585 2729 Dissen.
614 2691 667 2730 ad
695 2693 789 2733 Tib.
824 2706 866 2744 p.
892 2691 988 2734 404.
1058 2693 1219 2731 Similia
1246 2693 1335 2730 ausi
1360 2699 1455 2731 sunt
1484 2692 1687 2730 Selluster.
1720 2693 1763 2730 in

208 2755 383 2795 Seebod.
413 2764 454 2795 et
470 2757 595 2799 Jahn.
625 2762 674 2799 N.
697 2759 863 2799 Archiv.
896 2761 1021 2802 1833.
1047 2764 1099 2800 II.
1128 2763 1170 2802 2.
1187 2775 1228 2813 p.
1250 2761 1345 2802 165.
1364 2768 1440 2799 010.
1469 2762 1590 2809 „Die
1615 2761 1765 2799 Reisen

209 2824 279 2862 des
313 2824 530 2876 odysseus<
532 2831 550 2850 c
582 2834 622 2866 et
651 2829 835 2868 Klausen
867 2831 935 2867 in:
978 2830 1062 2868 Die
1092 2828 1324 2868 Abenteuer
1349 2830 1418 2869 des
1461 2831 1660 2883 Odysseus
1687 2843 1764 2868 aus

210 2893 413 2932 Hesiodus
430 2895 592 2934 erkld'rt.
623 2897 741 2936 Bonn
758 2896 882 2939 1834.

322 2963 372 3001 V·
391 2964 463 3005 21.
481 2964 553 3004 22.
582 2964 699 3003 Dum
717 2987 775 2996 —-
793 2967 937 3005 multa.
999 2965 1221 3020 Didymus,
1241 2968 1396 3007 Mureto
1413 2974 1515 3008 teste
1536 2966 1648 3023 (var.
1667 2967 1761 3006 lect.
