2028 3268
406 250 460 292 76
543 253 911 291 COMMENTARII
937 253 990 288 IN
1010 252 1226 289 HORATII
1249 250 1418 288 EPIST.
1440 251 1578 288 PRIM.
1605 251 1704 287 LIB.
1731 253 1761 287 Ι.

397 377 556 401 causam
586 364 746 400 cuilibet
782 362 888 399 lusui
928 362 1163 399 conveniens
1203 362 1374 398 formula
1415 358 1580 397 haecce:
1629 374 1695 396 rex
1733 361 1807 397 eris
1821 388 1848 405 ,,
1875 363 1911 398 εἰ

397 438 496 467 reete
512 430 680 480 facia85
710 431 745 466 si
772 443 849 465 non
866 429 1024 478 facias,
1052 443 1130 465 non
1158 429 1259 475 eris,-
1287 427 1367 464 vid.
1397 426 1534 464 Isidor.
1563 428 1693 477 Origg.
1723 428 1769 475 9,
1799 427 1839 475 3,
1867 425 1907 467 4.

396 511 436 548 p.
463 497 559 536 296.
619 495 801 532 Lindem.
843 494 1038 546 Quicquid
1067 501 1145 542 est,
1188 495 1307 531 verba
1332 507 1432 545 quae
1463 500 1680 544 sequuntur
1707 494 1791 530 Hic
1818 507 1909 530 mu-

396 577 465 599 rus
493 584 549 590 —-
574 562 705 611 culpa.
745 575 826 598 non
854 575 1067 612 puerorum
1095 567 1210 608 sunt,
1254 560 1324 597 sed
1355 559 1462 612 quod
1491 567 1593 597 recte
1622 559 1720 597 vidit
1748 559 1909 598 Schmi-

398 629 507 676 dius,
551 630 674 679 ipsius
705 630 881 676 Horatii,
923 630 991 680 qui
1021 642 1116 666 sano
1146 641 1357 679 puerorum
1387 640 1505 664 sensu
1542 634 1643 663 recte
1663 626 1910 677 facientibus

397 698 660 747 principatum
688 697 843 732 meliori
873 697 985 747 quasi
1014 702 1152 731 natura
1181 692 1279 730 duce
1302 693 1562 731 deferentium
1587 695 1743 743 gavisus
1763 695 1909 730 mirum

397 766 437 800 in
466 762 631 800 modum
660 763 755 798 recti
783 760 1015 813 honestique
1045 775 1163 798 sensu
1190 762 1372 808 incaluit,
1404 767 1520 812 atque
1542 759 1643 796 illud
1664 759 1911 810 rec-[efacere

397 844 468 867 sno
498 828 616 866 modo
648 830 760 879 quasi
789 830 1110 879 interpretaturus
1140 827 1310 865 addidit:
1344 829 1436 875 „Ita
1465 840 1573 864 sane.
1608 828 1691 863 Hac
1706 827 1746 862 in
1765 839 1806 862 re
1833 827 1862 863 i.
1875 839 1910 862 e.

398 899 438 932 in
468 897 692 946 integritate
722 903 760 932 et
789 897 1027 932 conscientia
1057 897 1151 932 recti
1179 896 1251 931 tibi
1280 897 1402 932 situm
1423 896 1473 932 sit
1500 894 1770 930 firmissimum
1790 894 1910 930 totius

398 966 502 1000 vitae
530 961 773 1014 praesidium
801 969 918 1013 atque
947 964 1179 998 inconcussa
1209 962 1290 1011 ejus
1320 963 1525 1000 stabilitas.
1539 962 1563 981 ‘⁶
1614 960 1671 996 Cf.
1701 973 1739 998 v.
1769 960 1823 1000 68
1851 972 1911 1010 sq.

398 1032 482 1067 Nisi
507 1031 594 1081 quis
625 1030 850 1077 arbitretur,
890 1031 930 1065 in
958 1030 1089 1079 pueris
1120 1030 1314 1079 optimum
1344 1041 1541 1080 quemque
1570 1039 1705 1077 regem
1730 1027 1913 1063 facienti-

398 1099 471 1134 bus
490 1098 634 1134 Poetae
665 1098 797 1134 animo
827 1097 1077 1134 obversatum
1107 1108 1191 1132 esse
1220 1108 1404 1145 regnum,
1433 1093 1540 1145 quod
1559 1095 1594 1130 ei
1614 1092 1912 1130 similitudinem

399 1165 504 1201 muri
531 1163 671 1200 ahenea·
698 1163 919 1212 praebuerit
948 1161 1268 1212 proponendam,
1301 1174 1351 1198 ex
1372 1174 1448 1212 qua
1469 1175 1509 1198 re
1533 1159 1598 1197 hic
1619 1158 1800 1196 evaderet
1819 1172 1912 1196 sen-

399 1233 611 1269 tentiarum
641 1229 756 1267 ordo:
788 1230 966 1276 „Recte3
996 1229 1086 1264 talis
1118 1229 1228 1278 regni
1256 1228 1298 1263 iu
1330 1234 1365 1264 te
1397 1229 1483 1278 ipso
1507 1228 1626 1278 positi
1644 1226 1913 1264 firmissimum

399 1296 642 1349 praesidium
672 1303 789 1346 atque
818 1294 1130 1344 inexpugnabile
1161 1295 1274 1345 quasi
1301 1295 1644 1345 propugnaculum
1670 1293 1744 1330 tibi
1772 1293 1822 1328 sit
1850 1293 1913 1328 in—

398 1366 580 1402 nocentia
607 1362 936 1413 integ1·itasque.“
977 1362 1146 1398 Omnino
1180 1363 1286 1398 enim
1314 1363 1400 1398 vult
1428 1363 1562 1408 Poeta,
1592 1358 1699 1411 quod
1725 1361 1913 1396 Isocrates

399 1435 440 1468 in
456 1433 614 1469 Niuoele
645 1427 680 1482 ξ.
709 1428 802 1469 104.
832 1428 1047 1478 praecipit:
1080 1430 1254 1478 Ζηλοῦτε
1277 1425 1331 1480 μή
1350 1424 1443 1474 τούς
1463 1430 1624 1466 πλεῖστα
1642 1423 1914 1477 κεκτημένους,

401 1495 498 1538 ἄλλά
524 1496 618 1545 τούς
642 1494 764 1548 μηδὲν
787 1493 908 1534 κακὸν
930 1495 1067 1544 σφίσιν
1093 1489 1227 1541 αὐτοῖς
1250 1491 1489 1541 συνειδότας.
1530 1495 1655 1539 Quare
1682 1492 1909 1528 Doederlin.

400 1568 441 1602 in
470 1567 701 1602 Lectionum
729 1563 1048 1598 Horatianarum
1075 1561 1220 1598 decade
1244 1559 1423 1612 (Erlang·
1445 1559 1585 1611 1828.)
1605 1573 1645 1610 p.
1661 1559 1701 1598 7.
1723 1558 1914 1595 aheneum

400 1644 558 1668 maram
587 1631 654 1666 alii
686 1642 799 1665 muro
828 1630 926 1664 item
955 1627 1130 1673 aheneo,
1162 1628 1231 1678 qui
1258 1641 1296 1664 v.
1327 1627 1391 1667 52.
1421 1629 1455 1664 si
1483 1639 1563 1663 non
1594 1625 1810 1676 descriptus
1827 1655 1837 1674 ,
1877 1634 1916 1663 at

400 1697 641 1748 significatus
671 1698 741 1743 sit,
779 1697 925 1746 opponi
953 1696 1173 1731 arbitratur.
1230 1695 1323 1731 Jam
1351 1693 1461 1730 vides
1497 1691 1602 1728 hunc
1630 1694 1916 1730 sententiarum

371 1812 373 1814 ι
402 1765 605 1802 ordinem:
657 1764 876 1810 „Clamant
907 1774 1065 1808 onmes,
1105 1762 1291 1796 virtutem
1321 1762 1400 1796 aeri
1428 1758 1769 1811 posthabendam3
1807 1762 1916 1810 atqui

401 1832 617 1882 sapientius
647 1831 710 1866 vel
746 1829 858 1879 pueri
887 1827 1070 1864 ludentes
1107 1839 1187 1863 non
1228 1839 1316 1863 aere
1352 1841 1423 1863 seu
1459 1827 1632 1863 externis
1667 1826 1802 1874 bonis,
1845 1827 1916 1863 sed

402 1900 497 1935 recti
526 1898 688 1934 scientia
719 1903 757 1932 et
785 1896 898 1932 bonis
929 1894 1075 1931 artibus
1099 1893 1231 1929 metiri
1254 1900 1561 1941 consueverunt,
1592 1906 1690 1944 quos
1717 1905 1827 1943 reges
1855 1894 1916 1929 sa—

402 1966 503 2002 cturi
519 1971 633 2010 sunt3
666 1976 757 2013 ergo
786 1975 928 2013 pueros
958 1962 1032 1997 viri
1060 1961 1202 1996 imitati
1231 1973 1273 1997 se
1304 1962 1471 2011 quisque
1500 1973 1579 1997 non
1610 1962 1695 1996 auri
1718 1962 1918 2010 argentive

402 2033 550 2068 acervis
579 2031 643 2067 vel
684 2031 806 2066 saccis
833 2036 1022 2079 tanquam
1050 2041 1162 2064 muro
1194 2028 1513 2074 circumvallent,
1554 2026 1624 2064 sed
1653 2025 1759 2063 hunc
1786 2029 1917 2078 potius

401 2111 560 2135 murum
588 2103 765 2148 putante,
794 2097 852 2132 nii
882 2097 1055 2132 conscire
1085 2095 1203 2131 sibi.“
1260 2095 1494 2145 Quanquam
1522 2107 1659 2131 sensus
1690 2100 1748 2130 est
1776 2094 1917 2142 bonus,

402 2179 462 2202 res
490 2171 623 2201 tamen
660 2165 818 2213 longius
857 2164 1053 2214 altiusque
1087 2163 1253 2212 repetita
1288 2160 1456 2198 videtur.
1514 2162 1571 2198 Ne
1606 2168 1758 2208 autem,
1809 2160 1916 2212 quod

407 2232 662 2270 Wielandius
680 2238 718 2267 et
742 2229 953 2267 Sclziitzias
972 2230 1150 2266 fecerunt
1162 2257 1172 2276 ,
1201 2227 1275 2265 hos
1295 2240 1430 2264 versus
1452 2228 1650 2277 elegantes
1670 2228 1783 2265 obelo
1801 2234 1917 2264 note—

402 2312 491 2335 mus
521 2305 589 2334 aut
616 2299 658 2334 in
686 2298 858 2334 formula
886 2296 1025 2333 ahenei
1052 2297 1159 2332 muri
1186 2301 1433 2344 argutemur,
1464 2307 1551 2330 eam
1579 2293 1680 2330 nihil
1701 2292 1809 2330 aliud
1834 2307 1918 2330 esse

402 2367 479 2402 nisi
508 2366 739 2402 locutionem
771 2363 1059 2414 proverbialem
1095 2360 1383 2400 observandum
1421 2359 1588 2397 videtur.
1645 2361 1784 2397 Omnia
1813 2362 1919 2397 enim

404 2446 455 2467 ex
483 2445 594 2475 aere,
611 2431 744 2482 ferro,
772 2431 985 2468 adamante
1012 2430 1115 2466 facta
1145 2428 1346 2475 dicuutur,
1380 2440 1480 2478 quae
1510 2427 1613 2463 dara
1622 2454 1637 2472 ,
1665 2427 1918 2476 inflexibilia,

391 2499 630 2545 firmis-sima
651 2506 766 2546 sunt,
797 2499 854 2535 sic
880 2496 953 2534 Od.
986 2498 1023 2544 1,
1048 2498 1114 2544 33,
1147 2497 1237 2544 11.,
1266 2495 1313 2543 3,
1343 2496 1388 2543 9,
1421 2494 1484 2534 18.
1500 2496 1611 2544 juga
1639 2493 1814 2541 ahenea3
1845 2493 1919 2531 Od.

403 2563 443 2611 3,
473 2564 511 2611 3,
543 2565 610 2604 65.
640 2578 777 2602 marus
804 2564 975 2600 aheneus
983 2578 999 2609 ,-
1030 2561 1102 2600 Od.
1127 2562 1174 2611 3,
1206 2564 1279 2610 16,
1311 2563 1350 2601 1.
1380 2562 1499 2597 turris
1525 2561 1689 2597 ahenea.
1749 2561 1920 2597 Praeivit

404 2632 599 2668 Homerus
630 2631 702 2669 Od.
735 2633 799 2679 10,
829 2629 867 2670 4.
898 2632 944 2667 Π.
970 2630 1017 2678 2,
1046 2626 1142 2668 490.
1172 2628 1210 2677 5,
1239 2628 1336 2668 387-
1367 2629 1442 2674 11,
1471 2625 1568 2667 241-
1601 2628 1674 2676 18,
1704 2629 1798 2668 222·
1855 2629 1918 2664 Cf·

405 2695 561 2734 Mitsch.
592 2697 643 2734 ad
667 2697 738 2735 Od.
772 2700 808 2746 1,
837 2699 877 2746 3,
907 2699 947 2737 9.
1003 2694 1188 2747 Aeschyl.
1210 2692 1411 2732 Prometh.
1433 2707 1468 2731 v.
1493 2695 1531 2733 6.
1561 2695 1740 2731 Perizon.
1768 2692 1819 2730 ad
1840 2694 1920 2729 Ae-

405 2765 501 2802 lian.
529 2765 619 2801 Var.
650 2766 751 2801 Hist.
782 2767 835 2813 6,
875 2766 941 2806 12.
979 2762 1173 2801 Pindarus
1202 2760 1307 2813 apud
1335 2759 1594 2798 Plutarchum
1623 2762 1664 2797 in
1692 2761 1772 2797 vita
1800 2760 1919 2796 Marc.

405 2833 455 2870 ΙΙ.
486 2844 526 2881 p·
545 2828 638 2870 466.
667 2832 713 2868 R.
749 2829 800 2871 To*
828 2829 1086 2884 πεπρωμένον
1115 2825 1164 2870 ου’
1189 2831 1292 2882 πῦρ,
1321 2823 1370 2868 οὗ
1401 2829 1593 2880 σιδαροῦν
1623 2823 1756 2878 σχήσει
1782 2829 1917 2876 τεῖχος.

406 2899 590 2935 ceterum
617 2896 729 2933 firma
759 2910 883 2950 quum
913 2899 969 2936 rei
989 2896 1213 2949 cujuslibet,
1245 2903 1331 2934 tum
1355 2902 1458 2933 recte
1481 2893 1677 2933 sentiendi
1698 2890 1919 2944 agendique
