2028 3268
435 249 518 291 244

992 246 1379 288 HORATII

1887 245 1942 288 54

503 373 676 420 Assidet
708 376 886 431 insan03
912 377 1060 432 potare
1085 377 1130 418 et
1157 385 1364 432 spargere
1389 370 1516 417 flores

502 452 699 511 Incipiam
721 451 937 510 patiarque
968 450 1041 494 vel
1073 451 1331 496 inconsultus
1357 450 1522 494 haberi.

1893 449 1945 490 15

506 529 615 586 Quid
649 542 732 572 non
766 529 950 572 ebrietas
981 526 1209 588 designat?
1242 533 1391 587 operta
1420 527 1615 586 recludit,

503 605 616 664 Spes
642 606 762 661 jubet
796 618 894 648 esse
921 607 1060 665 ratas,
1093 604 1150 649 ad
1181 607 1343 664 proelia
1375 605 1503 649 trudit
1536 606 1727 662 inertem,

503 681 708 729 Sollicitis
738 683 885 726 animis
911 696 1016 728 onus
1051 684 1217 744 eximit,
1253 683 1430 728 addocet
1463 683 1580 726 artis.

481 811 526 846 V.
544 812 600 846 14.
638 810 787 846 Assidet.
833 811 892 845 Sic
914 822 994 845 mse.
1018 812 1119 846 Dess.
1135 815 1170 849 2.

437 867 543 900 Goth.
563 868 664 900 Gott.
680 866 780 911 Lips.
798 867 830 901 1.
847 869 880 904 2.
917 868 1074 902 Adsidet.
1101 868 1169 904 Ms.

435 923 538 957 Dess.
556 924 588 957 1.
617 922 716 968 Lips.
731 925 764 958 3.
781 924 914 958 Graev.
941 943 987 948 —
1012 929 1168 969 portare.

435 978 505 1014 Ms.
524 979 589 1013 Fe.
607 982 626 1016 2
641 1005 650 1021 ‚
671 980 705 1014 d.
721 980 762 1021 6,
787 990 819 1013 a.
837 979 879 1023 (a
897 982 927 1014 1.
946 981 1010 1022 m.)
1032 986 1168 1025 potare,

435 1045 619 1079 spargere.
638 1034 708 1071 Ed.
720 1035 869 1080 Cuning.
888 1037 943 1070 ef.
961 1036 1069 1079 ejusd.
1086 1036 1171 1070 Ani-

436 1091 550 1125 madv.
579 1102 609 1125 c.
626 1090 688 1124 XI.
704 1103 742 1135 p.
762 1093 840 1126 151.
867 1096 904 1125 et
925 1103 956 1127 c.
980 1093 1046 1126 ΙΙΙ.
1065 1104 1100 1137 p.
1117 1093 1173 1129 32.

437 1165 481 1173 —-
496 1146 541 1183 V.
562 1146 615 1182 15.
637 1147 843 1191 paciarque.
865 1146 924 1181 Sic
939 1159 1001 1183 ms.
1018 1149 1120 1182 Dess.
1138 1150 1172 1185 2.

437 1203 583 1239 Mentel.

483 1259 529 1295 V.
549 1260 604 1296 16.
621 1259 792 1303 resignat.
810 1259 879 1294 Ms.
896 1260 960 1294 Fe.
976 1261 1016 1303 7,
1033 1261 1070 1293 b.
1098 1260 1175 1293 des-

438 1315 574 1360 signat.
620 1315 709 1349 Mss.
727 1318 769 1351 16
787 1327 843 1361 ap.
861 1317 937 1350 Val.
983 1316 1174 1361 dissignat.

438 1371 524 1405 Mss.
541 1372 606 1406 Fe.
627 1373 658 1414 1,
682 1383 714 1406 a.
748 1375 779 1416 2,
798 1384 830 1406 a.
858 1385 889 1407 c.
907 1373 940 1406 d.
955 1385 986 1407 e.
1002 1373 1122 1410 Jaeck.
1141 1376 1173 1408 1.

437 1429 535 1465 Pott.
554 1429 586 1462 1.
606 1431 638 1463 2.
655 1429 689 1463 3.
706 1429 741 1465 7.
759 1428 814 1462 14.
833 1429 942 1463 Orell.
957 1430 1011 1466 bc.
1029 1430 1129 1464 Dess.
1141 1433 1173 1467 1.

438 1483 537 1528 LiPS.
555 1486 589 1519 2.
605 1485 639 1519 3.
669 1485 772 1519 Gott.
793 1487 825 1519 1.
849 1486 982 1521 Graev.
996 1486 1062 1521 Ed.
1080 1487 1172 1522 Pott.

438 1540 576 1573 Pariter
597 1544 845 1574 commutantur
869 1541 1022 1576 detinere
1039 1548 1074 1576 et
1091 1544 1173 1577 disc.

439 1595 555 1641 Epist.
575 1599 607 1639 2,
624 1597 656 1630 5.
675 1598 849 1630 demovere
865 1603 899 1632 et
916 1598 1084 1632 dimovere
1107 1599 1174 1633 Od.

442 1654 461 1686 1
475 1678 484 1694 ‚
503 1653 520 1686 1
535 1678 545 1696 ‚
565 1653 619 1687 13.
638 1652 715 1687 Sat.
735 1656 750 1687 1
766 1679 775 1695 ‚
796 1655 812 1687 1
825 1679 834 1695 ‚
851 1654 906 1688 39.
942 1655 1123 1699 defingere
1139 1659 1176 1688 et

442 1708 518 1752 diff,
545 1708 616 1742 od.
646 1711 662 1743 1
678 1734 687 1751 ,
713 1708 779 1751 35,
805 1709 863 1743 39.
904 1710 1124 1755 destringere
1141 1715 1177 1744 et

443 1764 542 1799 distr.
560 1763 636 1797 Sat.
654 1766 692 1807 2,
726 1767 764 1808 1,
799 1763 858 1799 41.
882 1770 920 1799 et
945 1766 1077 1801 similia.
1123 1767 1176 1800 De

442 1820 507 1852 hoc
525 1820 602 1864 ipso
619 1821 728 1854 verbo
756 1820 827 1855 vid.
845 1821 972 1855 Donat.
989 1827 1024 1856 et
1039 1823 1176 1856 Ruhnk.

444 1877 490 1909 ad
515 1876 661 1910 Terent.
686 1876 751 1910 Ad.
770 1879 808 1919 1,
836 1879 872 1920 2,
895 1877 928 1912 5.
975 1878 1023 1912 At
1039 1890 1178 1923 quomo-

443 1932 631 1976 documque
663 1944 734 1966 rem
765 1933 927 1978 expedias
939 1959 949 1976 ‚
978 1935 1181 1979 dissignare

444 2000 488 2022 ne
506 1989 647 2022 latinum
663 1988 797 2032 quidem
811 1994 879 2023 est.

493 2045 534 2078 V.
553 2046 608 2079 17.
654 2046 702 2078 ad
731 2056 790 2088 pr.
820 2050 866 2081 tr.
891 2045 1048 2079 inertem.
1094 2047 1182 2080 Mss.

444 2101 554 2135 Pulm.
582 2103 613 2134 1.
633 2103 687 2136 10.
724 2101 831 2145 Cruq.
850 2103 866 2136 1
881 2127 889 2143 ,
914 2103 1017 2138 a—d.
1051 2103 1182 2137 Bersm.

447 2158 527 2191 duo.
549 2157 668 2191 Oberl.
693 2158 734 2191 C.
755 2157 800 2191 D.
820 2158 928 2191 Orell.
946 2159 985 2192 S.
1014 2159 1136 2193 Guelf.
1150 2163 1182 2196 2.

446 2213 481 2247 3.
497 2211 531 2247 4.
559 2213 659 2250 Dess.
682 2214 711 2245 1.
730 2216 763 2248 2.
799 2215 894 2260 Lips.
916 2217 947 2250 1.
968 2218 1002 2251 2.
1032 2216 1133 2249 Gott.
1151 2219 1181 2250 1.

446 2268 556 2302 Dorv.
582 2269 615 2303 2.
639 2269 778 2308 Corbei
807 2271 995 2305 Praeterea
1018 2273 1066 2306 ad
1089 2271 1185 2305 exhi-

449 2326 534 2359 bent
545 2325 693 2369 quinque
704 2326 834 2360 Bersm.
845 2328 963 2365 undec.
975 2329 1052 2363 Val.
1064 2329 1184 2364 Comb.

448 2382 492 2415 A.
515 2382 556 2415 Β.
583 2381 624 2414 C.
651 2381 694 2419 D.
725 2384 768 2418 F.
798 2385 843 2418 G.
874 2384 994 2428 (iidem
1024 2386 1187 2420 videntur

449 2437 554 2471 etiam
568 2437 693 2481 legisse
705 2439 859 2482 inertem,
872 2440 962 2484 quod
971 2441 1186 2486 dubitamus)

449 2493 543 2526 Feae
554 2504 641 2526 omn.
655 2494 748 2527 Pott.
764 2506 853 2529 omn.
864 2496 1018 2534 Hoched.
1032 2502 1067 2531 et
1077 2498 1186 2531 Orell.

452 2560 541 2582 omn.
560 2549 706 2583 inertem
723 2552 858 2595 quidem
868 2552 1188 2598 Torr.mss.quinq.

454 2605 562 2637 Gesn.
581 2605 644 2648 [1.]
661 2605 695 2642 3.
710 2606 801 2650 plur.
820 2618 875 2652 ap.
895 2608 969 2644 val.
986 2609 1052 2643 Fe.
1078 2611 1094 2643 1
1109 2636 1119 2653 ,

453 2671 482 2693 c.
505 2661 543 2702 (a
562 2662 592 2693 1.
610 2662 674 2704 m.)
694 2662 728 2696 d.
761 2666 793 2706 2,
813 2676 845 2697 a.
865 2665 898 2699 b.
917 2664 957 2707 (a
975 2667 1006 2700 1.
1023 2667 1087 2709 m.)
1105 2677 1135 2698 c.
1153 2677 1185 2699 e.

453 2728 489 2760 g.
506 2716 540 2749 h.
565 2716 604 2758 3,
620 2717 644 2748 f.
675 2719 715 2760 7,
733 2730 764 2752 a.
789 2719 826 2763 (a
842 2722 874 2755 1.
891 2721 954 2762 m.)
982 2723 1025 2764 6,
1041 2732 1072 2754 a.
1088 2722 1185 2755 Pott.

453 2771 486 2804 9.
504 2770 557 2804 10.
590 2771 710 2806 Jaeck.
740 2778 772 2808 1.
797 2775 830 2812 4.
855 2775 889 2810 5.
918 2777 1101 2819 [inker-tem
1116 2789 1185 2812 scr.

455 2826 574 2860 Guelf.
603 2829 636 2863 2.
677 2828 776 2863 Dess.
811 2832 842 2865 1.
871 2831 921 2874 2.]
966 2844 1052 2867 unus
1082 2834 1183 2869 Talb.

455 2882 614 2926 (Bemb.)
644 2883 731 2918 Edd.
764 2887 867 2922 Talb.
902 2889 981 2934 (qui
1012 2891 1186 2936 restituit)

1214 811 1328 846 Bentl.
1355 812 1458 846 Baxt.
1483 812 1572 845 Cun.
1607 812 1692 845 San.
1712 808 1792 843 Jon.
1816 808 1946 841 Sandb.

1214 868 1316 905 Bask.
1355 870 1418 904 Fe.
1467 869 1570 904 Jahn.
1607 866 1761 901 Schmid.
1803 865 1948 899 Passov.

1213 925 1364 959 Braunh.
1377 925 1483 959 Web.
1497 924 1604 958 Orell.
1615 921 1768 958 Meinek.
1780 922 1826 958 al.
1836 922 1883 955 ad
1889 931 1948 966 pr.

1213 986 1261 1016 tr.
1278 981 1452 1017 inermem.
1477 980 1563 1014 Mss.
1584 981 1694 1014 Pulm.
1712 979 1747 1014 4.
1761 979 1796 1013 7.
1818 978 1949 1010 Bersm.

1213 1042 1297 1071 tres.
1314 1038 1383 1072 Alt.
1398 1049 1454 1083 ap.
1473 1037 1620 1071 Haberf.
1636 1035 1757 1071 Jaeck.
1776 1035 1810 1068 6.
1839 1032 1950 1067 Orell-

1215 1094 1271 1128 bc.
1281 1094 1381 1138 reliq.
1391 1105 1447 1139 ap.
1457 1095 1520 1128 Fe.
1532 1097 1568 1126 et
1575 1093 1671 1128 Pott.
1682 1090 1952 1133 Graev.(inher-

1218 1152 1323 1194 mem)
1342 1151 1449 1184 Dorv.
1462 1153 1494 1185 1.
1510 1148 1625 1182 Berol.
1637 1151 1667 1183 1.
1678 1150 1710 1183 2.
1730 1149 1827 1182 Sant.
1846 1146 1952 1179 Goth.

1220 1207 1356 1242 Gott.2.
1364 1206 1498 1250 Lips.3.
1509 1205 1696 1248 (inherm.)
1707 1203 1845 1239 Mentel.
1860 1201 1951 1238 Edd.

1219 1263 1309 1297 Ven.
1331 1261 1412 1297 479.
1439 1263 1494 1296 81.
1521 1262 1577 1296 83.
1603 1261 1659 1294 86.
1675 1262 1732 1296 92.
1763 1260 1858 1294 Flor.
1872 1258 1953 1293 482.

1219 1318 1327 1352 Loch.
1345 1318 1423 1355 498.
1455 1316 1551 1362 Lips.
1569 1317 1646 1353 492.
1673 1317 1731 1351 98.
1762 1315 1840 1351 516.
1873 1314 1954 1348 Asc.

1219 1375 1327 1420 Cruq.
1347 1375 1476 1408 Bersm.
1487 1372 1638 1407 Mervill.
1649 1370 1793 1415 Dorigh.
1806 1370 1900 1403 Pott.
1916 1369 1956 1402 in

1215 1443 1274 1477 pr.
1287 1437 1334 1467 tr.
1347 1429 1735 1464 inermem.Mss.Pulm.
1754 1429 1787 1463 2.
1802 1426 1836 1462 3.
1855 1428 1902 1468 et,
1918 1426 1957 1458 ut

1218 1488 1401 1532 videntur,
1423 1485 1582 1520 Lambini
1598 1484 1744 1530 plurimi.
1790 1481 1907 1518 Guelf.
1925 1483 1956 1518 1.

1219 1544 1310 1579 Edd.
1342 1544 1420 1577 Ald.
1453 1543 1531 1577 501.
1565 1543 1620 1576 19.
1668 1542 1723 1574 ed.
1753 1538 1864 1584 princ.
1882 1541 1956 1580 ffap.

1222 1601 1342 1634 Comb.
1360 1601 1449 1633 Ven.
1467 1599 1546 1634 520.
1562 1598 1642 1631 Bas.
1664 1597 1743 1633 531.
1761 1594 1816 1629 55.
1834 1593 1956 1626 Lamb.

1221 1658 1330 1693 Pulm.
1361 1657 1447 1700 Xyl.
1471 1655 1580 1689 Fabr.
1608 1651 1732 1697 steph.
1747 1651 1851 1684 Torr.
1870 1648 1957 1682 Min.

1220 1713 1312 1747 Pisc.
1323 1712 1452 1745 Biedm.
1464 1711 1574 1744 Chab.
1584 1711 1674 1744 Tan.
1693 1708 1780 1743 Fab.
1796 1707 1842 1740 al.
1858 1706 1957 1740 mult.

1222 1769 1324 1802 etiam
1340 1767 1552 1802 Dac.Maitt.
1564 1765 1722 1800 praedic.
1741 1762 1911 1808 (trudet).
1921 1761 1960 1794 in

1219 1835 1275 1870 pr.
1294 1830 1341 1860 tr.
1357 1825 1513 1858 inertem.
1545 1822 1636 1857 Edd.
1651 1821 1750 1855 Paris
1767 1819 1845 1855 752.
1868 1817 1958 1851 Phil.

1222 1881 1300 1917 val.
1321 1882 1428 1914 Gesn.
1460 1880 1581 1913 Oberl.
1600 1879 1720 1911 Comb.
1737 1875 1823 1909 Bad.
1840 1874 1959 1907 Wetz.

1222 1937 1367 1972 Wakef.
1396 1937 1500 1969 Both.
1533 1936 1639 1970 Doer.
1665 1934 1752 1968 Zell.
1782 1931 1860 1976 Bip·
1881 1930 1960 1965 828.

1226 1994 1348 2038 camp.
1369 1993 1499 2037 Charp.
1516 2011 1562 2015 —
1589 1991 1698 2024 ducit.
1717 1990 1796 2023 Scr.
1814 1998 1888 2022 var.
1905 1996 1961 2030 ap.

1225 2048 1311 2082 Min.
1326 2053 1362 2083 et
1376 2061 1438 2082 ms.
1458 2049 1553 2082 Feae
1569 2046 1601 2090 5,
1618 2058 1649 2081 e.
1667 2046 1828 2080 Ceterum
1836 2042 1962 2088 partic.

1228 2105 1276 2138 ad
1299 2110 1336 2138 et
1353 2105 1390 2138 in
1411 2107 1660 2139 commutantur
1675 2101 1787 2147 Epist.
1798 2101 1831 2143 2,
1853 2101 1883 2142 1,
1903 2097 1962 2131 48.

1227 2161 1363 2202 Bentl.;
1407 2161 1445 2194 in
1485 2172 1586 2195 arma
1618 2163 1718 2203 serre
1748 2157 1843 2200 alqm
1877 2153 1965 2188 dixit

1228 2218 1343 2262 Epist.
1362 2220 1401 2260 2,
1432 2220 1470 2260 2,
1495 2218 1572 2256 47.;
1590 2215 1760 2261 approbat
1775 2214 1812 2246 in
1826 2210 1964 2244 Hoche-

1229 2274 1322 2317 den,
1351 2274 1411 2307 sed
1438 2275 1483 2308 cf.
1500 2275 1627 2317 Wagn.
1656 2270 1726 2311 Qu.
1741 2269 1844 2312 Virg.
1865 2266 1911 2300 X.
1927 2277 1962 2311 p.

1229 2329 1309 2364 417.
1349 2330 1482 2363 Inertes
1498 2333 1535 2362 et
1549 2329 1696 2361 inermes
1711 2324 1965 2360 confunduntur

1231 2386 1331 2420 etiarn
1348 2397 1403 2429 ap.
1416 2385 1522 2419 Ovid.
1535 2385 1622 2418 Met.
1634 2383 1667 2426 5,
1685 2382 1762 2418 175.
1778 2382 1827 2415 ib.
1843 2380 1964 2423 Bach„

1232 2453 1290 2486 ap.
1306 2441 1429 2485 virgil.
1440 2440 1526 2475 Aen.
1540 2443 1592 2483 10,
1604 2439 1683 2473 595.
1694 2438 1916 2483 ibiq.Wagn.
1928 2439 1966 2469 et

1231 2497 1331 2541 Jahn,
1344 2509 1400 2542 ap.
1410 2497 1571 2533 Lactant.
1582 2496 1668 2529 Inst.
1681 2498 1714 2538 6,
1731 2497 1763 2538 7,
1780 2496 1814 2529 8.
1829 2494 1877 2529 ib.
1895 2492 1966 2526 Bii—

1231 2553 1493 2598 nem.‚pluribus
1502 2553 1659 2586 defendit
1669 2552 1723 2586 hic
1734 2563 1811 2587 voc.
1822 2550 1966 2584 inertem

1151 2611 1186 2644 b.
1231 2611 1306 2644 Fea
1319 2635 1328 2652 ,
1349 2621 1450 2653 quem
1465 2611 1510 2644 cf.
1529 2609 1572 2643 ad
1590 2610 1666 2644 Sat.
1685 2610 1702 2642 l
1715 2634 1725 2652 ,
1751 2610 1772 2643 7
1785 2634 1796 2651 ,
1825 2606 1880 2641 15.

1276 2666 1319 2700 V.
1331 2666 1516 2700 18-Izonus.
1528 2665 1586 2699 Sic
1599 2664 1791 2700 Ms.Jaeck.
1804 2665 1837 2699 6.
1848 2661 1965 2696 Guelf.

1233 2723 1264 2757 1.
1278 2722 1392 2755 Berol.
1409 2725 1549 2766 Lepus.
1566 2722 1632 2755 Ed.
1645 2721 1774 2756 Sauad.
1790 2720 1826 2753 in
1837 2718 1890 2752 ed.
1898 2719 1966 2751 Pa-

1230 2778 1289 2812 ris.
1301 2779 1380 2813 756.
1391 2797 1434 2802 —
1445 2779 1632 2813 exuit.Ms.
1642 2778 1783 2812 Santen.
1793 2796 1835 2801 ——
1847 2787 1890 2810 ac
1905 2776 1966 2808 do·

1230 2838 1297 2868 cet.
1315 2833 1396 2868 Acr.
1411 2834 1446 2867 in
1469 2835 1624 2870 lemmate
1635 2861 1645 2878 ‚
1672 2835 1789 2869 Guelf.
1813 2833 1847 2868 4.
1874 2831 1966 2867 Edd.

1230 2891 1325 2925 Flor.
1339 2890 1417 2928 482.
1433 2892 1518 2927 Ven.
1530 2892 1609 2927 483.
1622 2893 1680 2928 86.
1695 2893 1755 2928 92.
1771 2890 1870 2935 Lips.
1887 2890 1966 2926 492.
