2028 3268
401 249 482 291 132
509 255 879 298 COMMENTARII
905 259 959 296 IN
987 259 1207 297 HORATII
1234 258 1404 298 EPIST.
1423 258 1638 298 SECUND.
1666 261 1763 301 LIB.
1777 261 1810 300 1.
1867 263 1921 304 26

398 369 627 420 inscriptam
655 367 876 420 perhibent.
932 369 985 405 At
1010 366 1104 406 huic
1130 369 1347 407 sententiae
1380 367 1608 408 adversatur
1637 370 1787 408 notatio
1813 376 1919 408 tem-

398 449 562 486 porum,
594 448 717 486 quum
749 448 801 471 ex
831 435 918 485 ipsa
948 436 1125 486 Epistola
1147 437 1241 474 satis
1271 442 1476 487 appareat,
1505 435 1611 474 hunc
1637 438 1814 475 Lollium
1850 435 1919 475 ad-

398 501 564 540 modum
588 503 777 551 juvenem
806 501 930 539 fuisse
969 502 1034 553 (V.
1066 503 1103 542 1.
1129 504 1228 556 68.).
1296 504 1462 542 Saniora
1501 502 1634 541 docuit
1661 505 1839 542 Norisius
1868 502 1921 541 ad

400 567 618 620 Cenotaph.
649 569 731 605 Pis.
754 570 804 616 Π,
833 567 897 608 14.
915 582 956 619 p.
974 568 1089 617 255„
1119 571 1265 622 quippe
1291 571 1361 622 qui
1378 571 1506 621 Epist.
1520 570 1562 609 2.
1583 577 1622 607 et
1646 572 1710 611 18.
1732 569 1783 608 ad
1800 570 1922 608 Lollii

401 637 617 673 consularis
636 635 764 671 filium
785 633 894 673 datas
914 649 1000 673 esse
1033 644 1222 674 censeret.
1278 638 1383 674 Eum
1402 637 1528 674 secuti
1553 643 1646 673 sunt
1659 665 1669 684 ‚
1698 643 1854 687 praeter
1873 638 1921 674 P.

399 705 586 754 Baylium
615 703 658 738 in
681 702 852 739 Diction.
883 704 968 741 crit.
995 705 1064 743 III.
1095 717 1136 754 p.
1162 703 1255 744 150.
1284 711 1324 741 et
1347 705 1577 741 Massonum
1603 702 1645 739 in
1664 704 1742 741 Vit.
1762 705 1857 741 Hor.
1880 716 1921 754 p,

399 768 520 817 265„
549 769 754 806 Horatiani
787 767 955 806 editores
982 769 1235 819 Sanadonus,
1266 771 1461 808 Gesnerus
1497 776 1537 807 et
1570 769 1748 821 plerique
1783 781 1924 806 recen-

399 836 564 883 tiorum,
594 836 688 873 licet
707 836 777 872 ille
805 834 882 874 duo
912 841 1068 873 tantum
1089 838 1267 883 (alterius
1291 839 1439 876 mentio
1458 837 1504 874 fit
1530 837 1568 884 1,
1598 837 1662 884 18,
1690 834 1776 886 63.)
1799 835 1923 873 fuisse

399 902 560 949 fratres,
591 914 759 953 quorum
780 901 846 938 hic
868 910 963 940 natu
986 905 1186 942 maximus
1208 912 1333 953 esset,
1365 918 1417 942 ex
1440 904 1657 942 rectissima
1685 900 1820 940 Bothii
1849 902 1923 940 ob-

400 968 619 1005 servatione
635 968 744 1006 haud
765 976 851 1007 tuto
870 970 1063 1019 conjiciat.
1120 973 1294 1008 Fuerunt
1316 978 1446 1007 tamen
1461 1000 1471 1018 ,
1502 973 1571 1022 qui
1586 983 1726 1008 vocem
1755 970 1924 1006 maxime

400 1047 439 1070 v.
471 1035 507 1073 1.
530 1048 611 1072 non
641 1035 690 1072 ad
715 1044 908 1084 aetatem,
935 1037 1007 1074 sed
1031 1037 1082 1074 ad
1110 1040 1232 1074 animi
1262 1039 1425 1075 virtutes
1449 1037 1697 1074 referendam
1721 1050 1807 1074 esse
1832 1037 1923 1086 opi-

399 1108 608 1151 narentur,
639 1109 682 1139 ut
708 1105 846 1151 Tam,
877 1105 996 1151 Dae„
1030 1105 1176 1155 aliique
1196 1105 1359 1156 plurimi
1389 1111 1428 1142 et
1455 1118 1476 1141 e
1502 1105 1763 1151 nostratibus,
1794 1115 1924 1155 quan—-

401 1180 523 1219 quam
547 1168 596 1205 de
617 1171 749 1208 Lollio
776 1171 858 1208 filio
880 1172 943 1222 agi
966 1184 1199 1222 persuasum
1234 1171 1420 1209 habuisse
1448 1170 1634 1208 videntur
1659 1169 1856 1208 Herderus
1886 1175 1925 1206 et

401 1235 582 1275 conzius.
638 1238 693 1273 At
719 1236 894 1275 Herdero
924 1238 1154 1289 ingeniose,
1182 1245 1229 1275 ut
1255 1239 1431 1286 solebat,
1461 1236 1509 1274 de
1528 1235 1603 1273 hac
1620 1249 1662 1274 re
1684 1237 1923 1288 disputanti:

401 1302 528 1349 „Dass
559 1302 628 1341 das
658 1306 835 1342 maxime
860 1305 967 1342 Loffl
1000 1303 1109 1342 wohl
1139 1303 1252 1342 nicht
1283 1307 1347 1342 ein
1366 1308 1537 1345 Beiwort
1559 1319 1629 1343 aus
1659 1302 1730 1340 der
1754 1302 1925 1340 Kinder-

401 1369 514 1405 stube
534 1371 620 1406 sein
640 1369 772 1420 kann,
803 1373 907 1422 zeigt
935 1371 1005 1410 der
1022 1370 1155 1409 Inhalt
1179 1371 1247 1409 des
1267 1374 1432 1412 Briefes.
1477 1368 1828 1412 Wahrscheinlich
1846 1382 1927 1406 war

402 1435 471 1472 der
495 1437 618 1487 junge
637 1439 806 1487 Lollier,
838 1452 886 1476 an
908 1438 983 1475 den
1008 1437 1078 1475 der
1101 1440 1214 1476 Brief
1236 1439 1428 1490 gerichtet
1447 1442 1515 1489 ist,
1546 1442 1608 1477 ein
1629 1437 1742 1476 kiihn
1768 1450 1927 1488 empor-

401 1503 630 1541 strebender
656 1506 872 1556 Jiingling,
903 1505 973 1542 der
997 1507 1148 1543 seinem
1179 1505 1416 1545 Geschlecht
1443 1506 1550 1545 Ehre
1580 1505 1748 1545 macheu
1777 1505 1926 1542 wollte.

400 1571 475 1606 Die
506 1570 665 1608 Anrede
698 1573 774 1619 ist,
803 1573 879 1609 wie
903 1585 947 1610 so
975 1572 1098 1609 vieles
1127 1573 1184 1609 im
1210 1575 1324 1622 Hor.,
1355 1574 1501 1612 Scherz
1531 1573 1615 1612 und
1640 1574 1777 1620 Ernst,
1806 1573 1927 1608 Ernst

401 1636 486 1674 und
506 1636 694 1675 Scherz.“
719 1639 873 1675 obstare
894 1638 1064 1675 dixerim
1089 1640 1212 1675 alium
1230 1641 1365 1678 locum
1388 1644 1438 1679 A.
1462 1644 1507 1679 Ρ.
1525 1643 1621 1688 366,
1650 1641 1720 1677 ubi
1735 1641 1927 1677 Pisonum

402 1711 500 1740 natu
516 1705 642 1754 major
661 1704 801 1742 eodem
820 1706 902 1742 fere
929 1706 1048 1742 modo
1069 1706 1222 1753 „major
1235 1707 1455 1755 juvenum“
1474 1709 1707 1759 appellatur.
1765 1707 1831 1744 Sic
1853 1705 1926 1743 Od.

401 1769 441 1818 4,
465 1769 503 1817 4,
529 1770 594 1811 14.
624 1774 751 1818 major
770 1772 989 1811 Neronum.
1050 1774 1160 1822 Virg.
1177 1775 1276 1810 Aen.
1298 1775 1337 1821 7,
1357 1774 1452 1815 532.
1491 1773 1921 1810 Natorum-maximus.

402 1838 488 1874 Ecl.
519 1838 557 1885 5,
585 1835 625 1877 4.
685 1839 745 1875 Τιι
773 1841 900 1886 major
927 1840 953 1876 i.
976 1853 1009 1876 e.
1038 1846 1134 1875 natu
1154 1835 1205 1890 *).
1263 1841 1344 1877 Sed
1372 1849 1411 1878 et
1439 1843 1539 1878 alius
1564 1839 1628 1877 hic
1647 1838 1843 1878 notandus
1867 1845 1926 1875 est

403 1917 522 1941 error.
579 1905 778 1956 Scaliger,
807 1907 1007 1942 Marcilius
1021 1935 1031 1954 ,
1061 1907 1296 1945 Meibomius
1329 1908 1416 1960 (qui
1439 1909 1504 1945 vel
1525 1907 1622 1944 adeo
1639 1907 1816 1944 Lollium
1831 1906 1927 1942 fecit

403 1972 570 2020 Trojani
602 1972 702 2009 belli
731 1973 963 2023 scriptorem
995 1986 1047 2009 ex
1079 1975 1240 2011 Horatio
1273 1975 1454 2026 notum),
1495 1974 1677 2011 Gorallus
1717 1971 1808 2023 (sub
1846 1985 1925 2024 quo

402 2041 563 2076 nomine
586 2039 760 2076 Clericus
789 2039 924 2091 latet),
956 2039 1008 2076 ad
1041 2053 1163 2091 quos,
1194 2040 1302 2092 quod
1331 2039 1448 2078 valde
1477 2041 1618 2088 miror,
1649 2039 1834 2077 accedere
1863 2041 1927 2077 vi-

493 2225 528 2269 *)
553 2227 645 2259 Hinc
670 2231 705 2260 et
726 2236 769 2259 ex
791 2230 908 2258 annot.
934 2226 978 2259 ad
1000 2237 1036 2260 v.
1054 2227 1110 2260 68.
1136 2227 1240 2262 facile
1255 2227 1497 2272 dijudicantur,
1522 2238 1611 2272 quae
1631 2226 1668 2260 in
1690 2225 1830 2260 alteram
1844 2235 1925 2268 par-

405 2288 471 2316 tem
495 2284 636 2328 scripsit
659 2283 786 2316 Bauer.
810 2281 833 2315 l.
861 2282 885 2315 l.
915 2282 1086 2325 „Lollium
1121 2289 1251 2328 patrem
1277 2283 1460 2327 intelligit,
1497 2282 1626 2327 quippe
1655 2282 1712 2316 cui
1735 2281 1927 2326 Epitheton

404 2340 548 2373 maximi
565 2339 759 2382 conveniat,
784 2339 876 2383 quod
900 2350 968 2371 non
992 2339 1164 2375 addiderit
1187 2340 1316 2375 nomini
1338 2339 1441 2372 Lollii
1465 2340 1549 2383 eju5‚
1573 2348 1673 2382 quem
1687 2348 1840 2381 pueram
1864 2348 1925 2381 ap-

405 2396 562 2441 pellaret.
618 2397 696 2430 Nec
721 2407 804 2429 vero
829 2396 996 2437 majorem
1019 2402 1133 2429 aetate
1161 2396 1304 2430 fratrem
1335 2407 1379 2429 ex
1404 2395 1521 2440 Epist.
1547 2395 1578 2436 1,
1607 2395 1662 2436 18,
1686 2394 1743 2428 63.
1766 2392 1927 2437 intelligi,

405 2453 575 2486 Latinitas
600 2453 770 2497 patiatur:
802 2452 964 2495 majorem
987 2451 1094 2494 enim,
1123 2454 1162 2485 ut
1185 2463 1228 2485 ex
1252 2451 1402 2493 duobus,
1435 2451 1588 2491 dioeret3
1619 2454 1654 2483 et
1683 2461 1767 2482 vero
1799 2449 1928 2493 frigeat

406 2509 506 2552 plane
532 2509 724 2554 Epitheton
746 2507 852 2541 aetati
876 2507 1064 2551 signandae
1088 2508 1252 2550 additum,
1276 2508 1375 2553 quasi
1399 2506 1576 2542 involucro
1599 2505 1766 2550 epistolae
1790 2511 1849 2539 aut
1871 2510 1926 2539 ta-

406 2565 496 2598 bulis
518 2565 779 2610 praescriptum.
829 2563 913 2606 Quis
937 2563 1028 2599 enim
1049 2564 1158 2607 serat,
1188 2563 1226 2598 in
1256 2563 1331 2608 ipso
1358 2574 1459 2596 cursu
1483 2571 1518 2596 et
1547 2567 1667 2596 tenore
1692 2562 1839 2606 aliquem
1863 2561 1926 2603 sic,

408 2633 443 2654 v.
470 2632 501 2654 c.
529 2621 736 2655 Germanice
758 2620 944 2665 appellari:
976 2619 1072 2654 Mein
1106 2619 1257 2654 werther
1287 2619 1415 2652 iilterer
1438 2619 1532 2652 Herr
1554 2618 1716 2652 Lollius?
1752 2617 1855 2658 Quod
1884 2628 1928 2650 ne

407 2676 444 2709 in
467 2677 739 2722 praescriptione
762 2677 898 2720 quidem
915 2677 1072 2710 facerent
1096 2676 1254 2719 Romani,
1278 2676 1556 2722 praenominibus
1572 2675 1835 2719 distinguentes,
1859 2684 1927 2706 non

408 2733 532 2766 aetatis
563 2740 653 2767 nota.
704 2734 808 2774 Quod
832 2739 945 2766 autem
977 2733 1241 2778 praecipientis,
1275 2732 1357 2776 quin
1381 2732 1604 2776 castigantis,
1638 2730 1794 2765 oratione
1818 2729 1928 2763 utitur

409 2790 523 2835 poeta,
549 2801 616 2822 non
641 2791 740 2823 modo
765 2802 801 2824 v.
825 2791 882 2824 68.
911 2801 1030 2824 verum
1047 2791 1119 2834 jam
1145 2788 1224 2822 inde
1248 2800 1279 2822 a.
1307 2800 1342 2822 v.
1359 2788 1415 2831 32,
1440 2788 1476 2821 id
1493 2799 1575 2821 vero
1593 2787 1636 2820 ad
1657 2787 1767 2831 ipsuun
1783 2785 1927 2819 Lollium

410 2847 454 2879 ad
475 2857 575 2890 quem
598 2847 748 2889 scribat,
779 2858 849 2881 non
872 2847 982 2891 magis
1009 2847 1181 2880 referatur
1211 2849 1271 2879 aut
1294 2844 1475 2887 dirigatur,
1501 2855 1602 2889 quam
1625 2843 1670 2877 ad
1692 2843 1927 2876 Maecenatem

409 2904 621 2951 pertineant,
650 2913 740 2946 quae
774 2903 845 2948 Ep.
879 2906 910 2947 1,
946 2907 977 2938 1.
1010 2903 1091 2938 inde
1121 2913 1155 2937 a.
1187 2913 1224 2936 v.
1256 2902 1312 2935 28.
1348 2900 1439 2935 haud
1470 2911 1554 2934 sane
1584 2899 1713 2933 leniora
1744 2897 1926 2943 praecipit.
