2054 3268
387 276 441 317 34
523 279 885 317 COMMENTARII
912 281 965 316 IN
999 279 1216 316 HORATlI
1245 279 1412 317 EPIST.
1441 279 1580 316 PRIM.
1611 281 1711 316 LIB.
1739 281 1770 317 Ι.

387 388 518 424 serunt
536 389 638 425 Plat.
659 390 749 428 Crit.
770 403 802 425 c.
826 389 891 427 17.
912 411 967 416 --
1024 389 1095 424 llle
1113 392 1243 426 autem
1262 389 1464 426 transitivo
1483 386 1598 439 hujus
1614 389 1723 427 verbi
1744 401 1819 426 usu
1838 389 1901 426 of-

390 455 524 491 sensus
543 456 736 505 explicat,
767 467 997 505 comparans
1016 454 1090 492 Od.
1118 457 1158 502 2,
1189 458 1230 503 7,
1255 454 1322 495 24.
1356 456 1610 505 deproperare
1632 456 1736 506 [91],
1765 468 1903 492 sonare

386 535 457 569 per
489 543 543 548 ——
599 524 650 559 At
671 536 751 559 non
782 521 924 559 desunt
948 519 1064 570 hujus
1091 535 1185 558 usus
1217 523 1411 573 exempla.
1482 520 1572 562 Vid.
1600 523 1706 573 Virg.
1739 523 1838 559 Aen.
1862 523 1901 568 6,

390 587 486 627 417-
511 590 603 627 171.
665 590 822 626 Petron.
843 589 937 627 121.
995 587 1132 624 Claud.
1150 590 1189 624 in
1209 591 1369 639 Eutrop.
1399 590 1438 634 2,
1457 589 1553 628 302.
1611 588 1749 626 Sidon.
1769 588 1902 638 Apoll.

391 655 519 691 Carm.
542 656 582 694 9.
639 656 699 691 Ab
721 657 807 705 ipsa
824 668 864 691 re
878 665 957 691 non
977 655 1146 691 multum
1172 654 1300 692 differt
1322 656 1484 691 Lucian.
1505 655 1642 692 Somn.
1668 655 1707 696 5.
1740 653 1770 706 ἦ
1788 651 1904 704 φωνή

392 724 472 759 τῶν
490 717 770 761 ἆκουσθέντων
793 721 968 766 ἔναυλος.
995 721 1267 757 Plat.Menex.
1284 719 1426 770 p-235-
1449 716 1575 767 οὕτως
1595 717 1906 772 ἕναυλοςὸλόγος

390 786 457 826 καὶ
478 785 503 826 ὅ
525 782 708 840 φθόγγος
728 785 834 839 notae}
860 789 932 827 τοῦ
949 785 1126 838 λέγοντος
1148 793 1218 824 etc.
1253 787 1311 823 cf.
1324 788 1402 823 Cic.
1414 788 1538 837 Epist.
1554 786 1605 824 ad
1619 788 1709 825 Div.
1729 789 1768 836 6,
1788 788 1851 835 19,
1863 787 1904 826 6.

396 875 445 880 —
464 854 509 891 V.
534 853 574 892 8.
601 853 718 890 Soli-e
737 866 892 902 equum.
933 856 1186 891 Homericum
1206 853 1312 892 λύειν
1327 853 1474 900 ἵππους
1495 853 1534 902 ἐξ
1555 850 1685 904 ὀχέων.
1722 856 1768 894 V.
1790 855 1829 893 9·
1858 866 1908 889 ne

391 919 463 955 illa
494 919 627 956 ducat.
702 921 832 965 Quint.
863 922 958 959 Inst.
985 921 1024 968 8,
1053 923 1093 968 3,
1127 922 1189 960 10.
1264 920 1473 957 Decentior
1500 934 1622 971 equus
1655 922 1721 957 cni
1743 920 1906 957 astricta

390 994 481 1023 sunt
500 987 597 1031 ilia,
618 987 687 1023 sed
706 987 809 1023 idem
830 987 1007 1024 velocior.
1067 990 1174 1024 Bene
1196 986 1329 1024 Schol.
1349 989 1467 1039 Cruq.
1500 988 1545 1024 il.
1575 988 1663 1025 duc.
1676 1015 1690 1032 ,
1711 987 1908 1037 frequen-

391 1061 447 1090 ter
467 1054 634 1094 anhelet.
693 1056 738 1090 In
756 1054 872 1090 ilibus
895 1056 1000 1091 enim
1022 1067 1211 1105 equorum
1230 1056 1387 1104 spiritus
1411 1062 1449 1091 et
1467 1053 1654 1091 fortitudo
1686 1059 1907 1104 spectatum

391 1119 526 1157 anheli
552 1127 684 1157 autem
712 1118 889 1157 anhelitu
916 1122 1039 1158 latera
1061 1122 1240 1171 pulsant,
1272 1134 1391 1172 quare
1423 1135 1503 1159 non
1523 1120 1802 1171 explicaveritn
1819 1131 1909 1155 cum

391 1185 615 1237 Xylandro,
645 1188 909 1234 Bersmanno,
931 1188 1115 1224 Passovio
1141 1188 1327 1238 aliisque:
1359 1189 1513 1226 lumbos
1530 1186 1696 1234 trahere,
1723 1185 1787 1223 die
1801 1187 1910 1222 Len-

395 1253 471 1289 den
505 1251 746 1303 schleppen,
776 1252 846 1289 sed
882 1255 991 1290 omni
1018 1253 1151 1290 labore
1179 1254 1399 1292 anhelitum
1424 1255 1562 1292 ducere
1592 1253 1724 1304 (Ovid.
1754 1254 1848 1290 Met.
1867 1253 1907 1292 7.

395 1317 507 1368 555.)
567 1320 646 1356 Sic.
664 1321 773 1368 Virg-
796 1320 867 1355 Ge-
897 1319 946 1367 3,
977 1319 1071 1359 506.
1101 1322 1256 1371 imaque
1278 1323 1394 1372 longo
1413 1322 1494 1358 Ilia
1519 1321 1700 1369 singultu.
1728 1319 1908 1362 tendunt,

396 1394 433 1422 et
471 1385 527 1421 ibi
548 1387 659 1423 Voss.
688 1378 806 1422 ‘Alia
831 1384 947 1435 hujus
977 1386 1165 1437 loquendi
1191 1401 1284 1425 usus
1313 1388 1496 1438 exempla
1525 1385 1713 1423 exhibent
1734 1385 1910 1423 Turneb.

395 1451 497 1489 Adv.
535 1453 600 1499 17,
632 1453 674 1492 9.
724 1452 860 1490 Barth.
894 1452 945 1489 ad
966 1453 1064 1490 Stat.
1088 1452 1217 1492 Theb.
1249 1456 1288 1501 6,
1314 1453 1408 1496 473.
1437 1461 1475 1492 et
1493 1454 1594 1492 Cort.
1626 1452 1677 1490 ad
1701 1455 1847 1490 Lucan.
1870 1450 1910 1498 4,

395 1519 492 1559 757.
550 1519 610 1556 Cf.
632 1519 821 1558 Wernsd.
839 1520 890 1557 ad
911 1521 1008 1558 Stat.
1032 1521 1128 1558 Silv.
1151 1522 1187 1568 1,
1208 1523 1245 1567 1,
1269 1520 1336 1560 49.
1366 1536 1406 1572 p.
1425 1523 1492 1562 97.
1527 1519 1588 1558 ed.
1613 1518 1743 1556 Hand.
1798 1519 1911 1555 Diatit

397 1587 579 1623 Horatius
597 1616 606 1634 ,
637 1586 743 1638 quod
764 1601 882 1624 sensu
901 1587 1063 1639 quidem
1094 1588 1286 1626 obscoeno
1305 1589 1510 1626 Petronius
1536 1599 1569 1624 c.
1593 1587 1685 1626 100.
1706 1585 1911 1636 [alioquin]

398 1653 573 1690 anhelitu
595 1666 694 1703 opus
710 1655 859 1705 perdet.
917 1657 1054 1706 Equus
1075 1653 1265 1705 ejusmodi
1295 1656 1528 1705 suspiriosus
1550 1660 1588 1691 et
1610 1653 1752 1690 debilis
1772 1659 1913 1702 peccat

398 1718 563 1771 (πταίει)
583 1720 641 1757 acl
657 1730 892 1767 extremum,
922 1721 1028 1774 quod
1045 1722 1262 1759 Ascensius
1289 1729 1327 1759 et
1361 1722 1560 1772 Crnqnins
1584 1727 1675 1757 ante
1705 1726 1853 1756 metam
1879 1730 1913 1755 s.

400 1788 471 1824 sub
517 1789 671 1824 exitum
707 1790 852 1826 curulis
895 1791 1118 1826 certaminis
1161 1791 1484 1839 interpretantur,
1545 1788 1614 1824 alii
1655 1793 1787 1823 autem
1825 1797 1914 1822 cum

400 1868 484 1891 voc.
515 1855 702 1892 ridendus
745 1858 984 1906 conjungunt
1015 1857 1042 1892 i.
1071 1869 1107 1893 e.
1151 1857 1367 1906 plurimum
1407 1855 1606 1892 ridendus.
1675 1851 1781 1891 Illud
1824 1852 1915 1902 qui-

401 1921 494 1958 dem
515 1922 724 1960 ferendum
744 1930 823 1971 est,
853 1922 924 1960 sed
944 1924 1087 1960 melius
1119 1936 1170 1959 ex
1186 1935 1260 1959 usu
1286 1924 1485 1960 communi
1512 1918 1813 1972 explicandum:
1838 1931 1916 1967 po-

401 1995 553 2028 strem0.
611 1989 676 2026 Sic
707 2003 768 2041 ap.
795 1990 876 2027 Cic.
898 1989 950 2027 ad
967 1991 1085 2027 Attio.
1103 1992 1144 2039 2,
1168 1991 1235 2037 22,
1260 1991 1294 2029 1.
1325 1988 1392 2037 24,
1416 1991 1454 2028 2.
1482 1989 1593 2026 Lael.
1612 1989 1682 2035 26,
1704 1986 1770 2026 10.
1826 1984 1917 2021 Alia

403 2057 587 2108 exempla
607 2055 831 2108 suppeditat
863 2057 1006 2094 Hand.
1035 2058 1154 2094 Turs.
1178 2059 1209 2094 I.
1237 2070 1276 2107 p.
1308 2057 1399 2097 131.
1456 2059 1502 2094 In
1534 2059 1720 2106 promptu
1745 2058 1826 2099 est,
1855 2051 1917 2087 al-

404 2122 490 2161 ludi
518 2122 569 2161 ad
603 2137 750 2175 equum
778 2124 820 2160 in
845 2123 950 2161 ludis
971 2124 1187 2176 Olympicis
1210 2125 1274 2161 vel
1299 2124 1546 2161 Circensibus
1571 2125 1810 2167 currentem,
1835 2119 1916 2169 qui,

403 2204 454 2228 ne
473 2197 584 2242 parta
605 2191 701 2228 olim
721 2191 846 2240 gloria
863 2191 1049 2241 privetur,
1080 2192 1189 2228 omni
1217 2189 1479 2228 absolvendus
1499 2192 1550 2228 sit
1567 2191 1824 2228 certaminum
1845 2200 1918 2238 ge—

404 2270 512 2294 nere.
543 2258 660 2308 Origo
677 2255 793 2307 hujus
822 2257 1090 2295 similitudinis
1106 2256 1277 2308 petenda
1297 2256 1452 2294 videtur
1478 2257 1525 2294 ab
1545 2270 1641 2307 equo
1659 2255 1793 2306 Ibyeio
1801 2281 1818 2300 ,
1850 2255 1917 2305 qui

405 2325 620 2362 multormn
639 2325 856 2362 imitatione
875 2325 1102 2362 nobilitatus
1122 2331 1193 2373 est,
1223 2331 1267 2361 ut
1288 2326 1391 2361 Enn.
1415 2336 1477 2374 ap.
1501 2324 1582 2360 Cic.
1603 2323 1686 2360 Cat.
1713 2321 1806 2370 maj.
1828 2334 1862 2358 c.
1877 2321 1917 2362 5.

409 2391 560 2442 (ibique
580 2389 728 2428 Gernh.
746 2404 786 2441 p.
807 2389 911 2442 30.).
957 2392 1065 2442 Virg.
1092 2391 1163 2428 Ge.
1185 2392 1225 2439 3,
1248 2389 1342 2431 498.
1387 2389 1498 2428 Ovid.
1516 2390 1610 2426 Met.
1629 2390 1669 2437 7,
1691 2386 1784 2428 542.
1823 2388 1918 2425 Tib.

413 2458 450 2504 1,
467 2455 507 2504 4,
529 2458 597 2497 31.
624 2458 738 2509 (ibiq.
763 2456 941 2495 Huschk.
969 2463 1008 2494 et
1030 2457 1204 2508 Dissen.)
1261 2458 1358 2495 Inde
1385 2459 1426 2494 in
1447 2455 1697 2506 proverbium
1724 2455 1837 2502 venit.
1862 2454 1918 2504 (v.

410 2523 559 2561 Zenob.
583 2525 711 2575 Adag.
738 2523 787 2573 4,
816 2523 904 2576 41.)
941 2524 1051 2577 ’ἵππῳ
1079 2524 1316 2577 γηράσκοντι
1347 2521 1395 2562 τοὶ
1424 2523 1562 2572 μείονα
1588 2516 1698 2560 κύκλ’
1725 2519 1920 2573 ἐπίβαλλε,

412 2589 480 2625 ubi
509 2588 691 2628 Schottus
717 2591 830 2628 affert
849 2593 956 2642 Virg.
985 2592 1054 2632 Ge.
1082 2591 1128 2639 3,
1159 2592 1229 2630 96.
1294 2590 1383 2629 vid.
1411 2588 1695 2626 Schneidewin.
1738 2587 1791 2625 ad
1810 2588 1920 2639 Ibyci

412 2654 539 2705 Rheg.
563 2657 689 2694 Carm.
713 2660 841 2710 Reliq.
868 2673 908 2710 p.
937 2660 1031 2699 106.
1089 2659 1149 2695 Cf.
1177 2657 1226 2694 de
1253 2659 1361 2708 equis
1388 2669 1529 2694 corona
1556 2654 1773 2693 honestatis
1790 2656 1919 2692 Bentl.

414 2720 465 2759 ad
488 2721 560 2759 Od.
583 2720 622 2769 4,
644 2725 683 2771 2,
703 2728 766 2766 18.
823 2729 931 2779 Lips.
951 2728 1075 2778 Epist.
1095 2727 1205 2762 Ceut.
1225 2724 1263 2772 3,
1283 2725 1349 2763 26.
1406 2722 1595 2761 Wernsd.
1619 2721 1669 2758 ad
1689 2723 1920 2759 Maximian-

414 2790 527 2839 Eleg·
546 2791 593 2836 2,
623 2791 688 2829 60.
707 2793 771 2828 VI.
798 2806 838 2842 p.
865 2795 957 2834 328.
985 2816 1042 2822 -
1097 2792 1302 2829 Horatium
1330 2792 1504 2827 imitatus
1524 2802 1608 2826 esse
1633 2787 1788 2826 videtur
1807 2787 1922 2826 ovid.

415 2857 536 2894 Trist·
558 2854 604 2902 4,
625 2855 662 2903 8,
696 2858 746 2897 19
767 2871 853 2910 sqq.
894 2862 960 2897 Ne
979 2861 1098 2898 cadat
1117 2866 1154 2895 et
1169 2857 1317 2895 multas·
1329 2856 1491 2906 palmas
1514 2855 1727 2892 inhonestet
1741 2855 1920 2906 adeptas,

417 2924 658 2974 Languidus·
674 2924 716 2959 in
730 2928 858 2972 pratis
870 2929 1058 2976 gramina
1075 2927 1203 2976 carpit
1221 2938 1354 2976 eqmw.
1420 2922 1539 2960 Miles
1546 2950 1563 2968 ,
1596 2929 1642 2959 ut
1670 2923 1831 2959 emeriti-s·
1846 2935 1925 2959 non
