2028 3268
154 248 207 290 47
261 247 636 286 COMMENTARII
659 247 716 284 IN
745 246 968 285 HORATII
989 244 1164 286 EPIST.
1192 242 1416 284 SECUND.
1440 243 1541 283 LIB.
1565 244 1597 283 1.
1629 238 1711 281 153

155 361 284 402 cordi‘s
317 358 490 399 eandem
515 360 650 398 inesse
679 359 1039 411 significationem,
1068 360 1105 397 si
1133 371 1182 396 ea
1213 355 1497 410 perpenderis,
1526 369 1630 409 quae
1661 355 1711 394 de

154 437 324 483 utraque
350 442 448 468 voce
472 427 540 467 hic
575 430 661 466 illic
690 437 798 466 recte
824 428 1088 466 observarunt
1115 428 1193 466 viri
1220 426 1340 475 docti,
1367 432 1413 463 ut
1429 423 1712 463 Doederliuius

154 501 198 538 in
223 500 379 552 Synon.
395 499 463 538 IV.
485 512 528 550 p.
549 499 649 539 229.
673 499 722 537 V.
745 512 784 550 p.
806 498 875 546 86,
907 503 946 534 et
980 495 1236 534 Heindorfius
1260 494 1311 533 ad
1334 495 1420 535 Sat.
1455 495 1495 543 2,
1524 493 1566 542 3,
1595 494 1712 540 213„

155 574 200 607 ut
230 581 314 606 non
354 567 463 604 male
494 568 779 618 interpretatus
808 567 860 604 sit
893 564 1122 604 Rodellius:
1161 565 1224 613 „si
1248 560 1498 616 improvida,
1526 569 1573 600 ut
1600 562 1713 610 socii,

157 635 375 689 cupiditate
394 635 539 674 ductus
562 636 753 684 bibisset,
782 635 857 673 sub
884 635 1107 671 meretricis
1140 632 1350 671 dominatu
1374 631 1537 671 infamis
1560 639 1600 670 et
1628 637 1714 669 sto-

155 705 265 744 lidus
297 706 423 744 vitam
458 705 649 756 egisset.“
706 702 864 740 Deinde
892 715 1037 741 verum
1063 701 1166 741 vidit
1192 700 1388 750 Jahnius,
1421 715 1549 755 quum
1577 714 1713 738 excor-

157 774 248 812 dem
284 774 531 825 intelligeret
562 773 731 811 Ulixem
762 772 806 808 in
837 771 1012 808 bestiam
1039 778 1244 810 mutatum
1289 779 1327 809 et
1356 767 1528 809 stultum
1569 767 1714 820 agendi

158 843 327 882 ratione.
389 843 592 893 Ambigue
628 847 782 889 autem,
810 846 858 877 ut
885 841 1006 889 solet,
1036 839 1104 878 hic
1134 841 1314 893 loquitur
1347 841 1496 887 Poeta,
1526 839 1582 875 ita
1612 843 1656 875 ut
1677 843 1717 874 et

157 910 370 964 physicam
399 917 440 948 et
464 910 684 958 moralem,
726 921 851 961 quam
881 907 1040 958 dicunt,
1070 910 1398 947 iimnutationem
1424 907 1590 945 indicet.
1649 906 1717 944 Sic

158 981 343 1032 explica:
380 979 429 1016 Si
450 978 637 1024 bibisset,
655 977 812 1029 ficisset
831 977 860 1018 i.
874 990 908 1017 e.
926 977 1058 1015 factus
1077 985 1181 1016 esset
1199 985 1238 1015 et
1252 978 1469 1017 mansisset
1485 977 1615 1026 turpis
1630 975 1659 1015 i.
1681 989 1718 1014 e.

158 1050 367 1102 proprium
394 1049 474 1086 oris
497 1045 669 1084 humani
698 1045 821 1084 decus
849 1047 1051 1084 amisisset
1078 1046 1170 1100 (Od.
1185 1049 1226 1096 2,
1249 1048 1288 1096 8,
1306 1044 1348 1088 4.
1378 1046 1420 1095 3,
1442 1047 1512 1094 27,
1535 1045 1603 1086 53.
1633 1043 1717 1082 Sat.

160 1119 198 1166 1,
217 1119 258 1167 3,
292 1117 387 1159 100,
415 1117 467 1156 Α.
483 1117 530 1154 Ρ.
551 1116 613 1163 3.)
642 1122 682 1153 et
706 1128 839 1152 excors
861 1115 890 1152 i.
909 1129 946 1153 e.
970 1112 1097 1164 ἄνους
1121 1129 1156 1154 8.
1181 1123 1318 1154 mente
1340 1114 1520 1153 humana
1539 1113 1718 1164 prIVatus

157 1187 322 1235 fuisset,
352 1199 384 1224 s.
412 1183 524 1238 quod
550 1184 774 1221 accuratius
800 1197 922 1222 versu
948 1191 1144 1236 sequente
1170 1184 1286 1223 dicit:
1325 1185 1497 1223 Vixisset
1525 1182 1639 1220 canis
1660 1177 1720 1220 α’)’ν

158 1262 250 1303 etc.,
278 1253 355 1292 hoc
379 1260 453 1302 est,
478 1254 514 1291 si
534 1265 620 1290 rem
640 1251 693 1289 ad
717 1250 882 1292 honesti
899 1265 1065 1291 sensum
1081 1253 1243 1302 referas,
1273 1254 1429 1301 Ulixes,
1460 1253 1495 1290 si
1510 1249 1718 1289 blanditiis

158 1397 373 1444 totumque
401 1404 444 1430 se
473 1388 694 1428 dedidisset
714 1388 971 1438 libidinibus,
1002 1391 1148 1442 quibus
1173 1398 1358 1430 coecatus
1379 1397 1419 1428 et
1438 1388 1563 1428 hebes
1588 1389 1720 1427 factus

161 1459 392 1498 domesticis
423 1459 532 1497 vitiis
561 1465 602 1496 et
627 1458 790 1508 flagitiis
824 1471 868 1496 se
899 1459 1164 1511 inquinasset.
1230 1462 1342 1498 Haec
1367 1459 1644 1512 interpretatio
1673 1470 1721 1494 eo

159 1529 290 1579 magis
323 1529 508 1566 omnium
538 1539 749 1564 assensum
777 1526 900 1576 feret,
935 1540 1015 1580 quo
1041 1528 1266 1567 accuratius
1297 1529 1567 1581 reputaveris,
1597 1538 1722 1579 quam

160 1596 264 1635 bene
290 1594 532 1648 respondeat
559 1595 802 1633 vocabulum
823 1597 952 1645 turpis
978 1608 1121 1647 graeco
1147 1594 1328 1651 αἰσχρᾶν,
1359 1595 1470 1650 quod
1496 1602 1536 1633 et
1555 1594 1606 1632 de
1630 1607 1721 1632 cor-

159 1679 258 1718 pore
284 1671 324 1703 et
352 1663 403 1702 de
432 1665 567 1702 animo
595 1662 756 1702 dicitur.
812 1665 954 1703 Simile
985 1663 1086 1717 quid
1114 1663 1240 1704 habes
1270 1667 1314 1702 in
1337 1678 1428 1705 voc.
1459 1678 1611 1710 excors,
1641 1675 1722 1715 quo

160 1735 248 1774 sine
278 1732 401 1771 dubio
433 1734 559 1771 Poeta
588 1731 767 1770 indicare
797 1734 927 1772 voluit
958 1730 1030 1773 τόν
1057 1727 1232 1785 οἷνόητον
1257 1733 1325 1772 vel
1348 1730 1398 1773 vd
1417 1729 1586 1786 ἀνόητα,
1616 1744 1721 1785 quae

160 1803 283 1842 verba
309 1800 359 1839 de
382 1800 503 1840 foeda
535 1799 716 1839 libidinis
740 1801 992 1854 turpitudine
1015 1808 1276 1855 usurpantur.
1332 1800 1426 1842 vid.
1454 1814 1556 1855 quos
1582 1799 1723 1840 laudat

163 1870 457 1911 Stallbaumius
495 1869 550 1908 ad
577 1871 683 1910 Plat.
718 1871 862 1923 Symp.
895 1872 936 1914 9.
963 1885 1006 1924 p.
1035 1872 1105 1914 50.
1178 1869 1331 1918 Quodsi
1355 1877 1495 1909 tamen
1522 1871 1588 1908 cui
1620 1868 1722 1907 haec

161 1940 271 1979 vocis
303 1952 438 1977 excors
470 1939 746 1991 interpretatio
775 1942 951 1979 Homero
987 1940 1119 1979 socios
1149 1941 1285 1980 Ulixis
1316 1948 1488 1978 mentem
1515 1940 1724 1977 retinuisse

162 2006 307 2060 Odyss.
329 2006 397 2056 10,
416 2004 515 2049 240.
533 2009 713 2046 narranti
730 2021 954 2060 repugnare
972 2007 1170 2058 videatur,
1199 2009 1235 2047 is
1250 2009 1496 2058 meminerit,
1511 2010 1724 2047 Horatium

164 2082 205 2115 et
222 2075 320 2115 alibi
347 2075 393 2112 in
411 2073 490 2112 hac
511 2088 554 2112 re
585 2075 635 2113 ab
652 2078 830 2114 Homero
857 2075 1111 2125 djscessisse3
1141 2075 1273 2128 Epod.
1295 2078 1364 2126 17,
1393 2078 1461 2119 16.
1491 2085 1589 2116 tunc
1613 2090 1724 2114 mens

165 2151 204 2184 et
234 2157 356 2182 sonus
385 2143 593 2194 Relapsus
601 2171 620 2190 ,
648 2150 770 2195 atque
794 2150 913 2180 notus
937 2145 983 2181 in
1009 2143 1151 2183 vultus
1179 2144 1319 2182 honor.
1379 2146 1574 2183 Discessit
1601 2146 1724 2182 etiam

165 2213 215 2252 ab
234 2215 410 2252 Homero
428 2212 622 2263 Virgilius
637 2212 742 2252 Aen.
764 2211 807 2260 7,
829 2210 883 2253 15
901 2223 1006 2264 sqq„
1023 2211 1070 2250 id
1085 2210 1195 2264 quod
1210 2213 1314 2251 bene
1329 2213 1514 2252 observat
1527 2214 1724 2266 Heynius.

164 2279 338 2320 Bothjus
364 2281 489 2318 aliam
516 2278 743 2332 ingreditur
772 2281 904 2329 viam,
931 2279 1075 2333 (quam
1099 2279 1324 2320 deseruisse
1353 2281 1516 2321 videtur
1546 2284 1591 2321 in
1627 2280 1724 2320 edit.

165 2349 373 2404 Gesneri),
394 2355 439 2389 ut
460 2356 649 2387 exsortem
672 2348 852 2400 explicet
873 2350 1082 2396 eximium,
1096 2357 1389 2400 praestantem,
1411 2364 1465 2389 ex
1483 2351 1595 2402 Virg.
1618 2352 1724 2390 Aen.

165 2418 210 2468 8,
238 2418 337 2460 552.
392 2418 568 2457 Ducunt
590 2424 780 2455 exsortem
805 2417 996 2470 (equum)
1023 2417 1191 2457 Aeneae
1221 2425 1296 2458 etc.
1330 2417 1441 2458 hunc
1465 2432 1629 2458 versum
1650 2417 1726 2457 ad-

165 2487 310 2538 juvans
334 2485 413 2526 hac
439 2486 771 2539 interpretatione
785 2497 798 2524 :
813 2486 861 2538 s.
899 2489 1054 2539 turpis,
1078 2495 1119 2528 et
1151 2503 1282 2528 exsors
1315 2488 1490 2527 Vixisset
1519 2495 1596 2527 etc.
1610 2518 1622 2538 ,
1651 2486 1726 2528 sed

168 2555 304 2594 virum
326 2554 377 2594 de
397 2557 565 2596 Horatio
594 2557 699 2596 bene
724 2556 918 2594 meritum
949 2557 1105 2609 fugisse
1123 2557 1284 2597 videtur
1300 2557 1390 2596 loco
1408 2558 1482 2596 illo
1503 2557 1724 2609 Virgiliano

169 2634 268 2662 vera
283 2624 395 2663 vocis
415 2631 607 2676 potestas.
663 2625 711 2665 Si
724 2637 820 2664 vera
836 2632 934 2664 sunt
946 2655 958 2675 ,
989 2639 1094 2680 quae
1117 2625 1167 2665 de
1185 2624 1264 2665 hoc
1282 2639 1403 2665 versu
1417 2625 1723 2678 disputavimus,

172 2689 376 2731 distinctio
394 2693 488 2742 illa,
511 2694 671 2745 turpis,
701 2700 739 2732 et
756 2707 892 2733 excors
922 2695 1191 2742 Vixisset—,
1221 2707 1346 2748 quam
1366 2694 1522 2747 aliquot
1550 2694 1724 2735 editores

172 2767 404 2811 servarunt,
445 2775 519 2801 sua
541 2768 685 2815 sponte
713 2763 947 2802 exsulatum
976 2764 1117 2802 abibit.
1175 2765 1299 2802 Recte
1332 2765 1456 2803 etiam
1490 2765 1646 2816 Meyer.
1679 2765 1725 2802 in

173 2830 444 2870 Commentat.
464 2830 514 2868 de
527 2830 807 2881 Epithetorum
824 2834 1058 2873 ornantium
1084 2833 1131 2870 vi
1151 2839 1189 2870 et
1204 2839 1354 2871 natura
1372 2839 1448 2872 etc.
1467 2847 1510 2886 p.
1529 2831 1597 2876 14.
1613 2831 1724 2872 hunc

173 2897 312 2936 locum
339 2904 503 2951 propter
519 2899 802 2952 Epithetorum
823 2904 928 2942 inter
956 2915 1001 2942 se
1035 2903 1326 2941 contrariorum
1354 2903 1440 2941 vim
1461 2915 1509 2941 ac
1537 2910 1724 2942 naturam

174 2965 402 3005 illustravit.
