2028 3268
357 224 439 266 196

916 222 1304 264 ΗΟΒΑΤΙΙ
1839 227 1866 266 6

423 351 613 407 Quantae
640 351 881 408 conveniat,
911 348 1149 408 Munatius,
1179 362 1235 392 an
1268 350 1379 393 male
1413 354 1527 394 sarta

422 428 572 472 Gratia
598 430 868 485 nequicquam
896 428 980 471 coit
1006 430 1048 471 et
1075 425 1356 471 rescinditur?
1402 427 1460 471 At
1488 441 1566 472 vos

358 581 421 604 ms.
448 581 528 613 suo,
557 571 632 603 Fea
657 570 692 603 in
709 569 883 612 omnibus,
914 568 980 602 nisi
1001 566 1092 613 quod

357 629 392 660 in
409 627 553 667 duobus,
580 636 665 669 quos
679 636 784 669 supra
799 625 965 667 indicavi,
989 625 1019 657 si
1029 623 1092 658 tibi

291 694 297 702 ¹
359 686 436 725 est,
466 680 584 714 Jaeck.
606 681 642 714 in
659 693 741 715 mss.
767 681 801 715 4.
819 685 856 715 et
871 682 921 725 5.,
955 680 1093 714 Pottier

358 739 396 772 in
425 737 581 770 omnibus
608 748 675 771 uno
708 743 854 783 excepto
867 763 877 780 ‚
908 737 1094 770 Hocheder

358 794 395 826 in
411 804 491 826 mSS.
504 804 536 826 a.
553 794 590 826 b.
608 805 639 827 c.
653 795 687 828 d.
707 806 782 828 cum
797 793 965 835 victorio,
983 793 1094 826 Orell.

359 850 395 882 in
429 850 509 892 bc.‚
543 849 581 882 in
606 850 632 883 S
664 861 839 894 superscr.
867 849 918 890 si3
945 849 1031 882 adde
1054 859 1097 881 ex

360 906 488 939 nostris
506 907 620 940 Guelf.
639 910 670 941 1.
688 907 722 940 3.
740 904 776 940 4.
800 906 948 939 Dessav.
966 908 1098 938 utrum-

361 974 428 1006 que
438 988 447 1005 ‚
473 973 665 1008 quanquam
684 963 720 995 in
734 974 796 996 ms.
816 965 848 996 1.
865 962 964 995 litera
977 966 993 994 t
1010 960 1097 994 obli-

359 1022 474 1052 terata
491 1023 546 1052 est
562 1030 583 1052 a
597 1030 698 1052 manu
714 1017 920 1061 recentiori,
948 1018 1050 1050 Gott.
1065 1018 1096 1051 1.

363 1074 471 1107 Goth.
489 1074 588 1119 Lips.
613 1086 702 1109 omn.
719 1074 864 1109 Mentel.
881 1074 992 1108 Dorv.
1012 1076 1044 1108 1.
1064 1075 1097 1108 2.

363 1130 504 1164 Corbei.
520 1135 557 1164 et
567 1131 721 1166 Berolin.
734 1134 767 1166 1.
778 1132 811 1167 2.
824 1130 1021 1163 Editionum
1030 1141 1100 1163 om-

362 1187 452 1221 nium
464 1213 474 1230 ,
503 1198 588 1232 quas
605 1187 698 1231 vidi,
731 1186 840 1232 prima
860 1186 1001 1220 exhibet
1016 1185 1099 1218 scri-

362 1248 499 1289 pturam
517 1244 562 1278 sit
573 1243 670 1288 Lips.
681 1243 757 1278 508.
772 1247 808 1276 et
823 1248 904 1288 post
913 1254 986 1276 eam
999 1242 1097 1287 Lips.

363 1302 444 1335 510.
461 1300 541 1333 Asc.
560 1300 703 1334 511.19.
721 1300 830 1343 Cruq.
848 1299 964 1333 Burm.
981 1298 1100 1332 Maitt.

364 1357 526 1390 Praedic.
586 1357 684 1390 Pott.
742 1356 899 1390 Hoched.
953 1355 1099 1388 Passov.

364 1412 515 1446 Braunh.
531 1412 631 1446 Hanc
647 1413 866 1458 scripturam,
887 1422 986 1456 quam
1001 1415 1102 1444 tuen-

364 1473 423 1503 tur
440 1468 657 1502 Scholiastae
682 1470 871 1514 (Porphyr.
898 1468 1024 1511 „deest
1040 1478 1100 1511 an,

365 1530 406 1559 ut
427 1526 474 1558 sit
494 1537 634 1559 sensus:
677 1526 731 1559 An
755 1526 800 1560 sit
824 1525 890 1559 tibi
908 1535 1011 1558 curae
1027 1524 1104 1556 Nu-

366 1582 534 1623 matius⁴‘)
547 1593 567 1614 a
581 1593 633 1615 me
642 1583 819 1615 defensam
834 1581 868 1614 in
879 1581 1043 1624 Epistola
1055 1580 1103 1613 ad

372 1639 500 1672 Obbar.
532 1638 637 1671 missa
668 1637 848 1671 Halberst.
882 1638 982 1673 1828.
1014 1649 1049 1682 p.
1082 1637 1103 1670 5

368 1705 445 1740 sqq.
463 1699 499 1727 et
513 1694 549 1726 in
565 1693 717 1726 editione
730 1705 807 1726 mea
822 1697 998 1738 receptam
1014 1703 1103 1725 com-

368 1750 562 1795 probarunt
590 1749 634 1782 A.
663 1750 868 1792 Grotefend.
893 1749 928 1782 in
950 1748 1102 1782 Seebod.

368 1805 460 1839 Bibl.
490 1805 566 1839 crit.
600 1806 701 1840 1830.
727 1805 774 1838 Ν.
801 1806 858 1840 46.
888 1818 922 1850 p.
944 1805 1009 1839 183
1037 1815 1102 1848 sq.‚

371 1861 791 1904 Baumgarten-Crusius
815 1861 852 1895 in
867 1861 987 1894 Diario
1011 1860 1104 1894 liter.

370 1918 468 1963 Lips.
497 1918 596 1954 1830.
631 1919 674 1954 N.
691 1917 749 1952 82.
782 1918 893 1951 Bach.
919 1917 956 1950 in
985 1917 1104 1950 Zimm.

372 1973 546 2007 zeitschr.
572 1974 597 2006 f.
625 1974 659 2007 d.
676 1973 985 2007 Alterthumsvviss.
1006 1974 1105 2007 1834.

373 2029 418 2064 N.
446 2029 523 2064 129.
559 2042 594 2074 p.
625 2030 725 2064 1033.
758 2029 936 2063 'l'urbasse
966 2030 1108 2062 videtur

373 2085 538 2120 librarios
554 2089 590 2118 et
605 2085 758 2118 editores
770 2110 779 2128 ,
813 2089 852 2118 ut
872 2085 983 2130 ipsum
1000 2086 1110 2119 Bent-

373 2142 475 2185 lejum
493 2141 659 2185 aliosque,
686 2142 863 2174 modorum
879 2141 1108 2186 permutati03

375 2197 443 2231 nisi
461 2201 619 2242 praestat
638 2198 798 2240 credere,
817 2198 949 2231 literam
966 2203 999 2242 t,
1021 2209 1110 2242 quae

376 2254 496 2287 eadem
525 2253 668 2287 initialis
693 2258 770 2287 erat
794 2253 892 2287 vocis
919 2254 1109 2299 sequentiS,

376 2320 558 2354 perperam
581 2310 754 2343 excidisse
776 2310 813 2343 in
834 2311 904 2344 fine
930 2311 1027 2344 vocis
1053 2311 1110 2356 sit,

378 2366 475 2408 cujus
510 2365 748 2410 negligentiae
779 2366 958 2399 innumera
983 2367 1113 2411 passim

379 2426 518 2455 exstant
540 2423 705 2467 exempla.
743 2422 826 2456 Vid.
839 2422 946 2456 Drak.
973 2423 1016 2455 ad
1032 2423 1111 2457 Liv.

380 2480 412 2520 1,
433 2477 489 2522 55,
508 2480 540 2512 1.
558 2481 591 2520 2,
608 2480 642 2521 7,
659 2480 693 2513 8.
713 2478 814 2512 Cort.
832 2479 877 2512 ad
892 2478 982 2513 Plin.
995 2479 1113 2524 Epist.

381 2533 414 2574 2,
429 2535 482 2575 11,
503 2535 556 2568 17.
587 2534 669 2567 Tib.
688 2536 720 2578 2,
739 2536 772 2577 6,
790 2538 822 2570 2.
833 2534 866 2578 4,
885 2537 917 2578 1,
935 2535 1017 2569 16.“
1053 2535 1114 2568 Sic

380 2588 451 2622 ille.
484 2589 597 2622 Totus
623 2591 794 2625 assentior
817 2591 894 2624 viro
919 2591 1114 2625 doctissimo

383 2646 488 2688 atque
512 2655 672 2678 assensus
700 2658 773 2681 sum
791 2647 863 2690 jam
879 2648 948 2681 diu.
978 2647 1116 2681 Etenim

382 2699 442 2732 illa
467 2698 546 2743 ipsa
561 2701 735 2737 modorum
747 2705 955 2748 permutatio
972 2704 1117 2738 maxime

385 2755 530 2798 adjuvat
555 2758 780 2801 sententiam,
812 2764 852 2792 ut
877 2759 967 2794 infra
982 2759 1118 2794 videbi-

384 2822 470 2854 mus,
488 2815 526 2844 et
538 2812 674 2847 omissio
692 2815 882 2859 particulae
892 2815 1119 2860 interrogati-

386 2878 453 2902 vae
480 2871 535 2902 est
570 2869 606 2902 in
636 2871 764 2905 talibus
797 2883 842 2906 ex
869 2872 1119 2907 consuetudine

1135 568 1338 604 Horatiana.
1382 570 1439 605 cf.
1458 569 1572 615 Epist.
1595 569 1648 612 16,
1677 569 1706 603 1.
1723 569 1758 604 2.
1774 566 1866 599 'Sat.

1138 627 1169 667 1,
1187 625 1220 667 4,
1238 625 1296 660 45.
1313 627 1370 661 63.
1394 623 1471 661 124.
1502 627 1666 660 Ceterum
1690 624 1783 657 haud
1797 623 1869 656 scio

1138 692 1181 713 an
1206 681 1295 715 hanc
1313 682 1516 727 scripturam
1543 681 1653 726 prima
1667 681 1795 714 habeat
1814 679 1870 714 ed.

1137 737 1236 782 Lips.
1262 739 1341 773 498.
1356 764 1366 780 ‚
1398 749 1499 782 quam
1522 748 1649 770 mecum
1679 735 1872 770 humaniter

1140 794 1405 827 communicavit
1421 794 1533 828 Henr.
1555 793 1738 835 Lindner„
1755 792 1798 826 V.
1816 790 1871 825 Cl.

1143 850 1308 883 Biedmae
1331 854 1445 884 autem
1468 850 1554 883 edit.
1571 850 1650 884 599.
1674 848 1737 891 (de
1753 858 1822 891 qua
1836 858 1872 880 v.

1143 907 1176 950 4,
1194 908 1250 950 7.)
1281 907 1453 940 consentit
1466 906 1502 939 in
1519 906 1662 949 vulgata
1678 904 1839 938 lectione.

1187 963 1233 998 V.
1252 964 1309 998 31.
1348 965 1464 1005 Quam
1484 968 1519 996 te
1546 961 1741 996 conveniat.
1785 960 1874 994 Mss.

1142 1018 1209 1052 duo
1221 1020 1342 1062 Pulm„
1370 1021 1466 1054 Feae
1478 1020 1510 1061 6,
1533 1019 1569 1052 b.
1595 1017 1686 1051 Edd.
1703 1017 1780 1050 Ald.
1796 1015 1875 1051 509.

1145 1077 1198 1110 19.
1215 1075 1271 1111 55.
1301 1076 1446 1110 Fabrin.
1467 1074 1552 1117 566,
1579 1078 1615 1106 et
1630 1073 1679 1106 sic
1690 1073 1877 1106 restituen-

1144 1132 1206 1164 dus
1228 1131 1412 1165 videbatur
1438 1130 1494 1164 hic
1517 1131 1612 1164 locus
1635 1128 1717 1163 Ant.
1734 1129 1876 1163 Mureto

1143 1187 1178 1221 in
1205 1187 1335 1222 Scholl.
1372 1188 1417 1220 ad
1439 1187 1566 1220 Horat.
1614 1187 1770 1228 Quanto.
1810 1183 1880 1218 Ed.

1143 1243 1253 1277 Loch.
1283 1262 1328 1268 -—
1360 1243 1581 1277 conveniant.
1608 1242 1675 1275 Ed.
1692 1241 1780 1274 Ven.
1795 1237 1876 1274 481.

1144 1319 1192 1326 ·—-
1216 1299 1420 1333 Munatius.
1459 1300 1500 1333 In
1530 1297 1704 1332 exarando
1730 1296 1796 1328 hoc
1817 1306 1879 1328 no—

1144 1357 1235 1390 mine
1254 1356 1351 1390 varie
1367 1360 1546 1400 peccatum
1560 1359 1612 1387 est
1626 1353 1663 1386 in
1678 1351 1778 1386 libris
1796 1350 1880 1384 scri-

1146 1413 1217 1457 ptis
1248 1418 1286 1446 et
1316 1412 1437 1446 editis=
1478 1409 1698 1445 Numantius
1719 1407 1882 1441 exhibent

1147 1469 1278 1501 Bersm.
1295 1480 1376 1505 mss.
1394 1473 1479 1510 tres,
1496 1466 1615 1501 Jaeck.
1638 1476 1698 1499 ms.
1715 1465 1749 1498 4.
1777 1464 1880 1498 Dess.

1149 1529 1196 1566 2.‚
1218 1524 1413 1558 Namatius
1427 1535 1507 1557 mss.
1525 1523 1624 1556 Gott.
1637 1524 1669 1556 1.
1686 1523 1718 1556 2.
1731 1520 1831 1564 Lips.
1845 1522 1878 1554 1.

1148 1583 1183 1619 3.
1193 1582 1309 1615 Berol.
1324 1584 1355 1615 1.
1369 1583 1400 1616 2.
1410 1577 1674 1613 Edd.Ven.479.
1684 1577 1740 1610 81.
1751 1577 1804 1611 83.
1821 1577 1879 1612 86.

1149 1639 1205 1672 90.
1223 1637 1279 1672 92.
1298 1638 1353 1672 98.
1373 1636 1453 1671 520.
1470 1636 1565 1670 Flor.
1584 1635 1663 1670 482.
1682 1633 1790 1668 Loch.
1799 1632 1880 1667 498.

1147 1693 1224 1727 Ald.
1242 1693 1320 1727 501.
1333 1694 1368 1727 9.
1387 1692 1439 1728 19.
1455 1693 1536 1726 Bas.
1552 1691 1630 1725 520.
1647 1689 1703 1724 55.
1721 1689 1765 1722 al.
1782 1688 1881 1733 Lips.

1145 1750 1226 1784 492.
1247 1749 1303 1783 98.
1321 1748 1399 1784 508.
1417 1750 1470 1782 16.
1488 1748 1532 1781 al.
1549 1748 1646 1780 Glar.
1657 1745 1783 1779 Irenic.
1794 1744 1882 1779 Min.

1149 1809 1185 1838 et
1197 1805 1292 1838 mult.
1309 1805 1353 1838 al.
1384 1823 1430 1828 ——
1462 1804 1640 1837 Minatius
1654 1814 1715 1836 ms.
1735 1803 1832 1836 Feae
1848 1804 1882 1845 2,

1149 1873 1180 1895 e.
1196 1861 1297 1894 Dess.
1318 1863 1349 1894 1.
1375 1861 1474 1905 Lips.
1489 1862 1521 1894 2.
1546 1860 1654 1894 Dorv.
1678 1862 1708 1894 1.
1738 1858 1882 1892 Corbei.

1149 1918 1191 1951 In
1225 1917 1300 1950 aliis
1329 1917 1493 1950 scribitur
1520 1915 1559 1948 N
1560 1915 1772 1954 ummacius,
1803 1913 1884 1948 Nu.-

1151 1973 1298 2006 macius.
1314 1973 1419 2016 Vulg.
1438 1972 1643 2014 Munatius,
1658 1981 1746 2015 quae
1760 1974 1815 2003 est
1829 1980 1886 2015 ap.

1151 2030 1272 2063 Lamb.
1299 2029 1450 2072 Xyland.
1464 2054 1474 2070 ‚
1507 2040 1526 2061 e
1562 2027 1693 2061 nostris
1723 2027 1888 2060 exhibent

1152 2086 1222 2121 Ms.
1241 2086 1374 2118 Graev.
1396 2085 1504 2119 Goth.
1520 2084 1630 2117 Dorv.
1649 2085 1682 2118 2.
1698 2084 1785 2116 Post
1802 2082 1889 2116 Mu-

1152 2141 1275 2175 natius
1305 2147 1434 2186 puncto
1461 2141 1604 2174 distinx.
1633 2139 1711 2173 edd.
1743 2140 1818 2173 Val.
1852 2143 1889 2172 et

1153 2197 1303 2242 Philipp.
1326 2197 1549 2232 Munatius?
1576 2207 1635 2231 an.
1661 2195 1753 2230 Edd.
1770 2195 1886 2228 Merv.

1154 2254 1251 2287 Pott.
1273 2254 1316 2288 al.

1201 2311 1243 2343 V.
1260 2311 1317 2346 32.
1342 2321 1405 2343 nec
1422 2309 1620 2353 quicquam.
1635 2308 1704 2342 Ms.
1721 2306 1838 2340 Guelf.
1853 2305 1888 2340 3.

1157 2367 1385 2410 nequiquam.
1397 2364 1594 2398 Mss.0rell.
1606 2365 1800 2398 bc.Dess.1.
1814 2362 1888 2406 (cf.

1157 2423 1264 2459 Drak.
1287 2422 1343 2456 ad.
1360 2421 1441 2455 Liv.
1458 2423 1512 2463 21,
1546 2421 1601 2462 54,
1629 2421 1680 2464 7.)
1708 2438 1751 2444 —
1786 2419 1890 2452 choit.

1158 2479 1228 2512 Ms.
1247 2478 1363 2512 Guelf.
1380 2478 1414 2514 2.
1448 2476 1551 2510 comt.
1576 2476 1693 2510 Guelf.
1711 2474 1745 2510 4.
1774 2495 1822 2501 ——
1851 2487 1893 2509 ac

1160 2535 1309 2570 rescind.
1350 2534 1420 2567 Ms.
1446 2534 1540 2567 Feae
1566 2534 1600 2575 7,
1625 2534 1661 2566 b.
1698 2532 1891 2567 Edd.0un.

1160 2591 1244 2624 San.
1268 2591 1383 2627 Merv.
1403 2589 1562 2624 Francis.
1579 2589 1721 2634 Dorigh.
1745 2587 1893 2622 resindi-

1161 2653 1235 2681 tur.
1268 2647 1335 2680 Ms.
1352 2646 1453 2680 Dess.
1471 2648 1502 2681 2.
1518 2663 1564 2670 --
1580 2650 1613 2678 et
1628 2656 1700 2679 vos.
1723 2645 1811 2679 Mss.
1828 2644 1892 2677 Fe.

1162 2705 1195 2745 7,
1224 2713 1256 2736 a.
1272 2703 1308 2737 b.
1331 2702 1371 2745 (a
1385 2703 1416 2736 2.
1434 2703 1498 2745 m.)
1550 2701 1642 2735 Edd.
1666 2702 1750 2736 San.
1766 2701 1894 2735 Franc.

1160 2758 1304 2802 Dorigh.
1319 2759 1392 2791 Aut
1407 2769 1477 2791 vos.
1495 2758 1564 2792 Ms.
1576 2758 1695 2792 Jaeck.
1713 2758 1746 2792 5.
1765 2768 1808 2790 ac
1821 2766 1893 2790 vos.

1164 2816 1224 2859 (ut
1238 2814 1468 2858 interrogatio
1480 2840 1489 2857 ,
1506 2814 1558 2848 uti
1569 2814 1605 2848 in
1620 2825 1688 2848 scr.
1703 2818 1755 2856 et,
1787 2822 1895 2855 usque

1165 2871 1208 2905 ad
1221 2873 1322 2914 feros
1346 2872 1488 2915 pergat)
1512 2870 1639 2916 primus
1661 2868 1772 2906 edidit
1786 2868 1896 2903 Bent-
