2028 3268
208 237 263 279 65
321 236 697 275 COMMENTARII
727 238 782 274 IN
811 235 1035 274 HORATII
1054 234 1227 272 EPIST.
1247 232 1466 273 SECUND.
1497 235 1598 272 LIB.
1620 237 1652 276 1.
1685 232 1764 275 161

209 350 482 389 assentiuntur
511 350 669 387 Hunter
693 355 734 387 et
758 346 1005 398 Schmidius,
1033 355 1243 401 praeterea
1268 347 1486 387 occurritur
1510 346 1574 384 illi
1603 345 1766 385 dubita-

206 419 324 467 tioni,
350 430 474 470 quam
506 416 556 456 de
584 415 662 456 hac
695 418 892 470 scriptura
915 415 1044 455 movit
1071 417 1298 468 Benflejus,
1329 430 1455 471 quum
1483 417 1642 469 „prima
1668 416 1765 453 illa:

217 486 275 525 Ut
288 510 337 523 —.-
356 487 635 539 expergisceris
660 492 700 524 et
725 493 950 539 postrema:
979 484 1038 522 Et
1065 486 1112 522 ni
1132 508 1181 516 —
1200 485 1370 533 lumine,
1400 484 1450 524 de
1475 498 1616 524 somno
1639 491 1679 522 et
1701 485 1764 521 vi-

202 554 377 606 gilantia
406 553 558 593 diceret
580 561 764 605 tractare,
794 560 834 592 et
853 551 954 591 haec
980 551 1115 591 media
1134 567 1228 603 non,
1258 556 1318 593 uti
1341 567 1415 607 par
1432 560 1550 603 esset,
1577 566 1670 591 cum
1690 566 1766 590 ex·-

206 623 348 661 tremis
375 635 561 662 connexa
590 631 631 662 et
654 623 928 675 congruentia,
957 618 1032 659 sed
1057 634 1081 659 a
1106 635 1149 660 re
1173 637 1337 675 prorsus
1362 623 1508 671 aliena,
1539 636 1658 660 cursu
1683 622 1765 660 sci-

206 690 316 741 licet,
347 689 429 730 huc
451 691 634 731 traducta
667 699 707 730 et
736 703 859 744 prave
895 690 1131 742 interposita
1159 693 1289 729 esse.“
1312 714 1370 721 —-
1398 692 1443 730 Si
1472 692 1660 729 Horatius
1686 689 1765 729 hoc

207 758 331 798 modo
359 759 412 798 ad
439 759 666 814 hydropem
693 758 910 808 alludebat,
939 758 1046 796 inter
1069 771 1209 797 omnes
1241 760 1461 809 constabat,
1491 759 1764 798 somnolentos

208 827 262 866 ad
281 826 509 881 hydropem
525 830 763 881 plerumque
782 827 950 866 transire
970 823 1100 879 (quod
1115 827 1218 865 bene
1242 827 1358 866 docet
1374 828 1525 881 Bentl.)
1551 834 1591 865 et
1610 825 1765 880 hydro-

203 897 308 949 picis
341 910 425 936 non
457 897 587 948 magis
616 895 892 949 vigilandum,
921 908 1044 948 quam
1073 895 1316 934 currendum
1345 910 1432 935 esse
1468 909 1520 934 ex
1550 902 1764 948 praecepto

208 965 317 1004 Celsi
345 965 386 1015 3,
421 966 465 1008 2.
520 966 715 1013 Quocirca
744 972 852 1004 recte
880 962 1159 1016 Porphyrion:
1201 979 1334 1003 curres
1367 964 1610 1016 hydropicus
1620 980 1638 1012 ,·
1668 966 1765 1016 quia

206 1033 416 1085 hydropici
431 1032 628 1081 jubentur
657 1048 685 1072 a
718 1034 885 1072 medicis
912 1047 1070 1071 currere
1083 1049 1095 1071 .-
1125 1035 1185 1072 ita
1210 1035 1316 1071 enim
1331 1032 1494 1071 morbus
1516 1046 1650 1070 eorum
1668 1032 1766 1070 solet

207 1102 415 1139 extenuari
454 1100 604 1140 labore.
665 1104 753 1142 Hoc
787 1115 915 1156 quum
942 1103 1018 1152 sit,
1050 1102 1173 1140 etiam
1207 1101 1400 1141 inciditur
1433 1103 1564 1142 omnis
1601 1102 1763 1140 alterius

200 1169 427 1222 *scripturae
461 1183 573 1208 cures
599 1183 762 1221 nervus,
791 1170 844 1210 ad
880 1183 1003 1223 quam
1035 1178 1176 1223 utpote
1207 1171 1420 1210 meliorem
1444 1171 1652 1221 Bentlejus
1682 1167 1764 1224 (bis

203 1239 440 1290 intelligens
462 1241 698 1291 expergisci)
717 1241 815 1278 olim
839 1241 1055 1292 confugere
1077 1253 1162 1278 non
1181 1237 1401 1277 dubitavit:
1427 1239 1520 1286 „Si
1537 1239 1642 1277 nolis
1669 1253 1759 1277 san.

206 1308 430 1359 expergisci
447 1330 499 1335 —
519 1306 652 1346 adhuc
688 1310 797 1347 enim
828 1311 998 1348 sanitate
1022 1310 1166 1348 frueris
1188 1331 1246 1337 —
1262 1315 1404 1360 postea
1429 1322 1502 1360 per
1528 1309 1764 1347 somnolen-

206 1375 308 1413 tiam
326 1376 447 1413 istam
467 1373 713 1429 hydropicus
734 1378 877 1427 factus,
909 1392 1022 1417 cures
1043 1381 1187 1418 saltem
1215 1378 1442 1429 expergisci
1460 1378 1577 1428 jussu
1602 1376 1763 1426 medici,

206 1455 259 1480 ne
281 1443 446 1481 morbus
467 1443 610 1482 evadat
629 1446 762 1484 letalis
781 1448 888 1487 etc.“
944 1449 999 1486 Et
1022 1461 1074 1485 ne
1103 1448 1203 1484 alias
1237 1446 1410 1483 aliorum
1434 1445 1616 1485 indoctas
1643 1445 1763 1497 hujus

206 1512 288 1550 loci
312 1513 602 1564 explicationes
622 1526 950 1566 commemorem,
981 1515 1126 1555 eodem
1149 1515 1255 1552 ferro
1272 1514 1482 1564 jugulatus
1507 1514 1615 1553 cadit
1632 1515 1762 1553 bonus

205 1579 277 1617 ille
295 1581 530 1630 Lambinus,
550 1594 678 1634 quum
698 1581 818 1621 dicit:
838 1598 1010 1630 „curres
1026 1584 1086 1622 ad
1101 1584 1299 1621 medicum
1312 1581 1554 1634 hydropicus
1560 1583 1740 1635 sactus!
1746 1588 1764 1606 ‘

206 1651 296 1688 Huc
317 1640 482 1700 accedit,
504 1649 612 1702 quod
629 1652 818 1689 Horatius
839 1659 908 1690 aut
926 1653 1169 1692 nominatim
1183 1652 1318 1702 Lol-lii,
1342 1653 1414 1705 qui
1430 1653 1599 1690 fortasse
1619 1666 1762 1691 somno

207 1717 366 1758 deditus
397 1719 657 1772 preatexebat
683 1720 910 1770 sanitatem,
942 1728 1024 1771 aut,
1054 1720 1165 1774 quod
1190 1721 1320 1770 malo,
1351 1721 1584 1773 aequalium
1620 1722 1762 1774 ipsius,

203 1788 405 1841 imprimis
427 1789 729 1840 Epicureorum,
759 1789 993 1840 opinionem
1021 1788 1203 1828 deridere
1231 1788 1404 1838 videtur,
1434 1790 1506 1842 qui
1535 1792 1617 1829 otio
1642 1797 1764 1843 atque

204 1858 351 1896 inertia
388 1858 576 1897 venalem
610 1869 697 1894 esse
731 1859 945 1895 sanitatem
985 1859 1274 1911 opinabantur-3
1306 1858 1494 1911 quocirca
1521 1858 1762 1898 Plutarchus

206 1925 258 1964 de
281 1928 451 1965 sanitate
468 1924 621 1964 tuenda
637 1927 703 1965 VI.
722 1939 762 1978 p.
786 1925 870 1967 512
898 1925 1036 1965 docet:
1066 1924 1211 1980 ἥκιστα
1233 1925 1285 1980 δή
1306 1924 1382 1980 τήν
1413 1923 1560 1981 οἷργίαν
1588 1925 1764 1981 ὖγιεινόν

205 1992 472 2047 ὑποληπτέον,
502 1995 538 2035 εἰ
563 1991 609 2035 to*
634 1997 708 2047 τῆς
732 1993 886 2048 ’ὑγιείας
906 1993 1019 2043 τέλος
1044 1991 1243 2037 ἀπόλλυσι
1275 1994 1343 2036 καὶ
1371 1990 1468 2036 οὔδ’
1498 1991 1654 2047 ἀληθές
1681 1995 1764 2037 ἐστι

205 2059 250 2103 τὸ
279 2064 433 2114 μᾶλλον
468 2060 667 2115 ’ὑγιαίνειν
707 2059 806 2111 τοὺς
842 2062 1016 2115 ἡσυχίαν
1053 2061 1238 2116 ἄγοντας.
1304 2063 1420 2111 Quod
1456 2063 1762 2102 incommodum

206 2131 474 2168 somnolentia
501 2129 654 2179 afferat,
683 2130 859 2169 ostendit
884 2131 1039 2170 Seneca
1062 2133 1106 2169 in
1131 2133 1260 2184 Epist.
1291 2132 1412 2172 122:
1448 2131 1762 2169 Circumscriba-

207 2205 274 2236 tur
299 2212 396 2245 nox,
426 2183 649 2249 atah-quid
676 2199 720 2235 in
748 2198 852 2235 diem
888 2200 1157 2251 transferatur
1174 2222 1231 2228 ——
1251 2201 1337 2237 sine
1367 2199 1457 2237 ulla
1486 2200 1763 2238 exercitatione

192 2265 447 2314 jacentibus,
479 2273 611 2303 tamor
640 2267 810 2317 pigrum
847 2280 990 2317 corpus
1023 2267 1201 2313 invadit,
1231 2274 1269 2303 et
1300 2281 1419 2318 saper
1448 2266 1626 2305 membra
1658 2269 1764 2305 iners

205 2335 353 2386 eagina
371 2334 598 2371 succrescit.
660 2334 728 2371 Ita
755 2335 922 2371 istorum
946 2347 1130 2385 corpora,
1163 2336 1236 2387 qui
1255 2349 1296 2372 se
1318 2334 1487 2373 tenebris
1508 2335 1762 2382 dicaverant,

193 2401 324 2453 jbeda
341 2403 539 2440 visantur.
596 2402 753 2453 Quippe
773 2416 854 2439 non
872 2404 1083 2454 speciosior
1101 2403 1202 2449 illis,
1223 2416 1347 2454 quam
1363 2402 1498 2441 morbo
1509 2404 1762 2455 pallentibus

205 2469 313 2508 color
339 2478 418 2508 est.-
449 2470 640 2522 languidi
666 2477 703 2507 et
728 2471 892 2508 evanida·
910 2471 1065 2518 albent,
1093 2479 1129 2509 et
1153 2473 1197 2509 in
1215 2473 1318 2509 vivis
1340 2485 1432 2510 caro
1455 2474 1666 2511 morticina
1686 2481 1755 2511 est.

207 2537 267 2576 Cf.
293 2537 395 2577 Cels.
426 2538 468 2587 3,
492 2540 562 2580 21.
599 2540 855 2578 Democritus
880 2553 943 2592 ap.
976 2542 1099 2580 Orell.
1125 2542 1168 2578 in
1198 2541 1343 2593 Opusc.
1371 2541 1513 2580 Graec.
1543 2544 1576 2583 Ι.
1598 2556 1640 2595 p.
1668 2544 1758 2584 96.:

205 2602 444 2658 Ἠμερήσιοι
469 2603 594 2648 ὕπνοι
625 2602 809 2659 σώματος
838 2605 1003 2661 ὄχλησιν
1032 2606 1061 2662 ἢ
1097 2611 1234 2661 ψυχῆς
1262 2605 1530 2662 ἄδημοσῦνην
1556 2606 1588 2662 ἢ
1614 2606 1761 2665 οἷργίην

206 2667 237 2724 ἢ
253 2668 519 2726 ἄπαιδενσίην
536 2675 812 2728 σημαίνουσιν.
833 2700 891 2706 --
919 2679 1071 2727 Restat,
1101 2685 1159 2726 ut,
1190 2685 1278 2716 utra
1301 2679 1420 2717 lectio
1447 2678 1557 2717 noles
1580 2691 1630 2716 an
1656 2680 1759 2717 nolis

207 2741 260 2778 sit
289 2741 446 2792 potior,
475 2743 703 2794 explanem.
761 2746 809 2782 In
843 2747 991 2785 talibus
1024 2747 1246 2785 enunciatis
1279 2748 1473 2786 Praesens
1505 2747 1758 2799 conjunctivi

207 2809 372 2847 mollius
394 2808 492 2862 quid
509 2808 631 2849 habet
657 2812 686 2851 i.
703 2825 736 2852 e.
754 2813 959 2866 quandam
979 2815 1046 2852 vel
1067 2813 1315 2853 concedendi
1335 2817 1401 2854 vel
1426 2815 1637 2855 dubitandi
1658 2819 1756 2868 vim,

206 2877 404 2916 Futurum
435 2884 571 2916 autem
605 2882 774 2931 protasis
811 2883 1037 2935 planiorem
1069 2884 1127 2921 rei
1156 2884 1315 2922 futurae
1350 2885 1682 2936 significationem
1717 2893 1757 2924 et

208 2944 303 2989 inde
321 2945 525 3000 quandam
547 2947 796 2989 certitudinis
816 2952 884 2990 vel
899 2950 1127 2990 affirmandi
1142 2953 1361 3003 notIOnem,
1394 2960 1439 2992 ut
1459 2954 1544 2996 Sat.
1568 2955 1605 3005 1,
1624 2956 1663 3004 2,
1687 2955 1754 2995 96-
