2028 3268
163 284 220 326 53

651 281 796 322 LIBRI
825 282 857 321 I.
915 278 1180 320 EPISTOLA
1209 281 1255 321 V.

1635 277 1717 320 243

233 411 330 469 Quo
360 411 463 456 mihi
493 410 735 473 fortunam,
770 413 808 455 si
842 425 928 457 non
964 409 1210 456 conceditur
1242 406 1336 455 uti&³

230 490 392 536 Parcus
423 492 475 536 ob
504 490 679 536 heredis
715 505 862 536 curam
896 492 1150 550 nimiumque
1183 491 1366 535 severus

160 632 222 678 qui
249 633 372 668 laudat
399 635 594 681 complures
621 634 722 670 alias.
771 634 913 670 ducere.

159 691 230 726 Ms.
247 692 314 726 Fe.
329 693 352 728 3
364 719 374 737 ,
400 704 432 727 c.

205 806 252 840 V.
275 809 328 844 12.
360 807 465 851 Quod
479 807 577 842 mihi.
594 808 663 842 Ms.
680 807 778 842 Pott.
797 808 831 844 7.
851 818 910 854 ap.

158 864 292 900 Hauth.
311 865 355 899 ad
370 865 469 902 Pers.
486 877 523 911 p.
540 863 622 900 419.
654 866 750 910 Quid
764 877 812 901 m.
840 865 909 900 Ms.

156 922 294 956 Bersm.
312 933 372 958 un.
388 922 462 957 Alt.
483 934 539 969 ap.
552 923 702 958 Haberf.
717 924 825 958 Orell.
843 923 908 958 bS.

156 980 216 1025 (in
240 981 305 1014 hoc
329 992 504 1026 superscr.
539 981 635 1025 Quo)
665 982 812 1016 Santen.
838 981 907 1016 Ed.

156 1037 268 1071 Loch.
281 1039 307 1069 V
311 1038 360 1071 id.
372 1037 498 1073 Heins.
513 1038 556 1072 ad
568 1038 677 1075 Ovid.
689 1040 768 1074 Art.
782 1043 812 1084 1,
822 1040 905 1076 303.

155 1098 195 1129 et
209 1094 358 1129 Becker.
384 1095 490 1140 Eleg.
506 1095 607 1130 Rom.
628 1107 663 1141 p.
685 1097 762 1133 115.
782 1100 909 1142 sortu-

152 1163 206 1186 m:
221 1153 319 1188 milui.
350 1153 421 1187 Ms.
445 1154 569 1188 Oberl.
597 1154 639 1188 C.
659 1155 779 1190 Guelf.
795 1158 828 1192 2.
861 1176 908 1181 —

148 1213 352 1255 fortunam.
369 1211 458 1246 Mss.
471 1212 557 1256 alqt.
568 1211 693 1246 Lamb.
705 1214 814 1258 Cruq.
826 1214 860 1250 7.
874 1215 907 1249 6.

152 1269 291 1304 Bersm.
324 1281 384 1304 un.
407 1269 524 1304 Bentl.
556 1273 589 1306 2.
617 1272 651 1306 6.
680 1273 713 1306 1.
741 1271 781 1315 (a
800 1272 831 1305 1.
849 1283 907 1316 m.‚

152 1326 396 1361 Broukhusius
417 1332 533 1361 autem
558 1327 596 1361 in
613 1329 817 1363 Graeviano
827 1333 909 1373 for—

149 1389 247 1419 tuna
257 1384 386 1418 vidisse
395 1384 574 1429 videtur.)
585 1387 687 1429 Fe.,1‚
698 1391 726 1420 t.
740 1387 782 1431 (a
798 1390 826 1422 1.
841 1390 906 1432 m.)

151 1442 343 1479 Pott.2.3.
362 1442 395 1476 6.
419 1441 474 1477 14.
493 1443 603 1477 Goth.
621 1443 722 1489 Lips.
736 1445 770 1478 2.
794 1445 905 1492 ahap.

152 1499 291 1534 Valart.
307 1500 422 1534 Beroi.
438 1503 469 1534 1.
491 1500 584 1535 Edd.
605 1503 686 1536 Asc.
702 1502 782 1540 519.
798 1504 907 1538 Fabr.

150 1556 232 1593 578.
257 1557 367 1592 Pulm.
386 1558 467 1593 581.
492 1559 611 1593 Bentl.
629 1559 750 1594 Maitt.
769 1560 906 1595 Sandb.

150 1616 294 1651 Wakef.
324 1617 444 1650 Wetz.
470 1617 584 1651 Zeun.
622 1617 762 1655 Bodon.
797 1619 904 1653 Both.

148 1673 253 1708 Jahn.
306 1673 405 1708 Pott.
461 1675 548 1708 Zell.
599 1675 755 1710 Schmid.
800 1677 902 1711 Pass.

148 1731 304 1766 Braunh.
314 1733 461 1766 Weber.
470 1732 624 1767 Meinek.
645 1734 777 1780 Charp.
793 1735 904 1771 Orell.

148 1791 195 1826 al.
235 1794 406 1836 fortuna.
454 1790 543 1825 Mss.
570 1791 657 1836 alqt.
685 1804 743 1838 ap.
779 1793 902 1829 Lamb.

148 1848 260 1884 Palm.
295 1861 386 1884 omn.
421 1851 531 1894 Cruq.
556 1849 641 1895 alqt.
672 1850 780 1884 Torr.
811 1862 901 1887 omn.

147 1907 284 1942 Bersm.
299 1912 390 1942 tres.
407 1906 523 1941 Bentl.
544 1907 655 1953 plerq.
683 1908 782 1943 Pott.
798 1908 901 1953 reliq.

146 1965 261 2001 Gesn.
280 1967 311 2002 1.
330 1967 365 2001 3.
379 1965 505 2000 Oberl.
524 1966 567 1999 C.
583 1966 629 2000 D.
646 1965 771 2000 Cornb.
797 1977 901 2010 omn„

144 2027 188 2058 ut
202 2023 288 2068 vid„
305 2023 427 2057 Jaeck.
446 2026 478 2058 1.
495 2023 529 2057 4.
549 2023 583 2058 5.
600 2025 635 2058 6.
653 2023 798 2057 Orell.b
824 2023 850 2057 S
869 2037 900 2058 c.

147 2081 269 2115 Guelf.
282 2092 371 2114 omn.
382 2081 486 2114 Dess.
498 2083 530 2114 1.
543 2083 576 2117 2.
588 2081 690 2126 Lips.
702 2085 734 2116 1.
747 2082 782 2116 3.
796 2083 902 2116 Gott.

148 2137 379 2173 1.2.Ber01.2.
388 2137 534 2172 Santen.
545 2143 582 2172 et
592 2138 666 2171 sine
673 2138 779 2172 dubio
789 2139 904 2174 Dorv.

149 2193 388 2231 1.2.Corbei.
415 2195 562 2230 Mentel.
590 2196 682 2230 Edd.
707 2200 784 2232 vet.
813 2208 902 2241 quas

146 2252 223 2287 vidi
234 2264 340 2295 omn„
353 2252 459 2287 etiam
472 2253 550 2286 Ald.
562 2254 643 2288 519.
656 2252 739 2286 Bas.
753 2253 834 2288 531.
844 2252 902 2288 55.

148 2311 249 2347 Glar.
283 2310 432 2345 Vascos.
467 2310 594 2345 Irenic.
626 2310 760 2344 Biedm.
792 2309 902 2344 Torr.

145 2369 270 2403 Heius.
294 2369 340 2402 de
356 2368 495 2404 Mal-oli.
510 2369 648 2402 Rodell.
669 2368 772 2406 Baxt.
791 2367 900 2402 Talb.

145 2428 258 2461 Gesn.
284 2427 408 2463 Comb.
435 2427 515 2462 Jon.
542 2427 631 2462 Bad.
654 2426 808 2459 Hunter.
840 2425 900 2470 al.‚

145 2486 277 2532 probat
314 2484 403 2519 Abr.
437 2484 542 2519 Voss.
584 2484 623 2517 in
655 2484 782 2528 Progr.
824 2483 899 2519 sch.

146 2543 302 2578 Creuzn.
322 2543 423 2579 1827.
452 2555 488 2588 p.
506 2544 542 2577 9.
596 2543 676 2585 Quo
691 2541 795 2586 mihi,
816 2544 900 2586 sor-

145 2605 240 2635 twna
266 2601 309 2634 si.
350 2600 442 2635 Edd.
467 2599 555 2644 Xyl.
583 2600 708 2634 Oberl.
737 2599 901 2634 Praedic.

143 2658 255 2693 Doer.
273 2658 354 2703 Bip.
371 2659 452 2694 828.
497 2657 548 2691 At
568 2662 694 2692 contra
715 2657 899 2703 disputant

143 2715 307 2751 Piscator
330 2721 366 2750 et
391 2715 599 2750 Schmidius.
640 2718 802 2760 fortuna
834 2720 897 2752 est.

144 2773 216 2810 Ms.
234 2775 345 2819 Cruq.
363 2776 398 2810 2.
434 2773 569 2807 Bersm.
591 2784 650 2808 un.
668 2774 735 2808 Fe.
754 2775 771 2807 1
783 2799 792 2816 ‚
822 2773 846 2807 i.
864 2774 896 2817 7,

145 2831 182 2866 b.
209 2831 256 2866 al.
283 2841 365 2864 mss.
394 2841 451 2875 ap.
469 2830 576 2866 Talb.
595 2835 633 2865 et
648 2831 730 2867 Val.
747 2831 848 2866 Pott.
861 2832 895 2866 9.

146 2889 203 2926 12.
227 2889 299 2929 18„
316 2892 358 2921 ut
371 2888 484 2921 refert
498 2887 706 2922 Hauthalius
722 2889 744 2925 l.
761 2889 785 2923 1.
803 2888 895 2923 Edd.

146 2945 289 2980 Cadom.
312 2943 395 2980 480.
420 2944 499 2981 Ald.
518 2945 599 2981 501.
618 2946 707 2981 Ven.
724 2947 804 2982 520.
815 2949 889 2992 for-

146 3009 271 3039 tunae.
308 3003 379 3040 Ms.
397 3004 462 3038 Fe.
480 3002 523 3048 5,
547 3014 578 3038 r.
603 3004 645 3049 (a
661 3007 693 3041 1.
708 3004 777 3049 m.)
793 3007 832 3039 et
850 3006 895 3040 al.

961 644 1025 668 ms.
1062 632 1098 667 in
1130 634 1217 669 edit.
1244 633 1359 679 princ.
1387 632 1482 667 Bibl.
1510 632 1594 667 vat.
1619 631 1712 666 Edd.

959 691 1026 726 Fe.
1053 689 1173 725 Jaeck.
1191 690 1290 736 Lips.
1309 693 1389 727 828.
1416 689 1600 736 fortunai.
1630 689 1654 724 i.
1676 701 1708 723 e.

958 747 1122 782 fortunae
1145 749 1266 783 maluit
1282 748 1353 785 Th.
1370 748 1566 782 Marcilius.
1586 749 1711 791 fortu-

958 815 1038 842 nas.
1058 817 1136 840 num
1146 805 1350 841 Bersmanni
1367 817 1456 840 unus
1470 805 1506 839 2!
1525 816 1588 839 ms.
1604 803 1710 839 Sorb.

956 874 1015 909 ap.
1045 864 1125 898 Val.
1152 863 1209 898 Ex
1233 865 1438 909 conjectura
1471 863 1522 897 ita
1547 862 1712 896 Muretus

957 922 1072 968 (opp.
1090 923 1136 957 II.
1164 935 1197 968 p.
1230 924 1353 966 962),
1386 933 1487 968 quem
1518 925 1714 965 sequuntur

955 979 1101 1022 Lamb‚‚
1136 980 1217 1025 (qui
1243 980 1338 1024 def.)
1357 979 1466 1023 Cruq.
1512 977 1561 1011 H.
1586 977 1711 1022 steph.

954 1035 1041 1070 Min.
1082 1037 1196 1071 Chab.
1236 1037 1370 1072 Piscat.
1411 1037 1546 1071 Bersm.
1586 1036 1711 1080 Despr.

955 1093 1066 1127 Bond.
1096 1094 1189 1128 Tan.
1227 1095 1318 1129 Fab.
1353 1095 1442 1129 Dac.
1479 1094 1584 1127 Tart.
1619 1093 1711 1126 Cun.

953 1151 1040 1186 San.
1076 1151 1155 1186 Val.
1187 1153 1303 1188 Merv.
1334 1153 1425 1187 Phil.
1461 1151 1603 1185 Mediol.
1631 1149 1711 1185 754.

954 1209 1060 1244 Bask.
1103 1209 1246 1255 Dorigh.
1284 1211 1395 1245 Daru.
1428 1211 1550 1254 Cannp.
1586 1213 1623 1242 et
1653 1207 1709 1241 ed.

955 1267 1068 1302 Paris.
1098 1268 1178 1305 752.
1225 1268 1332 1302 Locis
1366 1272 1404 1302 et
1429 1266 1661 1313 scriptoribus
1690 1277 1711 1299 a

956 1325 1122 1368 Bentlejo
1149 1328 1187 1359 et
1204 1326 1383 1360 Schmidt'o
1398 1325 1442 1359 de
1460 1329 1604 1369 recepta
1621 1323 1710 1357 scri-

954 1389 1060 1430 ptura
1077 1385 1132 1418 hic
1148 1383 1299 1418 laudatis
1316 1383 1406 1418 adde
1417 1383 1576 1416 Gronov.
1592 1381 1708 1416 Diatr.

954 1442 991 1475 in
1012 1442 1104 1478 Stat.
1125 1443 1154 1476 I.
1187 1454 1223 1487 Ρ.
1255 1439 1333 1476 105.
1362 1451 1440 1486 sqq.
1469 1440 1559 1484 ibiq.
1591 1438 1707 1473 Hand.

955 1500 1056 1534 Cort.
1075 1501 1119 1534 ad
1135 1500 1270 1533 Lucan.
1291 1500 1331 1541 1,
1357 1498 1435 1533 663.
1461 1497 1605 1531 Biinem.
1629 1497 1708 1530 Ind.

953 1557 1101 1592 Latinit.
1135 1557 1259 1592 select.
1296 1560 1365 1590 etc.
1399 1567 1433 1600 p.
1461 1555 1540 1591 182.
1583 1555 1707 1588 Arntz.

953 1615 996 1649 ad
1015 1615 1096 1651 Cat.
1113 1615 1205 1649 Dist.
1223 1615 1264 1658 4,
1293 1615 1349 1649 16.
1378 1611 1515 1646 Ruhnk.
1534 1612 1579 1645 ad
1599 1611 1707 1646 ovid.

951 1673 1099 1707 Heroid.
1119 1675 1138 1708 2
1154 1700 1163 1715 ‚
1187 1672 1245 1707 53.
1263 1670 1406 1707 Koeler.
1425 1670 1468 1704 ad
1487 1669 1613 1704 Senec.
1632 1670 1705 1711 Qu.

950 1730 1036 1768 Nat.
1054 1731 1077 1765 3
1089 1757 1099 1774 ‚
1133 1731 1176 1766 18
1188 1757 1197 1774 ,
1230 1733 1264 1767 2.
1296 1730 1428 1773 Wagn.
1446 1733 1482 1761 et
1498 1728 1644 1773 Forbig.
1662 1729 1705 1762 ad

951 1788 1052 1833 Virg.
1069 1788 1201 1831 Aen.4‚
1220 1788 1278 1823 98.
1295 1786 1404 1820 Bach.
1427 1786 1473 1820 ad
1490 1786 1598 1820 Ovid.
1617 1787 1704 1820 Met.

951 1846 1018 1890 13,
1049 1847 1127 1883 103.
1169 1844 1336 1879 Hauthal.
1362 1844 1405 1877 ad
1421 1844 1520 1878 Pers.
1551 1856 1587 1889 p.
1607 1844 1703 1887 419„

949 1905 1008 1950 qui
1024 1904 1114 1938 idem
1130 1904 1167 1938 in
1181 1904 1283 1938 codd.
1294 1901 1411 1936 Paris.
1423 1905 1454 1937 1.
1466 1904 1500 1936 2.
1512 1903 1546 1936 6.
1564 1902 1598 1936 3.
1618 1903 1704 1945 (non

950 1964 1019 2007 14„
1040 1967 1080 1996 ut
1096 1962 1192 1997 Pott.
1208 1961 1363 2003 indicat)
1371 1962 1555 2004 sonanti,
1582 1961 1645 1993 sed
1661 1960 1704 1994 li-

948 2021 1050 2055 neola
1064 2021 1101 2054 in
1119 2023 1165 2064 1.‚
1184 2024 1224 2054 ut
1239 2019 1276 2053 in
1292 2019 1371 2053 cod.
1387 2017 1488 2053 Harl.
1498 2018 1599 2053 2725.
1610 2019 1702 2053 Mus.

947 2077 1038 2113 Brit.
1059 2081 1136 2121 (est
1155 2078 1184 2111 is
1201 2076 1341 2111 combii
1356 2075 1398 2109 A.
1417 2080 1454 2109 et
1471 2087 1545 2109 mea
1562 2075 1704 2121 quidem

948 2135 1143 2178 sententia,
1172 2140 1214 2168 ut
1236 2145 1343 2179 supra
1360 2132 1451 2176 dixi,
1478 2133 1703 2167 Graevianus

947 2194 1089 2235 noster)
1125 2203 1228 2226 erasa
1259 2197 1366 2236 atque
1397 2191 1434 2224 in
1465 2190 1704 2224 vetustissimo

947 2250 1026 2288 cod,
1056 2250 1158 2294 Ital„
1189 2249 1248 2294 qui
1264 2248 1458 2283 Mediolani
1489 2252 1702 2291 asservatur,

939 2311 1134 2352 fortunam
1168 2318 1207 2340 se
1235 2306 1366 2340 vidisse
1392 2310 1559 2339 testatur.
1606 2306 1702 2339 Ean-

945 2366 1023 2399 dem
1038 2365 1224 2399 lectionem
1238 2363 1438 2408 significant
1448 2363 1589 2397 Scholia
1599 2364 1701 2399 codd.

944 2422 1062 2456 Paris.
1077 2423 1136 2466 Βφ
1155 2422 1210 2466 (2.
1227 2423 1303 2466 6.):
1338 2422 1418 2464 Quo
1441 2421 1528 2455 mihi
1541 2423 1701 2465 fortune-v

946 2479 1160 2525 (glossemat
1186 2480 1316 2514 dedere
1336 2479 1424 2523 diiJ:
1456 2485 1495 2514 ut
1527 2478 1616 2523 quid
1640 2479 1700 2513 de-

946 2539 1080 2572 derunt
1097 2537 1148 2571 dii
1155 2541 1348 2582 fortunam
1362 2563 1372 2580 ‚
1398 2536 1428 2570 εἰ
1455 2547 1528 2569 non
1552 2537 1698 2581 permit-

945 2595 1038 2629 titur
1058 2596 1114 2629 uti
1130 2595 1223 2628 illa?
1255 2595 1312 2629 Cf.
1329 2593 1485 2628 Schmid.
1511 2593 1547 2627 in
1575 2593 1699 2639 „A11g.

944 2653 1109 2687 Schulz.‘⁴
1130 2652 1178 2686 Π.
1199 2653 1299 2687 1828.
1314 2664 1351 2697 p.
1363 2651 1443 2687 755.
1462 2655 1498 2685 et
1513 2663 1603 2697 quae
1620 2651 1698 2698 ipse

945 2710 1020 2743 dixi
1034 2709 1070 2743 in
1086 2709 1239 2744 Seebod.
1260 2710 1381 2754 ‚‚Krit.
1397 2710 1517 2745 Bibl.“
1543 2710 1646 2745 1825.
1664 2709 1695 2745 Ῑ.

942 2780 977 2814 Ρ.
996 2769 1078 2803 296.
1127 2768 1358 2813 Quapropter
1381 2780 1451 2802 non
1484 2768 1570 2812 suit,
1601 2767 1695 2813 quod

943 2825 1170 2870 Doeringius
1201 2827 1291 2860 hanc
1330 2826 1495 2872 loquendi
1523 2825 1695 2860 rationem

939 2888 977 2918 et
1004 2885 1191 2919 verborum
1227 2884 1524 2919 constructionem
1557 2884 1696 2918 diceret.

936 2941 1170 2979 dun'ssimam.

987 3004 1032 3037 V.
1045 3002 1099 3038 13.
1124 3000 1264 3036 heredis
1268 3002 1441 3045 sormam.
1461 2999 1693 3034 Ms.Santen.
