2054 3268
378 218 435 260 26
518 211 887 263 COMMENTARII
921 225 973 261 lN
1005 223 1223 263 HORATH
1251 222 1420 260 EPIST.
1449 224 1588 260 Pam.
1625 223 1722 260 ma.
1751 225 1782 260 1.

377 333 442 368 vel
475 346 546 371 suo
583 335 648 371 vel
681 335 897 372 amicorum
935 333 1100 385 aliisque
1135 333 1252 370 rebus
1279 333 1450 370 fortuitis
1478 333 1658 370 serviisse
1695 332 1891 384 putandus

377 404 436 434 est
458 395 506 448 ¹'‘).

474 465 703 502 pervetusta
718 465 841 501 fertur
860 465 963 502 inter
984 465 1088 503 viros
1107 464 1240 502 doctos
1252 463 1442 515 quaestio,
1462 471 1595 501 utrum
1604 465 1786 502 Horatius
1804 466 1890 515 ipso

376 528 646 577 Epistolamm
653 531 814 569 nomine
831 543 882 567 an
893 533 982 579 alio,
994 538 1038 568 ut
1052 531 1282 568 Sermonum
1292 528 1357 565 vel
1363 528 1586 567 Satirarum
1598 529 1754 581 (Sidou.
1765 533 1892 582 Apol-

376 595 490 630 linar.
507 595 635 633 carm.
645 599 683 646 9,
694 597 776 638 223
786 597 890 649 sqq.)
914 596 1012 634 haec
1026 597 1230 633 Musarum
1248 593 1490 647 pedestrium
1510 597 1756 646 insigniverit
1776 596 1892 635 dona.

376 661 487 697 Licet
516 661 676 711 demus,
706 666 871 701 Poetam
894 675 1085 700 sermones
1104 664 1231 713 Epist.
1253 663 1274 701 1
1288 690 1298 708 ,
1319 658 1369 707 4,
1392 661 1428 700 1.
1476 662 1622 699 Satiras
1644 669 1683 699 et
1706 663 1833 713 Epist.
1853 663 1893 709 2,

380 728 422 773 1,
449 726 544 766 250.
602 730 800 780 Epistolas
821 737 1012 782 tanquam
1043 741 1252 766 commune
1270 727 1426 776 utrique
1446 729 1581 777 generi
1602 741 1749 766 nomen
1773 729 1894 765 intel-

377 793 522 829 lexisse
536 823 546 840 ‚
573 802 655 832 tota
674 803 809 833 tamen
832 797 914 834 fere
937 795 1151 846 antiquitas
1165 824 1175 842 ‚
1205 802 1249 831 ut
1275 794 1498 830 Priscianus
1512 822 1521 840 ,
1547 791 1792 830 Scholiastae
1825 793 1894 844 (ad

377 859 460 895 Sat.
489 862 506 896 l
519 889 529 907 ,
562 862 584 901 1
602 891 612 909 ,
639 861 694 912 1.)
722 869 761 899 et
783 863 1040 900 vetustissimi
1060 861 1206 912 quique
1228 860 1316 896 libri
1341 873 1463 896 manu
1483 860 1617 910 scripti
1639 860 1681 895 in
1699 857 1774 896 hac
1793 860 1893 910 Epi-

376 927 567 964 stolarum
602 927 806 983 ἐπιγραφῇ
841 928 1093 965 consentiunt
1123 923 1160 942 *⁴¹
1174 923 1205 976 ).
1269 927 1327 962 De
1361 933 1560 976 tempore,
1601 939 1680 977 quo
1715 925 1895 975 singulae

377 993 543 1043 scriptae
566 995 631 1031 vel
667 995 709 1031 in
753 997 942 1033 volumen
979 993 1183 1044 quoddam
1222 993 1410 1030 collectae
1451 990 1642 1042 prodiisse
1673 990 1893 1039 videantur,

377 1071 448 1094 suo
469 1059 556 1096 loco
584 1059 749 1097 dicetur.

487 1125 545 1160 De
571 1126 708 1174 prima
732 1126 915 1176 Epistola
948 1132 1051 1163 recte
1073 1125 1224 1175 judicat
1252 1124 1293 1160 J.
1321 1123 1365 1160 C.
1400 1123 1581 1174 Scaliger
1610 1123 1652 1159 in
1679 1122 1828 1160 Poetio.
1853 1125 1892 1168 6,

465 1318 501 1363 *)
531 1320 636 1355 Plura
658 1321 702 1354 de
730 1322 952 1366 epistolarum
969 1325 1168 1366 argumento
1185 1325 1221 1355 et
1235 1321 1345 1354 forma
1360 1318 1553 1364 disputavit
1571 1318 1610 1351 G.
1630 1316 1811 1350 Passa-‚ius
1826 1316 1851 1350 l.
1869 1317 1893 1350 l.

377 1387 413 1419 p.
431 1374 619 1410 CXXXIX
635 1388 713 1422 sqq.
737 1378 794 1411 Cf.
813 1378 994 1412 Kirchner.
1012 1378 1037 1412 l.
1048 1378 1073 1411 l.
1090 1377 1206 1422 p.VII
1222 1380 1258 1409 et
1272 1375 1386 1410 LXX.
1410 1374 1590 1409 Eichstad.
1607 1373 1633 1407 l.
1649 1374 1674 1407 l.
1691 1384 1728 1418 Ρ.
1742 1374 1808 1407 170
1816 1384 1894 1418 sqq.

377 1430 499 1464 Mansa
514 1431 569 1465 int
598 1433 868 1478 „Nachtraegen
883 1446 926 1468 zu
943 1434 1094 1468 Sulzer's
1111 1433 1244 1477 allgem.
1265 1432 1298 1465 Τ
1302 1432 1444 1466 heorie“
1461 1435 1529 1464 etc.
1546 1430 1610 1464 1V.
1626 1430 1662 1463 2.
1679 1442 1716 1474 Ρ.
1729 1430 1794 1464 481
1813 1441 1893 1474 sqq.

376 1485 579 1530 Haberseld.
597 1489 886 1534 „Vorlesungen“
903 1494 970 1523 etc.
988 1489 1050 1523 IV.
1068 1501 1103 1535 p.
1121 1488 1210 1521 XIII
1225 1499 1301 1532 sqq.
1343 1488 1487 1532 „Ueber
1501 1486 1558 1520 die
1574 1484 1789 1519 Horazische
1804 1483 1894 1530 Epi—

377 1539 489 1582 stel“;
519 1544 636 1579 eadem
662 1544 851 1589 disputatio
877 1546 1006 1590 legitur
1033 1546 1109 1580 sine
1139 1544 1288 1578 auctoris
1320 1542 1456 1576 nomine
1489 1542 1526 1575 in
1559 1542 1720 1576 Mansoni
1751 1540 1894 1584 „Nach-

375 1597 631 1643 traegen“sqq,
651 1599 714 1633 VI.
735 1601 770 1634 2.
793 1613 829 1646 p.
847 1601 1040 1637 395—450.
1069 1601 1192 1644 Neque
1208 1601 1296 1635 male
1321 1600 1357 1634 in
1377 1610 1447 1634 rem
1468 1598 1616 1631 Visconti
1642 1597 1803 1641 Iconogr.
1821 1597 1893 1631 Ro-

377 1650 488 1684 maine
502 1652 531 1685 I.
549 1653 583 1686 2.
602 1655 729 1698 p.393:
749 1656 838 1699 „Ses
857 1658 985 1702 &pitres
1002 1657 1130 1691 offrent
1145 1655 1229 1689 dans
1246 1666 1292 1688 un
1308 1655 1398 1699 style
1414 1666 1458 1687 en
1473 1654 1578 1687 meme
1595 1658 1703 1698 temps
1720 1652 1841 1698 simple
1860 1658 1895 1687 et

376 1706 532 1740 merdant
555 1707 794 1745 d'excellentes
809 1713 922 1756 regles
956 1713 999 1746 de
1025 1712 1187 1746 conduite
1202 1710 1262 1755 qui
1282 1722 1322 1744 se
1347 1715 1492 1755 gravent
1517 1709 1776 1743 d'elles-memes
1809 1710 1896 1743 dans

376 1763 522 1807 l'esprit.
554 1765 604 1798 Ce
618 1771 698 1800 sont
713 1767 824 1811 plutot
838 1768 888 1801 les
905 1767 1064 1802 maximes
1081 1767 1124 1801 de
1147 1767 1182 1801 la
1196 1778 1336 1810 sagesse
1359 1777 1426 1810 que
1443 1765 1545 1799 celles
1562 1766 1605 1799 de
1621 1765 1655 1799 la
1678 1764 1896 1810 philosophie

376 1819 398 1851 a
413 1828 479 1851 une
502 1819 618 1864 legere
633 1823 741 1856 teinte
757 1824 994 1869 d'epicurisme
1020 1826 1100 1867 pres
1117 1823 1176 1867 qui
1202 1834 1239 1856 se
1258 1823 1442 1868 repandoit
1464 1822 1554 1855 alors
1571 1833 1632 1855 sur
1653 1821 1704 1855 les
1721 1821 1824 1855 ecrits
1851 1822 1894 1856 de

375 1884 524 1919 presque
537 1882 615 1910 tous
631 1877 681 1910 les
697 1879 817 1922 poetes
841 1879 886 1913 de
908 1879 943 1912 la
968 1890 1052 1913 cour
1068 1877 1295 1923 d'Auguste.“
1341 1877 1398 1910 ef.
1427 1877 1556 1921 „Essau'
1573 1889 1633 1911 sur
1649 1878 1686 1910 la
1709 1877 1765 1910 vie
1795 1882 1828 1911 et
1847 1878 1896 1911 les

376 1930 478 1964 e'crits
506 1931 699 1966 d·110raoe‘⁴
710 1933 745 1966 in
762 1933 850 1968 Hor.
869 1936 963 1981 Opp.
990 1936 1045 1968 ed.
1063 1935 1257 1979 Campenon
1273 1938 1308 1969 et
1325 1935 1479 1979 Despre‘s.
1495 1935 1526 1967 I.
1545 1946 1581 1979 p.
1595 1932 1780 1967 XXXVII.
1798 1933 1894 1967 LIII.

377 1992 413 2021 et
426 1990 473 2021 A.
495 1988 636 2021 Aruold.
654 1987 721 2022 loc.
740 1989 783 2023 ad
799 2002 835 2024 v.
856 1991 910 2024 15.
927 1991 1033 2025 indic.
1051 2004 1087 2037 p.
1105 1990 1139 2025 4.

419 2075 475 2119 **)
490 2075 580 2110 Vide
589 2076 633 2110 ad
643 2082 821 2123 utrumque
831 2079 942 2114 locum
949 2081 1160 2114 Schmidtum
1169 2084 1204 2113 et
1216 2081 1267 2113 W
1262 2080 1401 2113 eichert.
1412 2079 1456 2112 de
1465 2079 1589 2112 Cassio
1599 2079 1776 2112 Parmensi
1789 2079 1893 2123 (Gri-

376 2143 451 2165 mae
463 2132 566 2174 1836)
574 2143 608 2175 p.
621 2132 686 2166 238
697 2138 732 2167 et
742 2134 777 2167 in
789 2135 924 2170 Prolus.
937 2137 980 2170 de
990 2136 1078 2169 Hor.
1088 2136 1204 2180 Epist.
1215 2148 1251 2180 p.
1262 2135 1318 2170 34.
1344 2135 1477 2168 ΕἰοΙιεε.
1488 2134 1512 2167 l.
1526 2135 1550 2168 l.
1561 2147 1596 2180 p.
1609 2137 1686 2170 168.
1704 2135 1892 2179 Mor-genet.

376 2186 433 2220 l.l.
452 2199 488 2231 p.
500 2188 535 2221 6.
553 2187 639 2220 Not.
650 2188 685 2222 9.
718 2189 772 2222 De
787 2191 933 2234 ratione,
951 2191 1192 2236 quaHoratius
1201 2193 1327 2228 Satiris
1343 2198 1378 2227 et
1386 2191 1561 2237 Epistolis
1573 2203 1694 2225 nomen
1709 2201 1895 2224 sermonum

376 2241 555 2284 tribuerit,
580 2242 690 2276 fusius
707 2243 781 2278 dixi
796 2246 831 2280 in
846 2247 964 2280 Jahnii
988 2246 1198 2290 ‚‚Jahrbb.d.
1208 2248 1300 2282 Phil.
1325 2259 1360 2282 u.
1371 2247 1552 2290 Paedag.“
1571 2247 1670 2281 1827.
1687 2246 1716 2279 Ι.
1737 2248 1770 2280 1.
1795 2258 1831 2290 p.
1850 2248 1894 2281 88

376 2308 453 2341 sqq.
502 2297 559 2330 cf.
578 2297 757 2332 Heinrich.
777 2300 814 2334 in
839 2302 1044 2347 Explanatt.
1069 2303 1196 2338 Horat.
1213 2303 1400 2349 prooemio.
1434 2302 1550 2336 Kilon.
1583 2303 1682 2336 1808.
1699 2307 1735 2336 et
1751 2303 1893 2336 Wachs-

376 2353 483 2386 math·
500 2353 535 2386 in
545 2353 671 2387 Athen·
697 2354 726 2388 I·
739 2356 773 2388 2-
785 2369 822 2402 p·
838 2359 904 2392 218
913 2369 991 2403 sqq.
1038 2357 1092 2392 De
1107 2359 1332 2404 inscriptione
1349 2363 1384 2394 et
1399 2358 1590 2392 Satirarum
1606 2362 1642 2392 et
1656 2358 1895 2403 Epistularum

376 2418 479 2452 quum
494 2408 531 2442 in
554 2410 767 2455 universum,
800 2420 871 2447 tum
886 2413 1083 2457 singulatim
1107 2415 1328 2461 disputarunt
1348 2415 1505 2449 Lambin.
1531 2414 1574 2447 ad
1599 2414 1676 2448 Sat.
1694 2414 1729 2458 Ι,
1749 2415 1778 2448 1.
1804 2427 1840 2460 p.
1859 2415 1894 2448 9.

377 2463 434 2498 ed.
458 2462 558 2498 Frcf.
583 2463 661 2502 596.
717 2467 885 2513 Cruqm‘us
914 2470 999 2504 ibid.
1026 2483 1063 2515 p.
1087 2471 1154 2505 308
1181 2474 1216 2503 et
1238 2483 1275 2515 p.
1293 2470 1360 2504 647
1383 2481 1461 2515 sqq.
1494 2469 1550 2503 ed.
1578 2470 1679 2504 1611.
1738 2471 1894 2504 Torreat.

377 2530 414 2563 p.
432 2517 498 2552 414
513 2525 548 2552 et
575 2532 611 2564 p.
629 2522 707 2556 620.
731 2525 786 2558 ed.
807 2526 907 2560 1608.
949 2525 995 2559 1⁸.
1015 2525 1164 2559 casaub.
1189 2526 1232 2559 de
1247 2526 1347 2560 Rom.
1366 2527 1443 2559 Sat.
1461 2526 1502 2568 2,
1519 2525 1554 2559 3.
1582 2538 1619 2571 p.
1635 2527 1702 2560 228
1727 2525 1764 2559 in
1783 2527 1898 2561 Creuit

378 2574 470 2608 Mus.
486 2575 610 2611 Philol.
633 2578 797 2623 Lugd.B.
818 2582 917 2616 1699.
949 2581 1114 2615 Ducarius
1136 2582 1200 2615 VI.
1218 2594 1254 2627 p.
1271 2582 1339 2617 323
1355 2593 1432 2627 sqq.
1479 2581 1623 2615 Kirchn.
1638 2581 1663 2616 l.
1680 2581 1706 2615 l.
1733 2594 1769 2626 p.
1787 2582 1838 2616 VI
1863 2587 1898 2618 et

379 2628 544 2665 XCVIII.
563 2634 871 2670 Cf.Fabric.Bibl.
888 2636 950 2671 lat.
961 2637 991 2671 I.
1008 2649 1044 2682 p.
1057 2637 1136 2672 395.
1153 2638 1209 2671 ed.
1221 2638 1309 2672 Ern.
1336 2638 1454 2677 Quare
1463 2637 1649 2671 Suetonius
1665 2638 1701 2672 in
1713 2637 1797 2672 Vita
1806 2639 1896 2672 Hor.

379 2684 445 2719 III.
456 2698 494 2731 p.
504 2687 560 2722 50.
578 2691 633 2723 ed.
642 2691 729 2724 Wlf.
760 2692 953 2738 Epistulam
967 2691 1122 2736 Augusto
1138 2692 1337 2738 inscriptam
1346 2693 1516 2738 Eclogam
1531 2694 1669 2738 dixerit,
1685 2694 1786 2728 docet
1802 2695 1896 2728 Wei-

380 2742 484 2778 chen.
499 2744 537 2777 in
550 2744 649 2779 Poet.
666 2745 747 2780 Lat.
763 2747 878 2793 Reliq.
900 2749 1003 2794 p.20,
1020 2758 1166 2793 quocum
1182 2749 1229 2782 cf.
1241 2749 1392 2783 Schmid.
1417 2750 1460 2783 ad
1477 2750 1566 2784 Hor.
1584 2750 1702 2795 Epist.
1713 2751 1761 2784 H.
1771 2762 1807 2795 p.
1817 2750 1851 2784 3.
1862 2756 1899 2784 et

379 2799 528 2842 Bentleji
535 2799 732 2846 Praefat.p.
750 2801 848 2836 VIII.
865 2803 922 2837 ed.
939 2805 1038 2849 Lips.
1059 2805 1158 2840 1764.
1187 2805 1242 2838 De
1257 2805 1459 2839 Horatianis
1475 2807 1610 2841 omnino
1628 2806 1674 2840 cf.
1686 2806 1811 2840 Baehr.
1822 2806 1894 2839 Ge-

381 2854 533 2889 schichte
548 2854 584 2891 d.
598 2856 717 2892 Roem.
727 2856 838 2892 Liter.
849 2859 883 2900 S.
897 2860 1086 2896 105—107.
1116 2859 1334 2904 Bernhardy.
1347 2861 1537 2897 Grundriss
1553 2867 1620 2897 etc.
1637 2861 1751 2909 p.253
1766 2866 1802 2897 et
1816 2863 1895 2897 239.
