2054 3268
246 271 619 312 COMMENTARII
648 271 702 309 IN
730 268 950 308 HORATII
978 267 1154 307 EPIST.
1182 267 1327 306 PRIM.
1356 266 1456 307 LIB.
1486 268 1518 304 Ι.
1602 263 1659 304 59

230 387 279 426 V.
297 386 368 427 39.
389 383 458 426 40.
516 384 646 422 Nemo
671 404 729 412 ·-—
758 393 911 419 aurem.
972 381 1148 434 Uterque
1165 393 1303 419 versus
1326 380 1368 416 in
1389 380 1519 418 varias
1542 380 1661 418 incu-

119 453 242 497 currit
261 450 603 505 reprehensiones.
638 452 734 490 Jam
754 448 981 488 Lambinus
1005 450 1160 487 exstitit
1178 450 1263 500 ejus
1286 448 1512 500 castigator,
1534 461 1661 501 quum

116 520 279 571 diceret,
305 522 474 559 Poetam
493 533 615 559 usum
633 533 720 561 esse
741 518 895 557 duabus
917 518 1258 565 translationibus,
1287 529 1390 569 quae
1414 522 1556 555 mutuo
1582 517 1660 555 sibi

117 601 200 630 non
215 587 512 641 responderent,
530 588 674 639 serum
690 595 730 627 et
753 589 969 632 mitescere,
995 599 1123 638 quum
1132 585 1233 637 sera
1243 586 1272 622 i.
1285 599 1320 623 e.
1341 581 1461 638 ἄγρια
1471 598 1660 623 mansue—

116 663 268 695 scerent
278 658 412 708 potius
432 669 505 695 seu
525 658 805 706 ciem-arentur,
825 655 966 693 acerba
981 655 1250 702 mitescerent;
1279 660 1485 705 praeterea
1504 655 1547 690 in
1562 666 1662 691 voce

118 725 301 764 culturae
330 727 454 763 aliam
485 726 616 763 inesse
639 725 954 763 translationem.
1023 723 1250 760 Torrentius
1271 721 1437 774 quidem
1460 718 1661 774 idnegat,

118 793 255 832 locum
275 792 446 832 laudans
469 795 669 832 Ciceronis
691 792 742 831 de
761 796 917 833 Invent.
936 793 973 840 1,
994 793 1035 832 2.
1062 790 1224 842 exseris
1239 797 1275 827 et
1293 790 1534 828 immanibus
1548 793 1663 830 mites

117 861 292 900 reddidit
310 869 346 899 et
363 869 613 908 mansuetos,
634 861 777 914 seram
803 868 939 898 autem
963 873 1036 912 pro
1063 860 1238 911 agresti,
1282 860 1351 912 qui
1377 859 1537 897 cultura
1555 861 1663 898 mitis

119 928 283 979 evadat,
314 931 526 968 arbitratur
555 929 634 967 dici
664 931 809 968 collato
832 930 991 980 Virgilii
1011 929 1126 966 loco:
1158 928 1230 965 Ge.
1252 929 1279 969 2
1293 957 1303 976 ,
1328 929 1398 968 36.
1415 928 1663 980 fractusque

107 998 224 1050 serm
243 997 394 1035 mollite
417 997 591 1036 colendo.
651 999 706 1036 At
726 996 831 1036 nihil
851 1000 894 1036 in
915 997 992 1035 hac
1020 996 1187 1050 quidem
1209 1010 1251 1034 re
1275 997 1440 1034 novavit
1459 999 1662 1035 Horatius.

116 1066 292 1104 Praeivit
308 1065 452 1103 Attius
473 1065 530 1118 (v.
558 1066 707 1118 Scalig.
734 1065 787 1104 ad
808 1067 920 1105 Varr.
944 1067 992 1104 L.
1013 1067 1061 1104 L.
1091 1068 1142 1104 II.
1176 1079 1218 1118 p.
1242 1065 1340 1106 235.
1363 1065 1427 1103 ed.
1450 1065 1575 1118 Bip.):
1605 1087 1663 1093 ——

117 1147 244 1186 neque
258 1133 390 1171 ullum
408 1141 463 1172 est
487 1135 694 1187 ingenium
710 1141 868 1173 tantum
878 1162 895 1181 ,
921 1148 1048 1186 neque
1071 1148 1138 1172 cor
1157 1141 1240 1172 tam
1252 1134 1394 1185 serum
1403 1162 1420 1180 ,
1452 1133 1563 1186 quod
1582 1147 1664 1171 non

117 1201 281 1240 labatur
305 1201 468 1254 lingua,
499 1205 679 1242 mitescat
703 1202 826 1240 malo.
886 1204 1023 1241 Etiam
1050 1204 1188 1241 Livius
1215 1202 1293 1252 33,
1325 1204 1391 1243 17.
1428 1223 1479 1230 ——
1509 1201 1664 1239 belluas

119 1277 276 1313 tanaim
314 1284 448 1309 recens
491 1279 632 1323 captas
659 1271 870 1324 feritatem
903 1271 1022 1308 illam
1061 1271 1281 1309 silvestrem
1309 1272 1445 1322 primo
1487 1284 1662 1317 servare,

118 1338 277 1384 deinde,
297 1340 493 1390 quamdiu.
515 1338 702 1378 manibus
725 1338 916 1376 humanis
936 1339 1121 1385 alantur,
1149 1340 1366 1386 mitescere,
1395 1340 1438 1376 in
1455 1338 1664 1376 hominnm

107 1406 277 1458 feritate
297 1407 511 1446 mulcenda
535 1421 614 1445 non
636 1407 802 1446 eandem
823 1414 1013 1446 naturam
1037 1422 1130 1446 esse.
1191 1408 1253 1446 Id.
1268 1409 1336 1457 33,
1360 1406 1429 1448 45.
1452 1429 1510 1436 —
1528 1414 1574 1444 ut
1587 1408 1664 1459 Je-

117 1489 187 1513 ras
205 1475 404 1527 quasdam
419 1489 630 1526 nunquam
646 1477 861 1521 mitescere,
877 1477 934 1513 sic
945 1478 1153 1523 immitem,
1168 1475 1466 1527 implacabilem
1484 1478 1569 1525 ejus
1586 1478 1666 1514 viri

116 1545 299 1582 animiam
315 1557 409 1581 esse.
469 1545 673 1582 Ammian.
690 1545 813 1581 Marc.
836 1543 902 1591 16,
929 1545 969 1584 7.
998 1565 1055 1572 ——·
1082 1545 1318 1596 interseras
1339 1542 1561 1581 nonnullae
1583 1545 1663 1580 mi-

116 1617 281 1648 tescant.
341 1610 574 1650 Schmidius
597 1611 753 1650 addidit
771 1612 880 1649 Curt.
905 1612 952 1659 6,
981 1612 1030 1660 3,
1056 1613 1098 1653 8.
1126 1620 1166 1650 et
1190 1615 1296 1653 Vell.
1315 1615 1470 1650 Patere.
1492 1613 1533 1660 2,
1567 1613 1663 1662 118,

119 1680 159 1720 1.
214 1679 277 1717 Cf.
298 1680 420 1718 etiam
445 1678 669 1718 Hocheder.
701 1677 1118 1718 Animadverteudmn
1148 1689 1208 1720 est
1239 1695 1380 1734 porro,
1422 1693 1474 1717 ne
1501 1682 1590 1733 quis
1619 1683 1662 1718 in

115 1753 271 1785 mutato
292 1759 437 1799 genere
457 1747 730 1786 translationis
748 1760 788 1784 v.
803 1745 872 1787 40.
884 1746 1058 1798 haereat,
1078 1757 1235 1788 veteres
1253 1752 1347 1789 illos
1367 1749 1552 1800 (Quintil.
1562 1753 1662 1788 Inst.

115 1817 157 1864 8,
167 1817 207 1864 6,
217 1812 403 1868 49—51)
415 1829 499 1854 non
511 1816 634 1856 modo
643 1829 726 1854 non
738 1814 817 1853 duo
829 1828 975 1867 genera
987 1831 1106 1870 saepe
1117 1818 1390 1867 coniunxisse,
1407 1816 1478 1855 sed
1487 1831 1538 1855 ne
1551 1831 1662 1855 sem-

117 1895 189 1935 per
199 1881 415 1935 quidemin
431 1897 578 1936 genere
599 1891 762 1936 coeptae
771 1883 1032 1936 metaphorae
1050 1887 1284 1938 perstitisse,
1310 1893 1357 1924 ut
1372 1885 1549 1924 declarat
1558 1884 1663 1922 illud

116 1951 292 1991 Lucretii
315 1951 524 1989 decursum
544 1952 680 1990 lamen
699 1953 805 1990 vitae
823 1960 863 1990 et
880 1954 967 1992 Val.
992 1955 1148 1992 Flacci:
1174 1955 1343 2006 ignaras
1364 1962 1490 1991 terras
1508 1966 1664 1990 vomere

117 2016 304 2056 imbuere.
363 2019 490 2068 Quid,
522 2019 631 2072 quod
649 2021 830 2058 Catullus
850 2018 890 2069 4,
915 2021 1038 2061 1--5-
1059 2029 1140 2061 tres
1159 2021 1414 2075 metaphoras
1440 2022 1664 2072 coujtulxit.

118 2084 216 2124 lude
235 2085 381 2123 frustra
402 2088 667 2126 sollicitarunt
686 2087 759 2127 Od.
784 2090 825 2138 2,
848 2088 887 2137 8,
919 2088 999 2138 15.,
1027 2091 1100 2127 ubi
1125 2089 1209 2128 vid.
1227 2089 1450 2128 Mitscherl.
1471 2097 1510 2127 et
1528 2103 1665 2127 meam

119 2154 244 2206 ipsius
279 2154 598 2193 observationem
629 2156 672 2193 in
702 2157 937 2194 Ziimnerm.
971 2155 1191 2196 Schulzeit.
1219 2159 1343 2199 1832.
1373 2160 1425 2196 II.
1457 2172 1499 2210 p.
1538 2159 1664 2208 1201,

118 2223 265 2259 frustra
289 2221 540 2260 emendando
563 2223 653 2261 loco
671 2224 722 2260 A.
743 2224 790 2260 P.
811 2221 910 2264 441.
932 2223 1137 2263 insudavit
1157 2226 1366 2274 Bentlejus
1375 2241 1393 2274 ,-
1430 2227 1554 2263 etiam
1576 2228 1663 2264 sine

117 2288 263 2328 idonea
287 2303 405 2328 causa
427 2290 569 2329 offensi
591 2299 685 2330 sunt
705 2292 907 2330 Dacerius
929 2298 970 2329 et
1001 2293 1246 2331 Sanadomis
1272 2293 1346 2332 Od.
1374 2295 1396 2334 1
1409 2323 1420 2343 ,
1443 2294 1512 2342 35,
1533 2295 1603 2334 29.
1624 2302 1665 2333 et

115 2359 294 2397 Homine
312 2357 386 2396 Od.
405 2360 444 2407 2,
468 2360 505 2408 1,
528 2361 653 2401 6-8.
677 2361 722 2409 1,
745 2359 784 2409 5,
803 2361 957 2401 9-12.
979 2361 1031 2398 al.
1051 2363 1174 2399 Plura
1199 2363 1278 2399 alia
1298 2363 1486 2413 exempla
1512 2362 1666 2402 dabunt

116 2426 300 2464 Gifanius
328 2426 380 2464 ad
398 2429 557 2465 Lucret.
579 2443 620 2480 p.
648 2429 746 2471 302.
778 2435 818 2466 et
836 2425 957 2478 445.‚
997 2442 1120 2482 quem
1151 2429 1291 2468 laudat
1311 2431 1467 2469 Cortius
1489 2431 1541 2470 ad
1561 2432 1663 2470 Sall.

116 2494 203 2532 Cat.
227 2495 306 2543 31,
331 2495 393 2544 9.,
421 2497 663 2548 Zinzerling.
692 2497 788 2534 Crit.
824 2498 919 2535 Juv.
947 2499 1148 2537 Promuls.
1177 2512 1212 2536 c.
1235 2497 1327 2548 45„
1372 2500 1502 2537 Klotz.
1534 2501 1662 2538 Lectt.

116 2562 264 2600 Venus.
288 2575 328 2613 p.
347 2560 445 2604 417.
465 2577 546 2617 sq.,
579 2563 704 2602 Bach.
727 2564 778 2602 ad
795 2564 912 2603 Ovid.
932 2567 1029 2604 Met.
1055 2569 1102 2617 7,
1127 2568 1196 2608 76.
1254 2568 1315 2605 De
1347 2565 1413 2605 his
1443 2574 1484 2605 et
1513 2569 1662 2607 talibus

118 2635 222 2667 recte
238 2629 468 2679 judicarunt
500 2634 541 2671 J.
571 2633 632 2671 A.
657 2634 868 2671 Ernestias
890 2635 933 2671 iu
956 2635 1054 2673 Init.
1083 2636 1250 2673 Rhetor.
1285 2632 1323 2688 ᾗ.
1346 2636 1444 2677 319.
1473 2643 1513 2674 et
1543 2638 1662 2675 Mat-

117 2697 273 2735 thiaeus
294 2698 338 2735 in
356 2699 575 2753 Encyclop.
598 2716 639 2754 p.
669 2703 765 2744 136.
824 2702 886 2740 Cs.
910 2701 1092 2741 Schmid.
1119 2703 1170 2741 ad
1190 2705 1319 2756 Epist.
1341 2706 1390 2754 2,
1421 2705 1466 2754 1,
1498 2705 1565 2747 13.
1593 2704 1660 2748 14.

117 2779 158 2818 p.
179 2767 247 2807 16.
271 2773 311 2804 et
336 2766 434 2810 306.
490 2772 576 2809 Hoc
594 2772 684 2810 loco
715 2773 852 2824 ipsum
881 2771 1112 2809 mitescendi
1131 2773 1299 2810 verbum
1326 2774 1542 2811 transitum
1564 2775 1662 2813 fecit

116 2837 278 2875 facilem
291 2837 343 2875 ad
353 2839 667 2889 translationem,
684 2853 787 2893 quae
808 2842 1002 2894 sequitur.
1017 2863 1074 2868 —
1086 2838 1155 2882 40.
1168 2841 1360 2880 culturae.
1394 2843 1538 2880 Nescio
1550 2855 1660 2892 sane,

116 2918 189 2943 eur
209 2907 501 2958 Morgenstern.
520 2907 601 2959 legi
631 2910 819 2946 maluerit
844 2909 1018 2955 cultum,
1050 2921 1177 2961 quum
1190 2915 1332 2963 poetae
1350 2912 1574 2950 sexcenties
1596 2913 1661 2949 in-

120 2971 279 3011 definite
309 2974 544 3026 loquantur,
592 2977 662 3014 ubi
687 2976 850 3016 definite
885 2978 913 3015 i.
949 2988 985 3015 e.
1019 2977 1061 3014 in
1089 2984 1272 3018 concreto
1298 2978 1412 3033 loqui
1446 2978 1660 3018 debebant.
