2028 3268
374 258 457 300 212
503 260 879 301 COMMENTARII
906 261 964 300 IN
991 260 1215 301 HORATII
1233 261 1331 303 LIB.
1353 263 1384 301 Ι.
1422 263 1583 304 EPIST.
1605 263 1763 308 TERT.
1833 267 1887 310 22

375 381 466 419 illud
487 383 716 421 Scholiastae
740 383 880 431 Cruq.:
913 391 1078 428 „monet
1104 386 1220 421 etiam
1232 413 1247 430 ‚
1275 398 1322 421 ne
1346 384 1465 422 libros
1486 386 1700 437 Sibyllinos
1726 386 1888 438 legat.“

376 447 569 487 Refutavit
589 451 804 486 Massonus
839 448 864 485 1.
890 449 916 485 l.
954 463 993 500 p.
1020 451 1268 492 287—289.
1327 451 1387 490 De
1415 452 1636 491 bibliotheca
1669 454 1752 504 ipsa
1782 453 1891 503 plura

377 515 537 553 afferunt
563 515 789 552 Sclzmidc'us
817 515 867 552 ad
894 515 933 552 h.
964 515 1015 566 1.,
1047 516 1215 554 Ebertus
1241 518 1279 555 in
1310 517 1467 568 Allgem.
1494 518 1694 571 Encyclop.
1722 519 1812 557 Hal.
1840 519 1890 559 X.

377 595 417 632 p.
446 581 540 630 55.,
588 581 824 617 Hzebmann.
860 581 899 618 in
929 582 1089 620 Seebod.
1133 610 1161 633 „
1174 582 1360 622 ArchiV.“
1400 583 1521 625 1834.
1559 584 1629 622 Ill.
1663 586 1701 624 1.
1735 599 1772 636 p.
1796 586 1890 625 119.

380 645 472 688 124.
493 671 549 675 —
577 648 623 687 V.
645 648 839 687 18-20,
889 649 982 694 Ne,
1008 651 1044 687 εἰ
1059 673 1116 678 -
1134 650 1339 688 coloribus.
1387 650 1445 688 De
1471 651 1540 688 hac
1564 651 1689 689 fabula
1715 651 1892 703 Aesopia,

380 726 474 762 qua,
511 715 598 762 quia
631 714 700 751 fuit
729 714 940 765 notissima,
976 717 1028 753 rei
1056 717 1236 754 acerbitas
1268 729 1364 766 quae
1386 717 1534 755 videtur
1559 718 1694 755 lenitur
1723 719 1892 767 maxime,

377 780 555 831 imprimis
581 781 751 818 dixerunt
780 781 1015 820 Schwabius
1046 784 1095 820 ad
1112 783 1273 822 Phaedr.
1303 784 1347 832 1,
1376 783 1416 822 3.
1444 788 1482 821 et
1508 785 1715 835 Rigaltc'us
1741 798 1780 834 p.
1798 781 1892 824 204.

378 847 439 883 ed.
478 847 606 884 Burm.
655 847 729 884 Pro
761 849 903 886 cornice
930 850 980 886 ibi
1011 854 1069 887 est
1098 851 1277 900 graculus.
1323 849 1380 887 De
1409 851 1682 900 comparatione
1708 863 1789 887 cum
1811 849 1894 898 ipsa

377 914 563 951 sententia
596 914 790 952 commixta
811 916 886 954 vid.
906 921 1035 955 annot.
1065 918 1113 954 ad
1144 919 1191 968 1,
1215 918 1259 967 1,
1279 918 1314 958 2.
1335 938 1391 945 --
1418 916 1464 956 V.
1492 917 1556 958 20.
1600 917 1777 953 Furtivis
1798 915 1893 954 mul.

379 977 450 1015 eol.
500 979 626 1018 Schol.
658 981 798 1030 Cruq.:
830 981 983 1031 plumis
1015 985 1216 1020 variorum
1250 984 1432 1020 colorum.
1495 983 1669 1020 Furtivae
1701 985 1825 1019 autem
1852 984 1895 1018 ut

378 1043 500 1082 Plaut.
524 1045 638 1086 Poen.
671 1045 718 1097 4,
753 1049 801 1097 2,
834 1049 901 1088 77.
945 1049 1001 1085 Ec
1030 1049 1098 1086 ille
1122 1052 1192 1101 qui
1216 1065 1280 1087 eas
1298 1048 1514 1094 vendebat,
1547 1050 1646 1086 dixit
1662 1062 1702 1086 se
1710 1049 1896 1099 furtivas

378 1111 552 1150 vendere.
591 1113 721 1163 Symp.
744 1112 915 1163 Aenigm.
937 1115 1011 1165 25,
1033 1118 1070 1157 2.
1087 1116 1248 1167 furtiva
1267 1118 1356 1154 νίνο
1380 1117 1550 1166 sagina,
1571 1116 1634 1152 ubi
1657 1115 1755 1153 hunc
1775 1116 1896 1152 locum

379 1180 607 1228 comparavit
639 1180 707 1217 W
699 1181 950 1228 ernsdorfiuS.
1007 1183 1239 1221 Sententiam
1258 1184 1380 1235 ipsam
1403 1183 1471 1220 hac
1492 1181 1618 1220 fabula
1639 1181 1896 1219 adumbratam

379 1245 518 1294 optime
546 1245 745 1285 illustravit
780 1247 976 1294 Orellias,
1012 1262 1120 1298 quem
1145 1251 1243 1289 vide.
1289 1249 1348 1287 De
1373 1262 1443 1287 usu
1468 1248 1674 1286 fabularum
1702 1261 1763 1298 ap.
1794 1247 1890 1286 Hor.

379 1312 477 1349 conf.
505 1325 614 1362 quem
649 1314 880 1352 laudavimus
904 1316 953 1352 ad
983 1317 1033 1366 1,
1062 1318 1110 1367 1,
1134 1317 1201 1358 75.
1248 1318 1335 1355 Car.
1364 1318 1527 1353 Passov.
1565 1314 1615 1352 N.
1637 1314 1729 1355 283.

491 1446 538 1483 V.
567 1447 630 1487 20.
652 1447 716 1486 21.
747 1447 839 1497 Ipse
869 1450 969 1499 qnid
991 1470 1039 1478 --
1062 1450 1227 1500 thyma?
1268 1450 1512 1487 Percontatur
1531 1446 1682 1483 Florum
1705 1447 1753 1484 de
1779 1446 1898 1498 ipsius

381 1513 514 1551 studiis
540 1513 714 1564 poeticis;
748 1525 822 1562 qua
851 1515 998 1563 quidem
1026 1516 1065 1554 in
1093 1530 1133 1555 re
1164 1517 1275 1554 illud:
1305 1516 1405 1567 quid
1426 1512 1579 1552 audes?
1605 1512 1719 1550 habet
1735 1513 1898 1562 aliquam

380 1580 535 1617 fiduciae
567 1580 604 1616 in
640 1580 754 1617 amico
785 1581 833 1618 ob
862 1583 1086 1633 praeclaram
1115 1585 1192 1634 ejus
1222 1583 1385 1621 indolem
1411 1581 1556 1632 positae
1583 1579 1783 1618 notionem.
1823 1578 1898 1616 Alii

381 1646 504 1683 nescio
535 1646 626 1695 quid
655 1646 907 1696 ambiguitatis
939 1650 997 1687 hic
1019 1651 1196 1688 sentiunt.
1239 1651 1414 1688 Ceterum
1433 1659 1556 1685 eorum
1577 1657 1671 1694 quae
1692 1650 1898 1696 sequuntur

381 1713 543 1763 repetita
579 1715 638 1749 est
679 1713 880 1753 similitudo
916 1717 963 1754 ab
1000 1717 1132 1768 apibus
1165 1718 1342 1768 thymum
1370 1720 1413 1753 ut
1437 1713 1687 1764 gratissimum
1720 1713 1898 1763 pabulum

383 1779 519 1829 ubique
539 1779 823 1831 quaerentibus,
854 1783 892 1819 in
918 1795 1029 1832 quam
1050 1795 1127 1820 rem
1146 1783 1219 1823 vid.
1242 1784 1352 1822 Voss'.
1378 1783 1426 1820 ad
1448 1781 1551 1829 Virg.
1579 1779 1649 1818 Ge.
1673 1777 1722 1830 4,
1744 1779 1837 1820 112.
1858 1783 1898 1817 et

381 1845 534 1895 Forbig.
572 1847 622 1882 ad
650 1845 729 1884 Ecl.
765 1848 814 1897 5,
844 1851 936 1896 77.;
971 1850 1055 1887 hinc
1088 1850 1209 1900 agilis
1234 1855 1276 1888 ut
1302 1851 1391 1899 apis
1417 1849 1555 1886 sedala
1580 1847 1691 1885 Ovid.
1711 1845 1806 1883 Met.
1831 1845 1898 1894 13,

384 1913 465 1952 928
490 1916 529 1949 et
553 1912 650 1948 levis
672 1912 760 1950 Tib.
783 1915 806 1954 2
820 1941 831 1963 ,
859 1915 905 1964 1,
926 1915 994 1954 49.
1018 1916 1108 1964 ibiq.
1132 1915 1282 1956 Dissen.
1326 1917 1529 1954 Veterrima
1550 1919 1673 1953 autem
1692 1915 1750 1949 est
1767 1915 1898 1962 poetas

384 1979 517 2029 apibus
540 1981 779 2028 comparandi
808 1982 916 2021 ratio.
967 1982 1062 2019 Vide
1087 1995 1180 2030 quos
1208 1983 1307 2020 locos
1336 1984 1565 2033 collegerunt
1592 1979 1819 2018 Selzmidias
1851 1979 1900 2016 ad

384 2045 421 2083 h.
447 2045 497 2095 l.,
528 2045 750 2083 Mttscherl.
777 2051 815 2084 et
843 2047 1014 2085 oremus
1039 2051 1086 2086 ad
1103 2050 1176 2089 Od.
1205 2047 1255 2099 4,
1278 2052 1324 2099 2,
1352 2051 1442 2100 27.,
1472 2049 1535 2086 ubi
1558 2048 1654 2085 Hor.
1677 2047 1724 2083 de
1741 2046 1899 2097 seipso:

385 2113 474 2163 Ego
495 2114 583 2162 apis
602 2114 786 2149 Matinae
805 2113 917 2151 More
946 2116 1138 2166 modoque
1165 2117 1293 2153 Grata
1315 2117 1509 2166 carpentis
1534 2114 1668 2164 thyma
1690 2126 1765 2162 per
1787 2111 1901 2149 labo-

385 2192 467 2215 rem
485 2178 708 2216 Plztrimam.
727 2201 784 2208 —-
800 2194 960 2230 operosa
983 2196 1140 2231 parvus
1165 2183 1353 2220 Carmina
1373 2184 1492 2234 fingo
1504 2196 1520 2228 ,·
1550 2192 1659 2230 quem
1676 2179 1796 2217 locum
1812 2191 1901 2217 con-

386 2250 446 2283 tra
472 2247 655 2283 Hanovii
679 2247 946 2285 incommodam
977 2249 1319 2298 interpretationem
1348 2254 1448 2287 recte
1476 2247 1651 2285 enodavit
1685 2245 1902 2283 Paldamus

387 2314 424 2350 in
451 2313 663 2350 Zimmerm.
696 2313 878 2351 Zeitschr.
908 2315 935 2351 f.
963 2316 1002 2351 d.
1030 2314 1278 2354 Alterthmsw.
1308 2317 1415 2357 1839
1447 2330 1485 2367 p.
1516 2312 1619 2359 9433
1658 2323 1780 2360 neque
1807 2311 1901 2349 male

388 2381 540 2417 Rotter.
568 2393 727 2430 operosa
759 2382 893 2418 retulit
919 2382 967 2417 ad
998 2384 1187 2421 metricam
1213 2385 1371 2432 ideoque
1397 2384 1445 2421 ad
1476 2385 1662 2419 externam
1689 2381 1902 2428 poematum

389 2448 582 2484 rationem.
631 2445 688 2484 Ex
716 2446 786 2484 hoe
811 2448 891 2498 ipso
911 2452 1035 2486 autem
1064 2449 1145 2487 loco
1162 2450 1267 2487 facile
1286 2450 1465 2498 efficitur,
1493 2446 1643 2484 Florum
1660 2444 1797 2482 leviora
1819 2448 1903 2482 tan-

389 2518 468 2551 tum
500 2513 624 2564 poesis
650 2514 782 2563 lyricae
802 2526 939 2563 genera
961 2519 1126 2552 secutum
1152 2528 1253 2563 esse,
1283 2517 1384 2566 quod
1402 2519 1440 2552 et
1461 2513 1600 2550 indicat
1619 2511 1791 2548 amabile
1813 2524 1902 2548 car—

391 2594 479 2616 men
491 2595 506 2627 ;
533 2584 694 2618 ceterum
714 2581 772 2618 hic
791 2594 865 2619 non
888 2586 963 2619 tam
981 2582 1028 2619 de
1045 2583 1270 2633 imitatione,
1302 2595 1377 2632 qua
1406 2582 1507 2619 illum
1535 2582 1663 2618 dextre
1694 2591 1801 2616 usum
1821 2590 1904 2615 esse

391 2648 537 2696 conjicit
567 2649 814 2693 Torrentius,
833 2650 900 2685 sed
917 2649 964 2685 de
985 2650 1138 2686 materia
1153 2650 1255 2699 ipsa,
1287 2650 1324 2686 in
1344 2662 1418 2698 qua
1445 2652 1611 2686 versatus
1636 2647 1706 2696 sit,
1735 2645 1796 2695 agi
1812 2645 1904 2682 satis

391 2718 558 2762 apparet.
619 2716 731 2759 Quod
758 2716 852 2756 Hor.
883 2715 1010 2753 ultimo
1038 2715 1120 2753 loco
1144 2716 1270 2766 posuit
1296 2715 1419 2752 studia
1447 2715 1593 2767 poetica
1613 2727 1649 2754 v.
1669 2709 1743 2762 24,
1771 2711 1808 2748 in
1829 2723 1904 2760 qua

392 2792 433 2817 re
462 2780 733 2831 Haberfeldus
774 2782 962 2830 quoddam
996 2783 1089 2821 vidit
1122 2783 1317 2831 indicium,
1360 2794 1471 2830 quam
1502 2780 1607 2832 parvi
1637 2778 1698 2816 illa
1728 2779 1767 2815 in
1790 2777 1902 2815 Floro

392 2846 572 2884 Horatius
601 2847 795 2897 habuerit,
821 2848 908 2885 inde
938 2849 1075 2888 factum
1103 2849 1271 2898 videtur,
1304 2852 1346 2885 ut
1372 2861 1415 2885 ea
1443 2852 1621 2898 tanquam
1651 2857 1746 2895 opus
1773 2855 1904 2881 secun-

393 2913 535 2951 darium
551 2941 563 2963 ,
599 2915 655 2951 cui
685 2913 816 2951 Florus
851 2915 1078 2964 aliquamdiu
1110 2915 1254 2954 omissis
1293 2915 1534 2954 severioribus
1577 2910 1809 2962 eloquentiae
1848 2908 1905 2946 fo,
