2028 3268
120 242 173 288 15
249 237 634 285 COMMENTARII
654 237 714 279 IN
730 235 962 280 HORATII
977 235 1075 279 Lm.
1093 235 1125 276 1.
1172 234 1339 277 EPIs'r.
1358 233 1522 275 TERT.
1580 232 1664 274 205

118 366 254 407 borum
271 363 502 404 constructio
521 363 647 401 multis
676 362 853 401 illustrari
881 364 1012 414 potest
1039 361 1239 413 exemplis,
1267 359 1548 406 affirmaverim,
1575 356 1666 408 Adj.

119 434 226 473 stud.
250 446 296 472 ex
310 445 356 472 eo
380 431 661 483 AdJectivorum
680 443 818 482 genere
831 442 937 480 esse,
965 442 1062 479 quae
1084 429 1235 468 aliunde
1253 430 1293 467 id
1315 430 1531 477 assumant,
1563 425 1667 476 quod

119 502 228 543 facile
257 513 280 540 e
312 501 586 541 sententiarum
613 501 745 539 ordine
775 498 934 549 intelligi
957 502 1111 550 potest,
1153 503 1196 536 ut
1213 499 1251 540 h.
1269 498 1295 540 l.
1320 497 1541 535 literarum.
1604 493 1668 531 Sic

119 570 197 612 Οὐ.
223 570 263 619 2,
293 569 364 618 20,
393 568 459 607 19.
489 567 599 620 (ibiq.
623 567 772 606 Peerlk.
792 571 832 606 et
851 566 989 618 Orell.)
1006 567 1190 617 peritas-‚-
1223 566 1262 615 1,
1286 567 1353 616 28,
1373 565 1440 605 18.
1463 563 1504 613 3,
1533 559 1575 612 4,
1601 562 1666 602 58.

118 639 202 677 Sat.
233 637 272 687 1,
296 634 337 687 4,
375 637 471 677 126.
500 637 675 684 ataldus,-
709 637 751 687 3,
784 635 852 686 23,
881 636 948 674 17.
976 635 1194 682 immzmis5
1225 635 1305 672 Sat.
1331 635 1372 683 2,
1394 634 1435 683 2,
1458 629 1527 673 43.
1544 630 1667 680 Epist.

121 705 160 756 1,
180 706 221 754 7,
241 704 311 744 31.
340 703 513 754 plenus5
544 705 617 743 od.
640 706 681 754 2,
705 702 745 756 4,
771 705 838 744 22.
870 703 1036 753 integer.
1071 702 1215 740 Similia
1251 701 1466 740 observavit
1484 698 1669 736 Baebius

117 774 168 812 ad
186 773 301 813 Ovid.
322 771 415 810 Met.
437 773 468 814 I.
490 787 528 824 p.
547 774 613 813 66.
635 772 729 813 135.
755 770 851 811 165.
906 771 1039 808 Cicero
1068 784 1220 821 quoque
1245 771 1346 808 idem
1374 767 1461 819 Adj.
1486 768 1558 806 alio
1587 767 1669 818 qui-

119 841 205 879 dem
229 851 344 877 seusu
364 839 536 877 absolute
552 842 712 889 usurpat
735 839 774 876 in
798 839 864 877 Or.
889 852 946 888 pr.
969 837 1096 888 Ligar.
1128 839 1170 888 ὃ.
1190 839 1280 888 36.,
1318 838 1383 875 ubi
1403 837 1587 875 videndus
1610 840 1670 874 est

125 908 331 947 Soldanus
355 921 394 957 p.
414 907 509 947 173.
568 907 704 956 Itaque
726 906 854 946 Schol.
876 907 994 956 Cruq.
1012 907 1108 945 bene
1126 906 1305 957 explicat:
1337 907 1495 944 literatos
1514 904 1666 942 cohors.

121 975 296 1013 Tiberius
313 975 434 1024 enim,
467 975 531 1024 qui
553 979 593 1012 et
616 975 697 1026 ipse
721 979 818 1013 teste
838 976 1021 1013 Suetonio
1036 976 1075 1013 in
1093 975 1169 1013 Vit.
1194 974 1282 1014 Tib.
1304 975 1369 1015 70.
1410 981 1552 1020 „artes
1571 972 1671 1010 libe-

119 1044 226 1082 rales
251 1044 457 1094 utriusque
469 1044 628 1094 generis
647 1042 932 1081 studiosissime
958 1043 1137 1089 ooluit“,
1166 1055 1292 1080 secum
1314 1042 1477 1080 ducebat
1494 1042 1669 1087 comites,

119 1114 270 1151 amieos
289 1111 368 1149 sive
386 1113 609 1148 amicorum
639 1124 752 1161 quam
778 1112 966 1150 vocabant
991 1111 1200 1150 cohortem.
1258 1110 1319 1148 De
1335 1123 1380 1148 ea
1401 1122 1442 1148 re
1460 1114 1551 1162 post
1571 1109 1671 1148 Tor-

119 1186 215 1220 rent.
234 1181 284 1219 ad
306 1179 431 1230 Epist.
453 1181 494 1230 8,
522 1181 560 1221 2.
609 1179 753 1219 Heind.
777 1181 826 1217 ad
843 1180 926 1219 Sat.
951 1181 990 1230 1,
1020 1181 1062 1230 7,
1087 1180 1152 1221 23.
1212 1178 1338 1217 Schm.
1361 1179 1411 1216 ad
1429 1178 1469 1218 h.
1490 1178 1515 1216 l.
1562 1177 1672 1230 Lips.

119 1251 170 1288 ad
198 1249 292 1288 Tac.
327 1247 426 1286 Anu.
450 1247 490 1296 6,
519 1245 556 1284 9.
589 1245 671 1284 coll.
694 1244 856 1296 Rupert.
878 1248 929 1285 ad
950 1248 987 1294 1,
1012 1247 1080 1298 29,
1103 1249 1142 1288 2.
1167 1247 1334 1288 B6ttich.
1353 1245 1477 1285 Lexic.
1504 1246 1541 1284 T
1544 1259 1598 1284 ac.
1626 1260 1666 1298 p.

122 1318 191 1358 96.
229 1317 380 1355 Ernest.
410 1315 460 1352 ad
494 1314 653 1352 Sueton.
686 1312 776 1351 Tib.
793 1313 862 1355 46.
889 1314 982 1354 Exc.
1007 1315 1089 1353 XV.
1123 1314 1325 1354 Weiehert.
1345 1314 1454 1352 Poet.
1482 1313 1570 1352 Lat.
1588 1313 1673 1355 Rel.

122 1400 162 1438 p.
185 1385 283 1435 370,
309 1384 402 1422 alios
427 1381 705 1419 accuratissime
727 1382 807 1433 egit
831 1381 1047 1420 Seebodias
1063 1382 1102 1420 in
1123 1382 1259 1433 Progr.
1287 1383 1365 1424 sch,
1392 1383 1508 1421 Goth.
1541 1381 1672 1423 1839:

129 1453 317 1492 Scholc'en
337 1465 389 1488 za
413 1450 490 1500 Qu.
516 1451 717 1487 Horatius
739 1449 928 1488 Flaccus.
963 1451 1073 1487 Erst.
1099 1451 1220 1502 Hesi.
1243 1466 1290 1502 p.
1311 1451 1463 1492 7-10,

233 1520 282 1558 V.
303 1522 344 1561 7,
381 1519 482 1568 Quis
502 1539 560 1546 —
579 1516 732 1554 sumit?
769 1517 894 1557 Ironia
910 1518 972 1557 illa
993 1518 1107 1569 levis,
1136 1532 1250 1568 quam
1279 1520 1426 1570 aliquot
1446 1520 1673 1571 interpretes

121 1590 182 1628 hic
205 1588 277 1627 sibi
302 1587 372 1625 visi
400 1589 491 1623 sunt
518 1586 666 1635 videre,
705 1598 828 1636 neque
856 1587 895 1623 in
930 1586 1074 1637 verbis,
1115 1599 1239 1637 neque
1267 1587 1307 1624 in
1335 1600 1376 1626 re
1394 1588 1503 1625 inest.
1540 1588 1676 1624 Sumit

121 1657 220 1696 enim
247 1656 383 1695 dicitu‘r
403 1657 444 1691 ut
463 1653 538 1691 Od.
561 1653 600 1703 1,
623 1654 690 1702 12,
712 1653 778 1692 11.
805 1653 854 1691 ib.
875 1653 1047 1700 Mitseh.;
1094 1654 1220 1704 Quem
1237 1657 1371 1692 virum
1386 1677 1444 1683 -—-
1462 1657 1589 1692 sumis
1609 1669 1674 1692 ce—

122 1723 308 1762 lebrare?
347 1726 387 1761 et
414 1719 582 1758 scribere
614 1724 812 1772 poetarum
838 1725 898 1758 est
927 1722 1106 1772 imprimis
1126 1723 1298 1760 carminis
1319 1723 1436 1775 epici,
1466 1722 1512 1762 A.
1530 1723 1575 1764 P.
1602 1721 1671 1762 74.

122 1792 199 1831 od.
225 1792 264 1842 1,
282 1792 323 1841 6,
342 1790 399 1838 1.;
429 1791 559 1840 itaque
579 1790 768 1828 Homerus
788 1789 912 1841 Epist.
934 1790 974 1840 1,
997 1791 1036 1840 2,
1057 1789 1093 1828 1.
1161 1792 1328 1838 Trojani
1353 1791 1451 1828 belli
1483 1793 1668 1842 scriptor.

121 1859 303 1898 Horatius
337 1858 452 1908 igitur
482 1859 586 1907 quod
610 1870 746 1895 munus
771 1856 987 1907 Augustum
1010 1858 1166 1896 heroicis
1185 1859 1354 1897 versibus
1373 1859 1589 1898 celebrandi
1609 1859 1672 1897 alii

121 1926 330 1977 complures
358 1927 551 1976 injungere
584 1925 658 1976 ipsi
693 1924 892 1975 volebant,
935 1926 975 1963 id
1006 1930 1045 1963 et
1074 1925 1166 1964 alias
1194 1926 1408 1966 humaniter
1427 1929 1616 1968 detractat
1632 1932 1672 1967 et

121 1994 195 2032 hoc
226 1993 310 2032 loco
340 1994 447 2042 quasi
482 1993 646 2031 humeris
676 1997 874 2044 poetarum
898 1995 1086 2044 juniorum
1113 1994 1358 2044 impositurus
1391 1997 1551 2036 videtur.
1586 1995 1674 2039 Vid,

123 2063 200 2102 od.
233 2061 271 2112 1,
297 2061 338 2110 6,
365 2061 418 2100 10
438 2065 508 2099 etc.
540 2061 608 2110 19,
645 2061 800 2101 9—12.
839 2062 880 2111 2,
915 2062 981 2111 12,
1027 2061 1180 2103 9—15.
1223 2062 1266 2113 4,
1305 2065 1346 2113 2,
1384 2066 1567 2106 27—52.
1606 2064 1674 2114 15,

126 2129 250 2170 1—4.
278 2130 363 2167 Sat.
381 2130 420 2178 2,
443 2129 481 2177 1,
504 2128 558 2168 10
580 2132 654 2168 etc.
684 2128 808 2179 Epist.
837 2128 876 2178 2,
898 2128 937 2177 1,
956 2128 1165 2168 250—59.
1207 2131 1270 2168 Cf.
1298 2131 1436 2169 Schm.
1466 2137 1506 2170 et
1544 2131 1669 2169 Orell.

123 2199 173 2237 ad
190 2198 228 2236 h.
251 2197 275 2235 l.
313 2196 532 2235 Wetclzert.
557 2209 596 2246 p.
615 2196 712 2237 381.
740 2196 811 2232 Fr.
833 2195 979 2232 Jacobs
997 2196 1129 2232 Verm.
1156 2197 1325 2248 Schrist.
1348 2199 1395 2238 V.
1409 2214 1448 2251 p.
1464 2199 1556 2240 200.
1578 2197 1673 2239 347.

124 2267 221 2307 352.
241 2265 338 2306 359.
373 2265 466 2302 Car.
490 2265 661 2301 Passov.
688 2264 726 2300 in
752 2261 914 2313 „Leben
943 2263 1011 2300 des
1032 2263 1191 2301 Horaz“
1224 2266 1275 2304 N.
1296 2265 1392 2308 241.
1424 2271 1464 2304 et
1494 2268 1542 2305 de
1563 2267 1674 2318 hujus

123 2345 254 2373 versus
271 2333 447 2382 rhythmo
467 2332 566 2368 idem
586 2330 637 2369 N.
661 2329 756 2371 261.

236 2400 285 2440 V.
309 2401 348 2439 8.
392 2399 516 2437 Bella
546 2421 603 2426 -—
631 2411 790 2435 aevum.
841 2397 1055 2450 Daffimdit
1086 2400 1125 2437 in
1156 2414 1302 2437 aevum
1315 2430 1330 2447 ,
1370 2405 1415 2439 ut
1441 2399 1488 2439 A.
1509 2399 1554 2441 P.
1578 2398 1675 2441 346.

126 2468 294 2520 longum
309 2477 398 2506 noto
417 2469 603 2518 scriptori
614 2473 812 2517 prorogat
837 2480 983 2504 aevum
994 2496 1011 2513 ,
1041 2471 1080 2504 et
1099 2467 1173 2504 Od.
1197 2465 1238 2517 4,
1271 2467 1338 2519 14,
1360 2469 1401 2508 3.
1446 2469 1560 2518 Quae
1576 2483 1676 2507 cara

126 2555 184 2564 —-
202 2536 367 2572 virtutes
385 2536 428 2572 in
445 2549 590 2573 aevum
607 2542 792 2572 aeternet.
854 2535 940 2574 Hoc
956 2535 1038 2574 loco
1055 2540 1180 2572 tamen
1201 2536 1306 2574 notio
1327 2537 1470 2587 gloriae
1496 2543 1536 2575 et
1561 2536 1676 2588 longe

127 2601 279 2651 lateque
304 2601 519 2652 divulgatae
547 2607 587 2641 et
615 2607 801 2654 perpetuo
830 2604 1034 2641 duraturae
1057 2607 1242 2654 apparet,
1269 2609 1313 2642 ut
1329 2605 1408 2644 Cic.
1426 2618 1484 2656 pr.
1503 2604 1611 2643 Balb.
1632 2605 1673 2646 5.

129 2668 246 2719 longe
271 2668 427 2720 lateque
455 2669 607 2722 diff'usa
645 2671 750 2708 laus.
810 2671 1042 2708 Schmidius
1065 2671 1197 2710 laudat
1232 2671 1339 2722 Virg.
1359 2671 1455 2711 Aen.
1499 2670 1540 2724 4,
1577 2674 1672 2714 195.

128 2738 248 2774 Haec
271 2737 346 2774 dea
368 2759 417 2767 -
444 2737 640 2790 diffundit
659 2740 794 2777 virum
824 2741 868 2777 in
890 2754 960 2777 ora
991 2744 1030 2778 et
1048 2739 1143 2778 Plin.
1162 2740 1305 2791 Paneg.
1328 2742 1394 2782 56.
1437 2743 1480 2778 in
1501 2743 1674 2779 immen-

127 2818 220 2842 sam
244 2805 490 2858 diffunditur
515 2807 652 2843 oratio.
713 2806 926 2847 Dictionem
954 2810 997 2846 in
1015 2823 1159 2846 aevum
1179 2808 1343 2848 illustrat
1368 2810 1675 2861 Peerlkampias

131 2873 182 2911 ad
201 2872 275 2910 Od.
298 2870 338 2923 4,
362 2871 429 2923 14,
454 2872 494 2913 5.
551 2872 664 2912 Errat
677 2879 805 2914 autem
825 2877 891 2915 Vir
917 2876 977 2914 ille
1007 2877 1264 2928 doctissimus,
1302 2890 1418 2927 quum
1447 2893 1518 2931 pro
1550 2886 1674 2916 aeter.

132 2953 230 2978 nare
262 2941 373 2980 scribi
406 2940 550 2980 mavult
578 2943 793 2982 extendere.
854 2944 997 2984 Poetae
1021 2944 1126 2984 licuit
1150 2946 1191 2984 in
1217 2947 1337 2998 majus
1367 2946 1546 2986 extollere
1575 2960 1673 2998 quae
