2028 3268
448 241 530 283 350

519 368 578 412 Ut
608 370 780 412 ventum
813 366 867 409 ad
901 380 1077 412 coenam
1111 372 1202 428 est,

518 447 714 490 'I'antlem
748 445 971 488 dormitum
1005 445 1238 490 dimittitur.

1016 245 1394 286 HORATII

1904 253 1959 292 78

1236 369 1414 414 dicenda
1443 372 1624 416 tacenda
1655 373 1822 418 locutus

1306 447 1390 492 Hic
1419 449 1489 493 ubi
1518 463 1650 508 saepe

515 523 737 568 Occultum
767 523 884 565 visus
920 523 1149 568 decurrere
1170 526 1297 583 piscis
1322 524 1377 567 ad
1399 525 1586 584 hamum,

516 599 649 645 Mane
680 601 811 644 cliens
842 603 886 644 et
910 606 1003 659 jam
1034 606 1174 647 certus
1208 604 1411 660 conviva,
1443 603 1616 658 Jubetur

1909 603 1963 646 75

514 678 638 722 Rura
668 679 909 723 suburbana
938 680 1103 724 indietis
1135 696 1276 725 comes
1312 683 1375 724 ire
1403 680 1586 724 Latinis·

514 755 739 815 Impositus
770 759 933 802 mannis
963 773 1112 804 arvum
1142 760 1390 816 coelumque
1422 756 1626 804 Sabinum

505 934 551 969 V.
578 936 635 970 72.
670 936 726 970 Ad
749 947 823 972 cen.
847 941 887 970 ut
907 942 998 971 vent.
1014 942 1076 972 est.
1111 937 1182 971 MS.

447 991 584 1026 Bersm.
602 1003 662 1026 un.
702 992 748 1026 Ut
766 998 856 1026 vent.
874 998 923 1026 est
938 995 984 1026 ad
1003 1004 1077 1027 cen.
1111 993 1182 1027 Ms.

447 1047 515 1081 Fe.
537 1049 570 1090 1,
587 1059 623 1091 g.
659 1047 704 1081 Ut
719 1059 794 1081 cen.
817 1039 1002 1082 adventum
1019 1054 1079 1083 est.
1110 1048 1181 1082 Ms.

447 1103 514 1137 Fe.
531 1102 566 1145 3,
582 1116 613 1137 c.
653 1103 700 1137 Ut
719 1104 810 1137 vem't
826 1105 872 1137 ad
886 1114 960 1138 cen.
997 1104 1067 1138 Ms.
1083 1103 1183 1138 Mon.

448 1171 481 1193 e.
527 1158 572 1192 Ut
587 1161 728 1192 ductum
742 1164 789 1192 est
804 1160 849 1192 ad
863 1171 937 1192 cen.
975 1159 1045 1194 Ms.
1063 1160 1184 1193 Guelf.

448 1217 481 1250 2.
503 1225 645 1256 cenam,
674 1215 820 1248 dicenda
849 1215 975 1248 omisso
995 1215 1098 1248 verb.
1125 1220 1186 1250 est.

446 1270 518 1305 Ms.
536 1270 654 1303 Guelf.
666 1270 702 1304 3.
734 1270 853 1304 Berol.
865 1273 897 1305 1.
916 1283 1012 1304 caen.
1043 1271 1104 1304 Sic
1119 1283 1183 1305 ms.

446 1326 552 1360 Dess.
565 1327 597 1360 1.
623 1326 723 1371 Lips.
738 1327 770 1361 2.
793 1326 992 1362 Vid.v.70.
1011 1346 1059 1351 —
1078 1327 1184 1361 V.73.

447 1381 632 1416 dormitum
650 1387 709 1415 est.
738 1382 808 1416 Ms.
826 1383 927 1427 Lips.
945 1385 978 1417 2.
1002 1401 1050 1407 —
1073 1383 1187 1416 dimis-

445 1449 516 1470 sus.
559 1437 629 1472 Ms.
659 1437 784 1471 Oberl.
813 1439 856 1472 C.
880 1439 1080 1472 demittitur.
1112 1439 1183 1472 Ed.

446 1493 595 1528 Weber.
612 1511 661 1517 ·—-
679 1494 742 1528 Hic
756 1494 824 1532 ubi,
852 1494 942 1528 Mss.
959 1495 1070 1538 vulg„
1087 1506 1107 1527 e
1122 1506 1185 1528 no-

447 1549 533 1582 stris
547 1549 652 1582 etiam
669 1551 817 1592 Graev.,
836 1554 931 1583 teste
945 1550 1183 1593 Broukhusio‚

447 1604 552 1638 aliter
570 1605 749 1639 indicante
764 1606 942 1649 Bentlejo.
972 1606 1067 1640 Edd.
1085 1607 1182 1649 vulg.

447 1660 553 1693 etiam
584 1661 703 1695 Bentl.
738 1661 804 1694 Fe.
842 1661 955 1694 Orell.
1002 1661 1085 1694 Heic
1113 1661 1183 1694 ubi.

445 1715 542 1750 Edd.
561 1716 670 1750 Torr.
687 1717 731 1750 R.
749 1716 877 1760 Steph.
894 1716 974 1750 613.
994 1716 1119 1750 Heins.
1137 1715 1183 1750 al.

446 1772 519 1805 Pro
545 1772 717 1805 adverbio
747 1771 879 1805 habent
901 1776 938 1804 et
957 1771 1002 1805 al.
1028 1771 1088 1816 qui
1112 1783 1182 1805 scr.

445 1826 604 1869 Hicubi,
634 1832 674 1860 ut
690 1828 800 1871 Cruq.
826 1827 936 1861 Pulm.
965 1828 1102 1861 Bersm.
1137 1827 1185 1860 At

446 1883 530 1916 vide
546 1883 667 1927 Epist.
690 1885 722 1925 2,
739 1885 772 1925 2,
790 1883 870 1917 136.
906 1883 996 1916 Hinc
1008 1883 1077 1916 ubi.
1111 1883 1183 1916 Ms.

447 1940 560 1972 Gesn.
584 1941 616 1972 1.
651 1939 817 1973 Rudolst.
846 1938 945 1972 Mon.
967 1938 990 1971 l.
1019 1939 1112 1981 (cum
1134 1938 1183 1982 gl.

447 2006 518 2038 „ex
541 1994 661 2038 illo“).
701 1994 797 2027 Edd.
823 1994 913 2027 Ven.
934 1990 1016 2027 483.
1045 1995 1101 2028 86.
1126 1994 1183 2026 90.

446 2051 505 2084 92.
527 2048 584 2084 95.
631 2050 743 2083 Loch.
764 2046 847 2083 498.
895 2049 996 2094 LiPS.
1020 2045 1102 2084 492.
1126 2049 1185 2082 98.

446 2106 552 2150 reliq.
588 2105 714 2140 colon.
739 2104 821 2139 510.
865 2105 946 2138 Erf.
972 2104 1053 2139 517.
1101 2103 1186 2138 Asc.

447 2162 550 2195 Glar.
566 2161 695 2196 Irenic.
713 2161 799 2205 Xyl.
814 2159 1067 2195 Piscat.Daru.
1097 2160 1188 2193 Hinc

447 2218 585 2262 (uti—
601 2218 775 2260 hamum).
815 2217 920 2261 Conj.
939 2217 1050 2249 Gesn.
1074 2220 1111 2249 et
1127 2215 1184 2250 ed.

445 2273 582 2307 Baden.
611 2273 788 2318 Ergoubi.
816 2272 1017 2306 Ms.Bentl.
1028 2268 1063 2306 4.
1090 2271 1185 2305 Edd.

447 2330 538 2363 Cun.
562 2329 646 2362 San.
662 2329 779 2362 Merv.
796 2329 926 2362 Franc.
942 2327 1094 2372 Dorigh.
1111 2328 1187 2361 Ha-

446 2385 540 2419 bers.
557 2385 704 2418 Ernest.
722 2384 859 2418 Bodon.
883 2384 947 2417 Hic
961 2383 1030 2416 tibi.
1053 2384 1124 2417 Ed.
1141 2384 1185 2417 de

446 2440 588 2475 Maroll.
628 2441 692 2474 Est
706 2440 775 2473 ubi.
815 2439 1023 2474 Ms.Berol.
1042 2440 1075 2472 1.
1115 2440 1186 2472 Aut

445 2497 515 2530 ubi.
545 2495 769 2530 Ms.Mon.c.
798 2496 861 2529 Ast
874 2495 941 2529 ubi.
970 2495 1039 2528 Ms.
1058 2494 1185 2528 Oberl.

447 2552 493 2585 D.
512 2552 587 2596 (pr.
606 2551 688 2596 gh).
717 2551 837 2586 Bentl.
855 2553 889 2586 2.
918 2551 995 2584 Huc
1008 2550 1076 2584 ubi.
1112 2550 1184 2584 Ms.

446 2606 567 2642 Bentl.
590 2606 653 2651 15,
675 2618 733 2641 un.
771 2607 852 2641 Post
871 2607 939 2640 ubi.
968 2606 1039 2640 Ms.
1058 2606 1185 2640 Oberl.

447 2662 491 2696 C.
520 2665 592 2697 Aut
604 2675 703 2709 ergo.
733 2663 836 2708 Conj.
852 2662 971 2697 Bentl.
987 2661 1041 2696 uti
1056 2662 1134 2696 Sat.
1151 2664 1185 2706 2,

447 2718 553 2761 6‚16.
572 2721 651 2753 106.

502 2773 547 2806 V.
559 2771 617 2807 74.
638 2775 746 2808 visum
762 2774 833 2808 dec.
861 2772 1080 2807 Ed.Bersm.
1096 2772 1186 2807 visus

448 2833 498 2862 est
519 2841 670 2864 currere.
714 2830 786 2864 Ms.
811 2830 934 2864 Jaeck.
959 2828 993 2864 5.
1018 2849 1065 2855 —
1087 2828 1187 2874 piscis

450 2885 523 2918 dec.
537 2886 583 2918 ad
593 2885 687 2918 ham.
711 2885 801 2919 Mss.
815 2886 934 2919 Guelf.
946 2885 1067 2919 utvid.
1081 2895 1185 2928 omn„

450 2939 496 2974 de
520 2951 589 2987 qua
609 2952 650 2974 re
675 2941 924 2986 dubitaverim,
948 2953 1012 2975 ms.
1038 2941 1137 2975 Mon.
1158 2941 1185 2975 f.

1228 937 1323 972 Edd.
1345 937 1455 971 Doer.
1478 935 1633 970 Schmid.
1651 935 1788 970 Groeb.
1808 934 1962 969 Braunh.

1230 1011 1279 1018 ——
1299 1005 1426 1028 amum.
1457 993 1519 1026 Sic
1533 1004 1596 1026 ms.
1607 993 1712 1026 Dess.
1724 993 1759 1026 2.
1790 991 1910 1024 Guelf.
1926 989 1963 1023 3.

1229 1049 1338 1093 (am).
1373 1049 1432 1082 Cf.
1457 1048 1593 1082 Osann.
1619 1048 1664 1082 ad
1685 1046 1826 1091 Apulej.
1851 1059 1888 1091 p.
1905 1046 1962 1079 89.

1228 1105 1380 1138 hamum.
1405 1103 1528 1138 Mane.
1553 1103 1614 1136 Sic
1629 1102 1775 1147 disting.
1786 1102 1868 1147 aliq.
1880 1101 1962 1134 edd.

1229 1160 1396 1193 Ceterum
1408 1160 1452 1193 ad
1464 1171 1500 1194 v.
1514 1159 1604 1193 visus
1612 1159 1801 1193 Lambinus
1811 1156 1965 1200 intelligi

1225 1216 1331 1260 jubet
1346 1221 1414 1258 est,
1436 1215 1530 1260 quod
1543 1215 1580 1248 in
1593 1215 1724 1248 talibus
1740 1225 1845 1259 saepe
1862 1213 1963 1247 omit-

1230 1271 1332 1305 titur.
1362 1271 1447 1305 vid.
1472 1270 1605 1305 Heind.
1626 1271 1671 1304 ad
1695 1271 1772 1303 Sat.
1790 1271 1807 1303 1
1820 1295 1830 1312 ‚
1851 1271 1886 1312 2,
1900 1266 1961 1303 42.

1228 1327 1335 1361 Both.
1347 1326 1391 1360 ad
1408 1327 1486 1362 Sat.
1497 1328 1531 1370 2,
1546 1328 1580 1369 8,
1596 1327 1629 1361 2.
1659 1326 1790 1370 Wagn.
1801 1324 1846 1359 ad
1858 1324 1962 1367 Virg.

1228 1383 1309 1417 Ecl.
1328 1384 1360 1426 1,
1377 1380 1433 1416 55.
1463 1383 1622 1426 Herzog.
1643 1381 1689 1415 ad
1704 1381 1791 1415 Sall.
1807 1381 1888 1424 Jug.
1904 1381 1963 1422 71,

1230 1440 1265 1472 1.
1297 1457 1345 1463 --
1377 1439 1422 1472 V.
1447 1437 1506 1474 75.
1546 1443 1578 1471 et
1595 1439 1686 1482 jam.
1724 1437 1813 1471 Mss.
1839 1436 1964 1470 Lamb.

1230 1506 1320 1528 omn.
1334 1495 1443 1538 Cruq.
1454 1493 1595 1539 partim.
1610 1493 1765 1527 Pulm.3.
1776 1493 1811 1527 7.
1827 1485 1964 1526 Bersm.

1227 1554 1316 1584 tres.
1335 1549 1581 1595 Talb.pleriq.
1600 1548 1726 1583 Oberl.
1739 1548 1863 1581 Comb.
1875 1547 1965 1581 Bad.

1228 1607 1296 1640 Fe.
1317 1609 1355 1638 et
1380 1606 1480 1640 Pott.
1502 1609 1572 1638 tac.
1609 1605 1664 1639 Ik.
1681 1601 1717 1638 4.
1733 1602 1767 1638 5.
1783 1604 1818 1637 6.
1848 1603 1964 1636 Orell.

1229 1662 1269 1696 S.
1307 1661 1427 1694 Guelf.
1443 1661 1476 1694 3.
1493 1657 1528 1694 4.
1554 1660 1608 1703 (in
1624 1662 1657 1694 2.
1683 1660 1786 1692 deest
1797 1659 1878 1701 jam
1893 1670 1966 1692 cer-

1226 1715 1315 1759 tus.)
1338 1717 1444 1750 Dess.
1459 1718 1490 1750 1.
1517 1716 1626 1750 Goth.
1641 1715 1742 1760 Lips.
1755 1715 1788 1748 1.
1801 1713 1836 1748 3.
1861 1713 1962 1748 Mon.

1227 1773 1264 1805 b.
1280 1772 1307 1805 s.
1324 1770 1349 1805 l.
1365 1783 1410 1805 m.
1448 1773 1581 1805 Graev.
1603 1774 1642 1804 et
1661 1769 1827 1804 Rudolst.
1865 1769 1962 1803 Edd.

1229 1826 1330 1871 Lips.
1361 1824 1442 1860 498.
1474 1826 1555 1861 502.
1583 1826 1690 1871 reliq.
1759 1825 1850 1859 Ven.
1879 1821 1963 1858 498.

1229 1883 1352 1916 Lamb.
1377 1883 1487 1926 Cruq.
1512 1882 1561 1916 H.
1579 1882 1707 1927 Steph.
1731 1880 1821 1914 Min.
1849 1880 1963 1913 Chab.

1229 1937 1372 1972 Maroll.
1404 1939 1452 1971 T.
1470 1938 1561 1971 Fab.
1584 1937 1672 1971 Dae.
1695 1936 1828 1980 Despr.
1855 1935 1964 1968 Talb.

1232 1994 1339 2027 Tart.
1355 1993 1474 2027 Bentl.
1500 2003 1601 2038 quem
1615 2004 1692 2037 seq.
1709 1995 1796 2025 cett.
1810 1994 1964 2026 recentt.

1232 2049 1348 2083 etiam.
1388 2048 1478 2083 Mss.
1507 2048 1612 2093 reliq.
1661 2047 1732 2081 Ed.
1758 2046 1874 2092 princ.
1904 2059 1963 2091 ap.

1233 2105 1357 2138 Comb.
1379 2108 1417 2138 et
1436 2103 1517 2138 edd.
1533 2108 1625 2138 vett.
1639 2103 1746 2148 reliq.
1763 2102 1869 2136 etiam
1882 2102 1965 2137 Ald.

1231 2159 1313 2194 501.
1338 2161 1396 2194 19.
1431 2161 1529 2195 Junt.
1554 2156 1636 2194 514.
1659 2159 1716 2194 19.
1754 2158 1855 2192 Glar.
1878 2158 1965 2202 Xyl.

1231 2216 1430 2260 Fabr.(sed
1439 2217 1569 2261 probat
1579 2221 1611 2249 et
1621 2214 1709 2258 iam)
1719 2213 1817 2248 Piso.
1827 2213 1965 2248 Biedm.

1230 2271 1344 2306 Pulm.
1362 2272 1471 2306 Torr.
1487 2273 1623 2306 Bersm.
1639 2269 1905 2304 Heins.Zurck.
1917 2270 1964 2304 al.

1229 2328 1327 2361 mult.
1357 2327 1428 2361 At
1418 2340 1455 2361 m
1469 2328 1601 2361 talibus
1616 2338 1660 2360 ne
1675 2325 1777 2359 libris
1791 2337 1874 2360 mss.
1889 2325 1967 2370 qui-

1231 2384 1309 2417 dem
1323 2383 1413 2417 fides
1427 2383 1589 2417 habenda
1605 2386 1672 2424 est,
1687 2381 1740 2415 ita
1752 2381 1894 2415 variant
1909 2383 1965 2424 16,

1231 2437 1287 2474 15.
1305 2443 1341 2472 et
1356 2450 1413 2484 ap.
1430 2440 1510 2473 Liv.
1528 2440 1561 2481 1,
1577 2434 1634 2480 47,
1651 2438 1685 2471 9.
1700 2435 1789 2482 ibiq.
1804 2437 1917 2471 Drak.
1929 2439 1967 2470 et

1229 2495 1340 2529 Bach.
1357 2495 1402 2527 ad
1417 2493 1696 2535 Tac.Ann.13‚
1722 2493 1777 2526 19.
1799 2492 1901 2526 etiam
1914 2504 1966 2526 se-

1229 2562 1290 2584 rus
1305 2549 1459 2584 conviva.
1506 2550 1610 2593 Conj.
1626 2548 1746 2582 Bentl.
1772 2566 1820 2573 —·
1843 2548 1888 2582 V.
1903 2548 1962 2582 76.

1229 2606 1325 2639 Rure
1333 2606 1542 2639 suburbano.
1570 2606 1657 2638 Var.
1669 2604 1752 2638 lect.
1765 2615 1823 2648 ap.
1832 2603 1964 2638 Zurck.

1227 2661 1299 2695 Ed.
1314 2661 1441 2696 Heius.
1456 2663 1557 2697 1612.
1575 2662 1663 2706 (non
1674 2659 1751 2704 29.)
1778 2659 1823 2694 R.
1836 2659 1964 2704 steph.

1228 2716 1310 2752 613.

1284 2772 1330 2806 V.
1347 2772 1407 2807 77.
1436 2772 1554 2816 Inpos.
1585 2771 1646 2805 Sic
1659 2782 1742 2805 mss.
1759 2769 1860 2814 Lips.
1878 2770 1912 2803 1.
1929 2769 1962 2804 2.

1229 2829 1335 2862 Dess.
1354 2829 1388 2862 1.
1435 2827 1616 2872 Impositis.
1654 2826 1750 2860 Edd.
1773 2826 1864 2859 ven.
1878 2821 1962 2860 479.

1231 2884 1288 2918 83.
1315 2884 1372 2918 86.
1403 2883 1462 2917 90.
1487 2883 1544 2918 92.
1571 2883 1629 2917 98.
1653 2883 1741 2925 (non
1755 2880 1833 2923 81.)
1860 2881 1961 2914 Flor.

1229 2937 1310 2976 482.
1336 2938 1436 2985 Lips.
1451 2935 1534 2974 492.
1556 2938 1670 2972 Colon
1683 2936 1763 2971 510.
1783 2935 1867 2970 Asc.
1881 2935 1962 2970 511.
