2028 3268
414 255 499 298 274

976 260 1362 298 HORATII
1896 264 1922 302 6

484 382 637 426 Gaude
673 384 783 439 quod
818 385 1012 440 spectant
1048 382 1158 425 oculi
1192 384 1236 425 te
1280 383 1394 426 mille
1427 383 1690 443 loquentem3

484 460 660 503 Gnavus
696 473 821 503 mane
855 459 993 503 sorum
1029 462 1072 502 et
1104 462 1369 518 vespertinus
1405 463 1504 518 pete
1538 464 1711 521 tectum,

1868 464 1925 504 20

483 539 554 580 Ne
588 539 683 595 plus
718 537 916 581 frumenti
953 537 1161 582 dotalibus
1197 541 1355 581 emetat
1397 540 1516 598 agris

483 615 628 658 Mutus
665 617 733 674 et,
776 616 1023 676 indignum,
1068 616 1178 674 quod
1212 618 1267 659 sit
1301 617 1513 674 pejoribus
1549 619 1683 676 ortus,

416 747 496 783 479.
514 751 570 784 81.
588 749 646 783 83.
669 750 725 783 86.
737 751 795 786 92.
817 750 918 795 Lips.
931 747 1012 787 492.
1038 751 1150 786 Loch.

415 803 496 838 498.
517 824 564 830 —
590 806 632 838 V.
647 805 702 839 19.
730 811 894 850 spectent.
914 807 1001 840 Mss.
1015 807 1150 840 Bersm.

415 861 498 893 duo.
545 861 642 894 Altd.
673 872 731 905 ap.
762 863 912 895 Haberf.
966 863 1032 896 Fe.
1062 861 1096 906 5,
1117 875 1148 896 e.

1196 755 1233 784 et
1251 750 1498 794 ineloquens.“
1538 750 1650 785 Pulm.
1672 763 1762 786 omn.
1790 751 1925 785 Bersm.

1196 810 1292 851 quat.
1325 806 1434 839 Torr.
1456 817 1545 839 omn.
1570 806 1650 851 (qui
1672 807 1725 841 ita
1740 807 1927 851 legendum

1196 867 1337 904 censet,
1363 862 1426 894 sed
1446 866 1485 894 ut
1504 861 1627 896 Mutus
1645 862 1694 896 sit
1712 874 1838 896 nomen
1854 862 1926 896 Ad-

415 918 449 958 6,
467 927 500 950 a.
531 916 570 959 (a
597 919 628 950 1.
653 919 717 960 m.)
746 918 781 960 9,
801 919 838 951 b.
879 929 955 952 var.
981 919 1063 951 lect.
1091 931 1149 963 ap.
1190 918 1300 963 ject.)
1322 917 1445 961 optim.
1467 929 1524 962 ap.
1539 917 1658 952 Bentl.
1674 919 1720 952 al.
1739 930 1797 964 ap.
1819 917 1929 951 Talb.

414 971 504 1005 Min.
542 973 646 1006 Dess.
669 975 701 1006 1.
730 973 850 1007 Berol.
873 977 904 1007 1.
941 974 1038 1008 Mon.
1059 975 1096 1008 b.
1117 986 1148 1007 c.

415 1027 491 1071 (hic
511 1038 615 1070 quum
640 1040 705 1072 pro
736 1030 844 1073 quod)
881 1048 929 1054 —
962 1030 1086 1075 populi
1105 1035 1149 1063 te.

416 1083 484 1116 Ms.
518 1083 631 1116 Orell.
666 1085 705 1117 S.
766 1104 813 1109 —-
874 1085 977 1118 Hunc
1010 1097 1150 1119 versum

414 1138 587 1172 Buherius
608 1144 703 1183 post.
726 1151 761 1173 V.
780 1139 836 1175 25.
858 1141 1021 1174 collocat.

471 1195 514 1227 V.
545 1197 601 1230 20.
637 1196 693 1229 21.
739 1196 894 1230 Gnavus.
937 1197 1027 1230 Mss.
1053 1202 1151 1240 quat.

414 1251 550 1284 Bersm.
597 1251 722 1284 Oberl.
750 1252 795 1285 D.
831 1252 954 1285 Jaeck.
988 1250 1022 1286 4.
1053 1251 1087 1286 5.
1117 1253 1151 1286 6.

415 1306 536 1340 Guelf.
567 1319 656 1340 omn.
689 1307 777 1351 (nisi
804 1308 898 1352 quod
926 1320 990 1342 ms.
1023 1310 1056 1343 2.
1099 1307 1153 1341 uti

415 1361 562 1396 Corbei.
575 1362 683 1396 habet
691 1364 847 1408 gnarus)
861 1364 965 1398 Dess.
977 1365 1009 1399 2.
1028 1364 1150 1398 Berol.

416 1421 448 1451 1.
470 1420 503 1453 2.
535 1418 637 1463 Lips.
657 1420 690 1454 2.
721 1419 820 1452 Mon.
849 1420 928 1453 fere
950 1431 1040 1454 omn.
1080 1420 1152 1452 Ru-

414 1474 523 1507 dolst.
553 1474 686 1508 Novus.
715 1475 825 1519 Cruq.
843 1487 910 1509 om.
939 1476 1151 1509 Bersm.un.

415 1530 472 1562 vel
493 1531 575 1563 duo.
611 1530 737 1563 Oberl.
767 1531 809 1563 C.
832 1531 954 1565 Jaeck.
974 1534 1005 1565 1.
1038 1531 1151 1564 Orell.

414 1586 500 1618 bSc.
518 1585 597 1630 (qui
611 1592 732 1619 servat
747 1586 827 1619 coll.
850 1587 926 1620 Cic.
951 1587 1056 1620 Orat.
1072 1583 1151 1630 47.)

414 1641 519 1675 Dess.
543 1643 575 1675 1.
605 1642 716 1675 Goth.
741 1642 845 1674 Gott.
868 1644 900 1675 1.
922 1644 954 1678 2.
990 1642 1092 1686 Lips.
1119 1644 1151 1675 1.

413 1696 448 1729 3.
493 1697 606 1730 Dorv.
637 1699 668 1730 1.
690 1699 722 1732 2.
775 1698 909 1730 Graev.
966 1698 1152 1740 Bentlejus

415 1751 474 1796 qui
496 1751 642 1796 scripsit
668 1764 734 1796 gn.
761 1751 798 1784 in
828 1753 922 1785 curis
952 1752 1152 1786 novissimis

415 1807 526 1840 scribi
549 1809 654 1851 jubet
682 1819 791 1840 navus
831 1808 912 1841 coll.
946 1808 1071 1841 Heius.
1107 1809 1153 1841 ad

415 1863 527 1896 Ovid.
561 1863 677 1896 Trist.
709 1862 742 1905 5,
767 1862 802 1905 3,
823 1863 882 1897 37.
913 1875 956 1896 ex
976 1865 1083 1898 Pont.
1119 1865 1151 1906 1,

417 1920 472 1961 10,
490 1920 545 1952 12.
605 1919 739 1952 Eadem
769 1919 971 1962 scripturae
996 1919 1153 1952 varietas

415 1986 473 2018 ap.
502 1974 612 2008 Ovid.
638 1975 674 2007 in
707 1973 825 2007 Trist.
854 1975 877 2007 l.
899 1975 944 2016 l.‚
982 1974 1043 2008 ubi
1071 1975 1154 2008 vide

414 2030 542 2062 Loers.
564 2036 601 2062 et
621 2034 742 2063 nostra
756 2034 925 2063 annotata
940 2030 983 2063 ad
1005 2034 1037 2072 1,
1050 2031 1082 2073 1,
1095 2027 1154 2066 24.

417 2085 571 2118 Gnavos.
599 2086 668 2119 Ed.
687 2086 839 2128 Cuning.
882 2106 928 2111 —
957 2089 1082 2129 sorum
1100 2098 1156 2119 ve-

414 2140 598 2185 spertinus.
625 2142 712 2175 Mss.
728 2143 863 2175 Bersm.
886 2152 944 2175 un.
975 2142 1096 2175 Jaeck.
1118 2138 1154 2175 4.

415 2195 450 2230 5.
485 2215 531 2220 —-
568 2202 706 2232 tectum.
750 2198 887 2231 Puncto
918 2197 1065 2241 disting.
1090 2209 1154 2230 ms.

417 2253 528 2286 Goth.
550 2257 588 2285 et
601 2252 652 2286 sic
669 2253 779 2286 scribi
799 2252 919 2286 maluit
935 2253 1155 2293 Schmidius3

416 2308 626 2341 sententiam
656 2309 739 2342 inde
770 2313 908 2343 enatam
948 2310 1156 2354 comprobat

416 2364 619 2398 Hocheder.
677 2365 780 2398 Hunc
811 2375 953 2398 versum
984 2368 1022 2398 et
1052 2376 1153 2409 seqq.

418 2431 527 2464 usque
547 2420 592 2453 ad
611 2430 645 2453 v.
658 2420 714 2454 23.
745 2420 920 2454 Buherius
941 2426 1024 2465 post
1034 2431 1069 2453 v.
1084 2421 1153 2462 18„

418 2475 478 2519 qui
499 2475 532 2509 ei
553 2480 609 2509 est
631 2487 663 2510 v,
680 2476 752 2519 37.,
782 2476 916 2520 posuit.
949 2494 997 2501 —
1027 2476 1072 2510 V.
1095 2477 1153 2510 21.

418 2532 490 2564 Nec
511 2533 604 2576 plus.
652 2532 741 2565 Mss.
772 2533 837 2565 Fe.
870 2534 901 2574 1,
925 2543 960 2575 p.
975 2532 1009 2574 5,
1039 2543 1070 2564 e.
1103 2550 1150 2556 —

418 2586 480 2620 Me
500 2606 546 2612 —
574 2587 740 2621 Mucius?
785 2587 854 2621 Ms.
878 2587 964 2620 Sim.
989 2588 1073 2621 Bos.
1095 2598 1154 2630 ap.

420 2643 562 2685 Lamb.,
595 2643 688 2687 quod
707 2642 768 2676 ille
788 2644 931 2687 probat.
992 2643 1157 2687 Quapro-

420 2702 500 2741 pter
522 2698 695 2732 Dacerius
715 2700 827 2732 verba
845 2699 897 2732 ita
912 2699 1028 2732 voluit
1049 2698 1158 2732 collo-

419 2759 519 2786 cata:
566 2755 694 2787 Num.:
729 2754 792 2788 Me
809 2756 888 2799 plus
913 2774 960 2779 —
994 2753 1158 2788 Mucius?

418 2809 527 2842 Hor.:
550 2809 751 2853 Indignum,
766 2830 812 2835 —
831 2816 939 2844 ortus.
958 2810 1022 2843 Hic
1034 2809 1157 2842 —illi?

472 2865 516 2897 V.
534 2865 589 2899 22.
619 2864 743 2899 Mutus
759 2872 803 2900 et.
834 2867 923 2900 Mss.
939 2866 1049 2910 Cruq.
1064 2876 1154 2898 omn.

419 2925 455 2953 et
475 2920 512 2953 in
535 2920 699 2953 Blandin.
723 2932 798 2954 cum
827 2922 899 2965 gh:
944 2921 1155 2966 „imperitus

1195 979 1232 1007 et
1255 974 1378 1008 Comb.
1425 973 1490 1007 Fe.
1523 974 1562 1016 1,
1583 985 1616 1007 a.
1638 985 1670 1007 c.
1691 975 1727 1008 d.
1747 974 1773 1008 i.
1793 985 1828 1018 q.
1849 985 1879 1007 s.
1900 977 1930 1006 t.

1196 1031 1236 1072 2,
1272 1040 1304 1062 a.
1326 1030 1362 1062 b.
1383 1040 1415 1062 c.
1437 1029 1472 1062 d.
1494 1039 1526 1061 e.
1547 1029 1574 1061 f.
1595 1041 1631 1074 g.
1652 1030 1687 1063 h.
1709 1029 1735 1063 i.
1782 1029 1824 1073 3,
1851 1040 1884 1062 c.
1903 1029 1930 1062 f.

1195 1084 1228 1127 5,
1244 1095 1278 1118 a.
1294 1085 1321 1118 f.
1341 1086 1375 1127 6,
1392 1096 1423 1118 a.
1443 1085 1478 1118 d.
1500 1085 1534 1126 7,
1551 1085 1588 1117 b.
1617 1085 1652 1128 9,
1665 1085 1700 1118 d.
1726 1085 1826 1119 Pott.
1839 1095 1930 1118 omn.

1196 1144 1342 1185 praeter
1356 1151 1415 1173 un.
1447 1140 1560 1173 Orell.
1577 1151 1667 1174 omn.
1697 1141 1816 1174 Guelf.
1838 1151 1929 1174 omn.

1198 1197 1309 1230 Goth.
1327 1198 1431 1229 Gott.
1454 1197 1531 1231 1.2.
1564 1195 1666 1241 Lips.
1690 1207 1780 1231 omn.
1818 1196 1930 1230 Dorv.

1199 1253 1232 1285 1.
1253 1253 1286 1286 2.
1330 1250 1477 1285 Corbei.
1507 1253 1642 1286 GraeV.
1675 1251 1840 1295 (Mittas,
1866 1250 1930 1284 sed

1198 1307 1362 1349 dubites,
1400 1318 1479 1340 num
1509 1307 1558 1340 sit
1580 1306 1722 1350 Mutus)
1753 1306 1874 1341 Berol.
1898 1308 1931 1340 1.

1198 1365 1232 1398 2.
1273 1363 1371 1396 Mon.
1392 1363 1429 1396 b.
1452 1374 1483 1395 c.
1505 1374 1524 1396 e
1543 1363 1571 1396 f.
1601 1362 1728 1396 Mutus
1746 1367 1798 1398 ut.
1841 1361 1931 1396 Mss.

1198 1419 1319 1452 Lamb.
1343 1420 1375 1461 1,
1396 1430 1506 1452 a—c.
1527 1417 1562 1452 3.
1583 1419 1617 1452 6.
1657 1417 1803 1451 Mutuis.
1841 1417 1933 1466 Cod.

1198 1475 1346 1508 Mentel.
1363 1479 1401 1507 et
1417 1485 1480 1508 ms,
1497 1473 1595 1507 Mon.
1618 1473 1630 1506 l
1656 1473 1740 1516 (sed
1757 1473 1770 1506 i
1789 1473 1933 1506 videtur

1199 1530 1319 1573 erasa)
1346 1530 1471 1564 Mutus
1499 1534 1533 1563 et
1561 1529 1656 1563 Edd.
1672 1529 1770 1562 Med.
1786 1525 1868 1563 476.
1897 1533 1934 1561 et

1198 1587 1288 1619 Ven.
1303 1582 1399 1627 478„
1429 1588 1524 1618 teste
1543 1585 1631 1627 Fea,
1659 1584 1750 1617 Ven.
1770 1581 1852 1617 479.
1873 1584 1932 1617 81.

1197 1642 1255 1676 83.
1277 1642 1334 1675 86.
1364 1641 1464 1674 Flor.
1485 1637 1567 1676 482.
1607 1639 1718 1673 Loch.
1741 1635 1824 1674 498.
1851 1638 1932 1672 Ald.

1196 1696 1278 1730 501.
1327 1695 1410 1730 Asc.
1447 1694 1529 1729 519.
1577 1694 1764 1728 revocavit
1800 1694 1934 1738 Bentl„

1198 1763 1299 1796 quem
1329 1762 1405 1795 seq.
1426 1750 1542 1795 plerq.
1561 1762 1635 1784 rec.
1676 1750 1816 1784 Mucius
1835 1750 1933 1793 (sive

1197 1806 1350 1849 Mutius,
1374 1806 1461 1840 illud
1480 1806 1635 1849 rectius,
1661 1805 1734 1839 vid.
1756 1806 1868 1839 Gesn.
1890 1805 1935 1839 ad

1198 1862 1318 1907 Epist.
1337 1864 1370 1904 2,
1392 1864 1425 1905 2,
1440 1862 1517 1905 89.)
1535 1862 1734 1906 indignum.
1771 1861 1842 1895 Ed.
1859 1866 1934 1895 vet.

1199 1929 1257 1962 ap.
1274 1917 1394 1951 Maitt.
1414 1914 1496 1951 474.
1533 1918 1631 1951 Junt.
1647 1913 1728 1951 514.
1749 1917 1805 1950 19.
1831 1916 1934 1961 LiPS.

1198 1970 1280 2006 498.
1321 1973 1401 2007 Ald.
1431 1973 1512 2006 519.
1553 1972 1654 2006 Glar.
1686 1970 1767 2006 536.
1811 1973 1935 2006 Lamh.

1200 2029 1334 2062 Muret.
1382 2029 1491 2072 Cruq.
1536 2027 1622 2071 Xyl.
1664 2027 1777 2061 Pulm.
1823 2028 1934 2062 Fabr.

1201 2083 1335 2117 Piscat.
1355 2085 1402 2118 H.
1416 2084 1543 2128 Steph.
1565 2084 1674 2117 Torr.
1695 2083 1832 2116 Bersm.
1850 2084 1935 2118 Bas.

1201 2138 1282 2173 531.
1298 2139 1355 2174 55.
1375 2141 1432 2174 80.
1462 2139 1507 2172 al.
1529 2150 1615 2184 quas
1631 2142 1825 2183 sequuntur
1840 2151 1860 2173 e
1878 2151 1936 2173 re-

1201 2195 1353 2229 centior.
1386 2195 1533 2229 Talbot.
1565 2195 1648 2229 Jon.
1664 2198 1702 2228 et
1720 2195 1844 2239 Camp.
1874 2195 1936 2229 Sic

1202 2251 1309 2284 etiam
1335 2251 1405 2295 alq.
1432 2251 1556 2285 Lamb.
1585 2261 1644 2284 un.
1673 2250 1733 2284 vel
1763 2251 1832 2284 duo
1852 2262 1934 2284 mss.

1200 2308 1336 2340 Bersm.
1359 2307 1466 2340 Talb.
1487 2318 1545 2340 un.
1569 2317 1632 2340 mS.
1654 2306 1753 2340 Mon.
1774 2317 1819 2339 m.
1842 2306 1936 2350 (cum

1200 2363 1270 2406 gh:
1299 2363 1461 2406 „Mucius
1481 2363 1550 2395 fuit
1565 2373 1700 2406 pauper
1717 2365 1755 2394 et
1772 2362 1859 2395 nihil
1875 2363 1935 2395 ha—

1199 2418 1294 2461 buit,
1326 2418 1396 2451 nisi
1424 2418 1518 2463 quod
1546 2428 1635 2450 uxor
1664 2416 1734 2450 sibi
1762 2417 1847 2451 dote
1874 2418 1936 2451 de-

1201 2474 1349 2516 derat“)
1382 2476 1419 2506 et
1449 2473 1541 2506 haud
1568 2473 1642 2506 scio
1671 2484 1715 2506 an
1733 2483 1797 2506 ms.
1835 2473 1934 2507 Pott.

1203 2527 1258 2562 15.
1279 2528 1459 2572 (mutius)
1489 2520 1625 2562 Mutius
1643 2533 1687 2562 et.
1715 2528 1786 2562 Ms.
1802 2529 1936 2563 Rudol-

1202 2585 1293 2618 stad.
1337 2584 1422 2628 [qui
1453 2584 1545 2617 liber
1586 2585 1795 2618 chartaceus
1831 2584 1935 2618 initio

1203 2652 1295 2673 saec.
1316 2639 1415 2672 XVI.
1446 2640 1600 2684 scriptus
1623 2639 1825 2684 nuperrime
1857 2640 1936 2673 dili-
2003 2668 2012 2678 ,

1202 2695 1326 2740 gentia
1345 2695 1445 2728 Hessi
1460 2695 1528 2729 mei
1546 2695 1583 2728 in
1603 2695 1714 2730 lucem
1733 2699 1936 2740 protractus

1203 2755 1259 2785 est
1281 2770 1327 2775 —
1353 2751 1481 2784 nullius
1507 2753 1582 2785 fere
1602 2751 1713 2796 pretii
1740 2770 1787 2776 —-
1819 2751 1935 2796 suspi-

1202 2819 1263 2841 cor
1283 2807 1385 2850 enim,
1413 2818 1489 2840 eum
1506 2819 1550 2841 ex
1571 2807 1628 2840 ed.
1648 2811 1722 2841 vet.
1738 2806 1855 2851 aliqua
1874 2807 1935 2840 de-

1202 2863 1372 2908 scriptum
1393 2863 1499 2907 esse.]
1532 2863 1600 2896 Ed.
1618 2862 1732 2907 princ.
1747 2873 1806 2907 ap.
1822 2863 1933 2895 Gesn.

1201 2919 1302 2964 Lips.
1322 2915 1402 2955 492.
1434 2918 1568 2952 Sandb.
1597 2918 1760 2952 Moschus
1779 2922 1812 2952 et
1827 2917 1935 2962 (ind.)
