2028 3268
282 214 361 256 142
391 218 751 256 COMMENTARII
780 217 833 253 IN
862 216 1078 252 HORATII
1104 217 1272 255 EPIST.
1296 217 1504 258 SECUND.
1534 222 1630 261 LlB.
1651 224 1681 259 1.
1737 223 1792 264 36

281 335 313 364 ει
348 327 503 364 uberius
537 334 671 364 contra
708 340 839 364 omnes
877 325 1167 364 mendaciorum
1197 334 1319 365 sectas
1347 332 1509 380 proprio
1540 339 1793 384 separatoque

280 408 389 444 opere
411 393 697 444 pugnabimus.
729 394 788 431 Cf.
817 395 951 430 ArntZ.
985 392 1035 430 ad
1063 394 1199 431 Caton.
1224 394 1389 432 Distich.
1407 397 1443 446 1,
1467 400 1534 439 20.
1559 413 1598 450 p.
1619 399 1684 440 57.
1739 401 1794 437 Ut

279 463 483 508 Horatius,
513 461 566 496 ita
593 460 819 496 Lactantius
845 458 893 496 de
917 461 1020 510 Opif.
1041 461 1115 497 Dei
1132 461 1200 500 20.
1221 463 1355 499 vocab.
1386 464 1523 501 melius
1541 467 1704 516 opponit
1721 478 1794 504 vo-

280 528 419 565 cabulo
442 526 666 564 obscurius:
696 526 813 562 Haec
829 526 888 563 ad
904 533 939 563 te
955 548 1010 554 ——-
1023 529 1167 577 paucis
1185 535 1222 564 et
1237 528 1438 566 obscurius
1446 531 1643 580 sbrtasse,
1673 547 1794 584 quam

280 595 407 631 decuit
423 622 433 637 ,
458 607 532 643 pro
551 607 682 630 rerum
701 606 751 630 ac
767 594 948 643 temporis
965 596 1189 631 necessitate
1199 597 1411 645 peroravi,
1438 597 1578 647 quibus
1594 607 1795 637 contentus

281 673 358 695 esse
384 660 564 704 debebis,
590 660 715 710 plura
734 666 769 696 et
792 659 954 696 meliora
974 661 1172 707 lecturus,
1201 663 1237 699 si
1263 669 1337 700 etc.
1356 685 1412 690 —
1447 664 1674 716 Chrysippo.
1733 667 1793 704 De

279 726 370 763 Chr.
392 727 558 775 Solensi,
584 728 760 778 principe
777 726 931 764 Stoicae
952 726 1228 779 philosophiae
1250 727 1368 780 (Gell.
1390 732 1428 778 6,
1446 729 1503 781 2.)
1523 739 1561 768 et
1578 734 1794 770 multorum

278 795 467 830 librorum
489 794 676 844 scriptore
692 792 772 830 vid.
789 794 906 844 Diog.
928 795 1057 830 Laert.
1078 796 1117 842 7,
1139 795 1218 835 183
1236 809 1309 844 ss.‚
1341 797 1399 833 Cf.
1423 799 1542 848 Krug.
1560 798 1794 837 Geschichte

279 860 348 896 der
369 859 626 912 Philosophie
651 862 750 898 alter
767 861 856 897 Zeit
876 857 911 911 ᾗ.
932 858 1037 909 143.,
1065 860 1264 898 Marbach.
1283 862 1424 901 Lehrb.
1442 867 1474 902 Ι.
1494 879 1534 916 Ρ.
1553 867 1648 906 290.
1677 867 1793 904 Orell.

278 929 476 966 Onomast.
502 929 612 965 Tull.
633 941 672 978 p.
700 925 790 967 144.
814 940 899 979 sqq.
931 934 969 963 et
991 940 1088 978 quos
1112 928 1248 966 laudat
1268 943 1308 980 Ρ.
1330 929 1422 972 146.
1441 954 1496 960 —
1524 934 1582 969 De
1610 933 1799 985 Crantore

276 994 453 1043 Solensi‚
481 996 711 1032 Xenocratis
743 994 935 1045 discipulo
961 1002 999 1031 et
1018 996 1194 1033 Platonis
1218 996 1394 1035 auditore
1419 998 1498 1036 vid.
1525 1001 1639 1049 Diog.
1665 1001 1792 1037 Laert.

277 1060 313 1108 4,
341 1060 394 1101 24
413 1075 479 1110 ss.‚
509 1063 617 1112 Krug
637 1063 665 1099 l.
688 1062 716 1098 l.
736 1058 771 1113 §.
791 1063 857 1102 82.
879 1068 962 1099 not.
985 1075 1023 1112 g.
1049 1068 1088 1098 et
1109 1064 1227 1100 Orell.
1247 1065 1446 1102 Onomast.
1466 1080 1506 1116 Ρ.
1524 1067 1621 1106 201.

386 1130 432 1166 V.
466 1127 506 1169 5.
549 1129 630 1165 Cur
654 1130 712 1165 ita
732 1149 783 1155 —-·
805 1128 915 1164 audi.
977 1128 1124 1175 Quodsi
1146 1143 1222 1167 van
1250 1131 1440 1168 Staveren
1471 1139 1574 1170 recte
1602 1133 1794 1181 observat,

282 1195 480 1240 „detinere
500 1194 674 1232 indicare
699 1196 874 1247 aliquem
891 1196 1047 1246 longius
1064 1197 1179 1235 solito
1201 1203 1332 1234 tenere
1350 1198 1455 1249 apud
1473 1212 1536 1247 se,
1566 1198 1637 1237 sed
1656 1201 1796 1238 volen-

278 1270 357 1299 tem
376 1269 413 1299 et
434 1262 628 1301 illecebris
649 1261 895 1311 demulsu1n3
925 1263 1102 1300 distineri
1128 1263 1206 1302 dici
1226 1278 1312 1313 eos,
1344 1267 1412 1317 qui
1434 1267 1666 1318 plerumque
1681 1268 1796 1304 inviti

278 1331 318 1365 in
352 1343 392 1365 re
419 1327 592 1381 quadam
617 1331 727 1379 gravi
753 1330 934 1380 occupati
961 1331 1059 1367 sint:
1087 1331 1197 1381 prius
1228 1332 1312 1368 sine
1343 1331 1463 1370 dubio
1498 1334 1584 1370 vult
1603 1335 1796 1379 ‚Horatius

278 1396 397 1447 idque
424 1410 494 1447 per
516 1395 716 1447 quandam
737 1397 905 1433 ironiam
928 1397 1015 1445 vel,
1046 1404 1091 1434 ut
1110 1399 1237 1449 Epist.
1264 1399 1303 1446 5,
1324 1399 1404 1447 28„
1433 1397 1551 1436 hilari
1577 1401 1722 1449 animo,
1752 1407 1798 1438 ut

278 1476 416 1500 seusus
441 1464 514 1500 sit:
546 1463 678 1514 accipe
704 1476 812 1500 nunc
841 1464 996 1501 consilii
1021 1465 1103 1501 mei
1129 1466 1341 1514 rationem,
1370 1467 1449 1503 nisi
1474 1459 1664 1517 negotiis,
1695 1479 1795 1518 quae
1835 1483 1839 1485 Δ

277 1531 404 1580 magis
437 1530 507 1566 tibi
531 1531 689 1580 placent
707 1531 856 1582 tibique
875 1531 1005 1580 priora
1033 1538 1146 1579 sunt,
1175 1530 1388 1582 impeditus
1411 1546 1464 1570 es.
1523 1534 1647 1574 Aliter
1663 1534 1796 1584 Virgi-

278 1599 354 1634 lius
377 1596 466 1647 (Ge.
489 1597 524 1643 1,
548 1595 671 1644 176):
702 1598 870 1633 Possum
888 1596 1015 1633 multa
1041 1597 1114 1634 tibi
1129 1605 1299 1634 veterum
1312 1607 1523 1649 praecepta
1542 1600 1684 1651 referre
1691 1628 1709 1646 ,
1737 1601 1800 1637 Nc·

278 1662 429 1713 rcsugis
459 1662 661 1712 tenuis-que
693 1663 806 1712 piget
836 1677 1062 1713 cognoscere
1093 1678 1221 1701 curas.
1282 1665 1346 1702 Ad
1377 1666 1700 1705 consuetudinem
1733 1667 1797 1705 lo-

281 1728 428 1781 quendi
458 1727 554 1765 haec
581 1729 754 1765 faciunt:
785 1730 866 1766 Cic.
893 1731 1019 1780 Epist.
1047 1729 1097 1767 ad
1123 1732 1241 1767 Attic.
1267 1729 1306 1779 4,
1331 1731 1396 1772 15.
1421 1746 1576 1778 vereor,
1604 1747 1652 1770 ne
1671 1734 1798 1784 lepore

281 1804 315 1833 te
341 1811 411 1833 suo
440 1797 610 1833 detineat
628 1796 778 1833 diutius
795 1795 925 1832 rhetor
949 1796 1118 1835 Clodius.
1148 1798 1255 1834 Curt.
1278 1797 1316 1846 5,
1339 1797 1378 1847 5,
1398 1800 1466 1840 20.
1516 1800 1564 1838 Sc·
1586 1815 1682 1852 quos
1702 1815 1796 1839 con-

281 1863 447 1901 tubernii
463 1876 575 1900 amor
589 1862 785 1899 detineret.
845 1863 936 1900 Alia
954 1863 1033 1902 vid.
1057 1877 1119 1914 ap.
1143 1863 1320 1902 Schmid.

389 1931 435 1968 V.
461 1931 500 1970 6.
538 1927 695 1966 Fabula
716 1950 767 1956 —
789 1942 972 1968 amorem.
1010 1930 1227 1968 Narratur.
1276 1929 1411 1969 Schol.
1439 1932 1578 1984 Cruq.:
1609 1935 1684 1982 „ab
1712 1936 1798 1973 Ho-

279 1999 432 2034 mero.“
488 1997 541 2032 At
570 1996 686 2032 facile
715 1994 967 2044 crediderim,
1004 1999 1231 2046 Horatium,
1272 2011 1396 2050 quum
1424 2001 1586 2039 Passivo
1612 2008 1798 2050 uteretur,

281 2062 383 2099 hanc
401 2063 667 2099 narrationem
690 2063 732 2098 in
755 2075 967 2100 numerum
993 2064 1217 2102 fabularum
1236 2067 1482 2116 'poeticarum
1507 2069 1707 2117 retulisse,
1735 2069 1800 2107 vel

283 2131 402 2166 etiam
434 2130 531 2166 alios
563 2130 782 2180 respexisse
804 2130 1031 2180 scriptores,
1061 2133 1130 2183 qui
1159 2133 1311 2170 bellum
1339 2134 1557 2183 Trojanum
1585 2136 1700 2173 altius
1734 2149 1799 2172 re-

281 2202 459 2247 petentes
499 2208 558 2232 res
589 2203 679 2232 ante
716 2195 886 2234 Iliadem
910 2198 1161 2234 Homericam
1190 2206 1319 2249 gestas
1353 2200 1480 2238 fusius
1513 2208 1799 2250 enarraverant,

284 2262 391 2315 quod
412 2263 564 2314 Cypriis
587 2263 825 2300 carminibus
840 2263 990 2300 factmn
1012 2277 1096 2301 esse
1110 2267 1274 2314 -scimus,
1292 2267 1335 2303 in
1356 2267 1497 2318 quibus
1516 2269 1648 2306 Venus
1666 2267 1799 2305 Paridi

282 2332 475 2368 Helenam
498 2330 725 2381 promisisse
757 2337 874 2382 atque
905 2330 954 2367 ob
988 2342 1075 2368 eam
1104 2345 1187 2368 rem
1210 2333 1337 2382 prima
1367 2334 1462 2370 belli
1486 2335 1650 2384 Trojani
1683 2347 1800 2373 causa

285 2399 481 2435 exstitisse
502 2396 659 2435 dicitur.
715 2397 804 2437 Vid.
831 2396 880 2434 de
898 2396 961 2435 his
983 2399 1219 2435 carminibus
1246 2400 1374 2450 Heyn.
1397 2401 1561 2438 Excurs.
1582 2403 1612 2438 1.
1634 2400 1686 2439 ad
1701 2404 1800 2440 Aen.

284 2468 333 2502 ΙΙ.
362 2480 400 2516 p.
428 2466 524 2505 390.
544 2463 604 2502 ed.
633 2465 723 2502 Wr.
744 2463 935 2503 Welcker
953 2466 981 2502 1.
1001 2466 1029 2502 l.
1047 2479 1087 2516 p.
1107 2464 1174 2504 31.
1203 2477 1289 2516 sqq.
1347 2465 1527 2504 Eandem
1561 2481 1665 2517 rem,
1693 2477 1738 2506 ut
1759 2467 1800 2507 h.

285 2532 326 2578 l.,
354 2533 479 2582 tangit
503 2533 598 2570 Hor.
623 2530 704 2568 Sat.
735 2531 772 2579 1,
796 2531 836 2579 3,
867 2531 958 2571 107.
988 2531 1038 2570 cf.
1067 2529 1225 2568 Mitsch.
1252 2530 1303 2568 ad
1333 2531 1404 2570 Od.
1438 2535 1474 2582 1,
1511 2533 1576 2583 15,
1605 2536 1629 2575 1
1648 2549 1722 2587 sq.,
1752 2535 1804 2572 ad

287 2597 358 2635 Od.
379 2598 418 2645 3,
442 2598 481 2646 3,
507 2599 557 2638 19
578 2611 636 2650 sq.
663 2595 702 2645 4,
735 2597 774 2645 9,
802 2598 854 2637 13
873 2610 959 2649 sqq.
1015 2600 1062 2635 In
1079 2599 1252 2649 Epitom.
1270 2599 1382 2637 Iliad.
1400 2602 1515 2637 Hom.
1534 2601 1630 2642 233.
1659 2603 1742 2654 (lv.
1761 2616 1800 2653 p.

282 2662 380 2704 646.
397 2664 586 2702 Wernsd.
609 2667 653 2702 P.
678 2665 766 2701 Lat.
785 2661 859 2717 M.)
884 2663 1026 2703 dieitur
1044 2664 1157 2701 Belli
1172 2679 1294 2702 causa
1310 2668 1455 2712 Paris,
1469 2669 1628 2717 patriae
1634 2669 1803 2720 funesta

289 2732 420 2767 ruina.
445 2753 493 2758 ——
524 2725 725 2768 Plutarch.
754 2732 908 2781 conjug.
941 2738 1136 2782 praecept.
1167 2733 1231 2770 VI.
1263 2746 1303 2783 p.
1331 2733 1426 2773 532.
1448 2755 1502 2762 —-
1531 2733 1555 2774 ὁ
1578 2730 1613 2774 δ’
1640 2733 1803 2774 ἐκείνων

290 2796 460 2848 (Paridis
506 2804 544 2834 et
583 2798 776 2850 Helenae)
817 2793 942 2850 γάμος
971 2793 1116 2838 Ἰλιάδα
1144 2801 1276 2838 κακῶν
1293 2795 1458 2851 ’ἾΕλλησι
1487 2799 1556 2840 καὶ
1587 2799 1804 2853 βαρβάροις

291 2863 489 2916 ἐποίησεν.
545 2864 656 2901 Idem
682 2865 730 2902 de
757 2866 930 2902 Fortuna
953 2866 1018 2903 VI.
1042 2879 1082 2916 p.
1101 2866 1195 2906 368.
1220 2867 1262 2904 R.
1297 2865 1322 2907 ὅ
1341 2864 1383 2906 δὲ
1406 2863 1616 2922 Πριάμου,
1644 2866 1804 2919 δαίμονι
