2054 3268
357 231 414 272 24
497 233 863 272 COMMENTARII
890 233 943 268 IN
972 229 1189 268 HORATII
1218 228 1388 267 EPIST.
1417 230 1558 267 PRIM.
1587 231 1687 267 LIB.
1709 230 1742 269 Ι.

358 346 412 382 At
431 349 613 395 reputent
631 344 691 380 illi
710 355 857 389 secum,
876 342 1004 391 ipsam
1021 343 1187 390 poeseos
1208 346 1391 377 naturam
1412 351 1494 376 non
1512 340 1685 377 multum
1703 338 1877 377 dissimi-

359 411 439 447 lem
459 423 543 447 esse
561 410 694 447 Protei
718 408 825 444 illius
855 407 1032 457 ambigui
1050 408 1264 458 vultusque
1283 418 1440 455 semper
1458 406 1659 443 mutantis.
1715 407 1878 457 Episto-

359 477 421 513 lae
450 478 575 524 enim,
608 475 743 526 quales
769 473 924 522 scripsit
949 474 1156 520 Horatius,
1188 473 1235 508 ab
1255 472 1404 508 intimis
1425 472 1547 508 animi
1572 472 1752 510 sensibus
1781 484 1877 522 pro-

359 541 484 578 fectae
503 556 573 592 pro
604 554 675 578 sua
696 541 872 590 ipsarum
895 543 1037 574 natura
1064 539 1179 590 lyrici
1202 544 1294 574 sunt
1325 538 1480 588 generis
1519 544 1558 575 et
1588 539 1671 588 ejus
1701 536 1875 589 quidem,

360 606 468 657 quod
490 619 654 644 numero
682 603 881 655 modoque
914 605 1015 654 epici
1037 610 1301 655 temperatum
1325 610 1457 654 gratae
1488 605 1752 655 negligentiae
1780 602 1878 655 quid

359 670 498 720 habet,
527 674 582 709 ita
604 680 647 709 ut
668 671 744 708 hoc
765 670 1034 721 Epistolarum
1058 683 1183 721 genus
1210 669 1389 707 medium
1410 670 1523 722 quasi
1552 671 1656 708 inter
1677 674 1821 722 poema
1837 675 1878 706 et

359 738 576 774 orationem
598 734 633 789 *)
654 744 788 774 tenere
812 737 1005 775 videatur.
1070 737 1183 784 Quod
1197 738 1320 775 Poeta
1337 734 1392 785 **)
1428 737 1684 787 epistolarum
1709 737 1878 787 sumpsit

359 802 547 852 sormam,
579 802 672 840 iude
698 803 846 840 factum
872 803 1120 851 existimem,
1148 810 1194 840 ut
1214 810 1252 841 et
1275 803 1433 841 liberior
1454 809 1556 840 esset
1575 815 1667 840 cum
1685 804 1820 840 amicis
1839 808 1878 840 et

358 871 536 919 personis
566 871 649 907 sive
674 870 776 906 veris
801 870 883 906 sive
909 869 1008 906 fictis
1037 869 1326 908 sermocinandi
1354 870 1451 907 ratio
1479 875 1518 906 et
1551 859 1746 907 astrictior
1772 870 1877 906 vitae

360 938 562 973 communi
591 938 796 986 utriusque
822 935 850 973 i.
866 947 901 970 e.
933 936 1024 971 usui
1047 942 1134 973 tum
1167 937 1393 984 scribentis,
1431 941 1518 972 tum
1549 936 1652 985 ejus,
1680 934 1732 972 ad
1757 947 1879 986 quem

359 1001 612 1050 scriberetur,
650 998 993 1038 accmmnodatior.
1049 1003 1134 1048 Qua
1155 1004 1317 1056 quidem
1341 1017 1382 1041 re
1399 1001 1588 1050 efficitur,
1620 1008 1666 1039 ut
1683 1015 1765 1039 non
1785 1014 1878 1039 um-

358 1067 472 1103 bram
493 1080 697 1106 cernamus
717 1068 784 1104 vel
813 1078 1070 1117 personarum
1102 1071 1169 1107 vel
1199 1083 1333 1108 rerum
1357 1076 1396 1107 et
1413 1069 1652 1119 imaginem,
1682 1067 1754 1105 sed
1780 1069 1878 1107 soli-

360 1132 453 1170 dam
480 1147 615 1172 earum
643 1139 684 1170 et
718 1144 947 1184 expressam
972 1137 1177 1174 teneamus
1206 1135 1401 1188 effigiem,
1430 1147 1531 1187 quae
1551 1135 1600 1173 ob
1631 1147 1789 1172 morum
1808 1148 1879 1173 eo—

360 1211 527 1250 rumque
547 1213 664 1250 saepe
687 1198 930 1236 diversorum
949 1203 988 1235 et
1008 1198 1262 1238 dissimilium
1274 1203 1518 1240 notationem
1534 1208 1652 1253 atque
1665 1200 1758 1238 inde
1781 1215 1878 1238 ena-

359 1272 441 1302 tam
461 1267 712 1315 asperitatem
732 1277 868 1302 omnes
889 1265 1069 1303 omnium
1093 1266 1270 1304 eblandit
1291 1280 1444 1306 sensus.
1501 1269 1548 1304 In
1574 1267 1792 1318 eademque
1813 1269 1879 1304 iu-

359 1332 457 1368 tima
476 1331 645 1368 duarum
668 1343 927 1381 personarum
947 1335 1224 1384 complexione
1247 1335 1419 1371 cernitur
1449 1334 1592 1382 etiam,
1619 1339 1664 1371 ut
1694 1334 1772 1370 alia
1797 1347 1880 1372 non

362 1409 669 1435 cmmnemorem
684 1426 694 1444 ,
719 1397 822 1434 illud
835 1427 844 1445 ,
877 1397 984 1449 quod
1003 1399 1106 1437 inter
1125 1401 1272 1439 Satiras
1301 1407 1419 1452 atque
1436 1401 1634 1451 Epistolas
1660 1399 1879 1449 intercedit,

360 1477 442 1501 11011
474 1465 561 1501 leve
596 1463 808 1500 discrimen
827 1493 837 1512 ,
893 1463 942 1500 de
975 1476 1054 1516 quo
1086 1466 1276 1504 dixerunt
1306 1466 1516 1504 Eichstad.
1559 1465 1611 1503 ad
1638 1467 1741 1504 Astii
1776 1468 1880 1504 Plat.

360 1529 529 1568 Phaedr.
546 1543 584 1580 p.
600 1529 700 1576 168,
719 1530 940 1580 Morgenst.
963 1529 1012 1567 de
1033 1533 1116 1570 Sat.
1135 1539 1253 1585 atque
1271 1534 1398 1584 Epist.
1415 1535 1510 1571 Hor.
1531 1531 1646 1570 discr.
1665 1546 1705 1584 p.
1720 1532 1771 1572 10
1780 1545 1880 1585 sqq.,

361 1597 569 1636 Kirclmer.
598 1596 640 1632 in
659 1593 765 1632 Edit.
791 1597 896 1634 Satir
913 1609 954 1646 p.
976 1597 1081 1646 V11.‚
1113 1598 1157 1635 C'.
1189 1602 1355 1638 Passov.
1381 1601 1424 1636 iu
1450 1599 1614 1647 „Leben
1632 1613 1673 1637 u.
1692 1601 1882 1637 Zeitalter

364 1663 432 1701 des
450 1665 585 1710 Hor.“,
603 1662 755 1699 dissert.
787 1663 975 1713 Epistolis
994 1665 1089 1702 Hor.
1108 1667 1307 1703 translatis
1328 1666 1541 1717 praemissa
1555 1679 1596 1716 p.
1614 1668 1771 1704 LXVII.
1795 1673 1880 1704 not.

365 1731 446 1770 178
473 1736 512 1766 et
531 1728 634 1776 282,
659 1729 773 1782 aliter
791 1729 1050 1768 sentientibus
1071 1733 1111 1769 J.
1137 1733 1180 1770 C.
1208 1732 1411 1783 Scaligero
1429 1733 1471 1768 in
1485 1734 1634 1770 Poetic.
1658 1734 1773 1783 V1.p.
1785 1733 1880 1781 808,

364 1795 419 1832 Is.
453 1794 683 1832 Casaubono
705 1795 754 1832 de
772 1797 938 1833 Roman.
961 1796 1078 1834 Satir.
1101 1799 1151 1847 2,
1185 1799 1225 1838 3.
1250 1813 1289 1851 p.
1309 1801 1390 1840 227
1405 1827 1415 1847 ,
1441 1799 1612 1836 Παεενίο
1634 1800 1678 1836 in
1705 1798 1767 1836 ed.
1785 1801 1882 1836 Hor.

363 1861 530 1898 Amstel.
550 1861 671 1902 1735.
693 1864 758 1901 VI.
776 1860 909 1912 p.325
923 1891 933 1910 ,
954 1863 1022 1900 Η.
1045 1863 1162 1902 Aetio
1181 1865 1230 1903 de
1249 1867 1352 1903 Plat.
1374 1863 1543 1903 Phaedr.
1563 1865 1682 1916 p.31.
1705 1871 1744 1902 et
1767 1865 1883 1903 nfei-

365 1926 492 1963 clzerlo
509 1929 551 1964 iu
572 1929 726 1966 Prolus.
747 1929 784 1968 1.
803 1927 852 1965 de
873 1930 967 1966 Hor.
987 1930 1115 1980 Epist.
1136 1945 1177 1982 p.
1195 1930 1236 1973 4.
1293 1931 1408 1978 Quod
1428 1945 1657 1984 quanquam
1679 1931 1883 1981 Epistola-

365 2005 453 2028 rum
471 2005 594 2042 genus
606 2025 616 2043 ,
641 2001 687 2032 ut
706 2001 886 2032 veterum
905 1996 1065 2033 omnino
1082 1999 1212 2047 poesis
1225 2027 1235 2046 ,
1254 2000 1416 2050 propius
1436 1999 1546 2036 abest
1564 2011 1587 2036 a
1601 1999 1682 2036 vita
1700 2011 1884 2037 commu-

365 2060 408 2095 ni
427 2056 501 2111 ***)
522 2062 569 2098 ab
590 2074 714 2113 eaque
738 2063 866 2112 magis
887 2061 1167 2113 proficiscitur,
1185 2078 1306 2117 quam
1321 2071 1544 2102 nostrorum
1561 2069 1768 2116 poetarum
1796 2072 1883 2103 stu-

368 2123 431 2160 dia
456 2128 629 2175 poetica,
659 2128 744 2165 sola
769 2141 886 2179 saepe
912 2129 1034 2164 animi
1061 2130 1276 2180 agitatione
1299 2132 1465 2182 agitata,
1497 2139 1634 2170 cautus
1659 2139 1794 2169 tamen
1817 2132 1883 2168 in-

458 2333 493 2378 *)
525 2336 577 2369 De
592 2334 778 2368 Horatiani
804 2335 992 2369 hexametri
1017 2340 1052 2369 et
1074 2337 1110 2370 in
1127 2335 1253 2371 Satiris
1277 2340 1312 2371 et
1334 2338 1371 2373 in
1386 2338 1558 2385 Epistolis
1582 2337 1747 2372 solutiore
1771 2337 1882 2382 negli-

370 2389 486 2432 gentia
512 2391 644 2424 erudite
670 2390 849 2435 disputant
870 2392 1078 2427 Isia-elmerus
1103 2394 1140 2428 in
1166 2394 1293 2428 Horat.
1319 2395 1426 2430 Satir.
1452 2399 1519 2428 etc.
1551 2406 1588 2440 p.
1605 2392 1731 2427 XXXI
1744 2404 1823 2438 sqq.
1849 2397 1886 2428 et

371 2445 618 2487 Morgenstern.
637 2445 679 2479 de
696 2447 835 2481 Satirae
850 2454 885 2481 et
899 2448 1017 2493 Epist.
1033 2449 1158 2483 Horat.
1175 2449 1370 2485 discrimine
1393 2463 1430 2496 p.
1445 2451 1490 2484 29
1505 2460 1582 2494 sqq.
1630 2447 1690 2482 Cf.
1708 2449 1752 2482 D.
1773 2448 1886 2483 Hein-

372 2499 441 2533 sius
456 2499 498 2532 de
514 2502 628 2535 Satira
651 2503 776 2536 Horat.
792 2515 829 2549 p.
846 2505 881 2539 7.
898 2505 954 2538 ed.
972 2505 1072 2540 1612.
1128 2506 1318 2540 Hermann.
1335 2506 1504 2539 Element.
1520 2505 1632 2539 doctr.
1648 2509 1748 2539 metr.
1765 2517 1802 2551 p.
1818 2505 1887 2540 353

373 2565 451 2643 ΞΝ.
479 2555 636 2643 ΙΙῆΡίῐοῐη.
660 2571 695 2604 p.
716 2559 793 2593 130.
841 2559 1068 2595 [sin-chuerum
1089 2561 1246 2605 sequitur
1260 2562 1426 2606 Pinzger.
1449 2560 1486 2595 in
1510 2561 1760 2605 „Versmaasse
1783 2561 1819 2596 d.
1837 2561 1885 2602 Q.

410 2621 460 2644 or.
499 2611 510 2623 ¹
527 2636 536 2645 .
558 2624 594 2657 p.
611 2614 654 2646 21
670 2625 749 2657 sqq.

464 2686 519 2732 **)
551 2690 622 2728 Qui
637 2697 715 2726 ante
730 2693 912 2728 Horatium
933 2692 1136 2740 scripserint
1157 2691 1322 2739 epistolas
1345 2691 1520 2738 poeticas,
1545 2693 1677 2728 indicat
1693 2692 1889 2728 Torrerttz'nae

376 2757 414 2789 p.
431 2744 509 2778 620.
529 2746 584 2779 ed.
605 2748 704 2782 1608.

466 2821 540 2867 ***)
564 2823 655 2857 Idem
672 2824 715 2857 de
730 2826 887 2860 versibus
904 2826 1147 2873 componendis
1162 2825 1290 2862 nostris
1301 2825 1418 2872 poetis
1433 2826 1613 2872 praecepit
1626 2836 1774 2861 summus
1788 2837 1809 2860 e
1823 2837 1887 2861 no-

378 2878 543 2913 stratibus
559 2879 662 2923 poeta
672 2905 682 2922 ,
701 2881 876 2916 Goethius.
908 2883 990 2917 Vid.
1008 2882 1236 2918 Eckermanni
1252 2882 1463 2927 Gespraeche
1477 2883 1541 2918 mit
1560 2883 1671 2918 thhe
1684 2883 1716 2917 Ι.
1731 2893 1770 2928 p.
1785 2881 1843 2917 54.
