2028 3268
11 1797 46 2090 ...ηέᾲωῑ-αφοι-»ψκε
22 1607 28 1614 ‹-
7 1568 33 1587 ·.

149 279 205 321 73
261 279 646 321 COMMENTARII
671 282 731 322 IN
753 280 986 323 HORATII
1018 282 1119 324 ΠΒ.
1137 284 1166 324 Ι.
1197 283 1364 326 EPIST.
1382 286 1570 334 QUlNT.
1613 285 1698 328 263

147 405 198 444 ad
214 404 312 444 hanc
337 406 640 458 procurationem
670 408 826 446 vocor-‘⁶
883 407 1125 448 Dissentiunt
1151 411 1314 463 denique
1327 439 1339 460 ,
1369 415 1497 451 utrum
1526 414 1699 464 imperor

146 473 198 511 sit
227 473 396 525 „impero
425 474 514 512 mihi
524 475 565 524 ‚“
594 488 643 514 an
671 475 910 528 „imperatur
936 477 1028 515 mihi
1051 477 1158 528 quasi
1196 478 1244 517 ab
1279 479 1396 518 alio-‘⁶
1453 480 1539 520 Vid.
1568 481 1696 522 schm.

146 544 186 579 et
213 540 332 581 Orell.
390 542 492 581 Hinc
520 543 705 582 Scheller:
745 543 879 594 „Dies
915 545 1014 583 noch
1046 545 1097 583 ist
1121 546 1191 584 mir
1227 559 1295 584 zur
1322 547 1445 600 Sorge
1472 549 1696 600 befohlen“‚

145 611 278 647 contra
305 609 352 647 C.
368 608 544 653 Passov.:
580 611 702 663 „Dies
729 626 778 651 zu
805 613 1007 651 verwalten
1036 613 1111 664 leg’
1141 614 1201 652 ich
1222 614 1292 652 mir
1314 616 1419 655 ειιιίὶις
1460 615 1546 655 Vid.
1562 617 1609 660 V.
1627 619 1696 659 26.

259 676 305 716 V.
336 679 402 720 22.
433 680 502 721 23.
524 678 592 721 24.
651 681 720 718 Ne
740 688 855 731 turpe
876 680 984 718 toral
1001 681 1026 718 i.
1052 693 1086 718 e.
1115 682 1175 720 vel
1203 696 1274 721 usu
1303 685 1484 724 detritum
1509 689 1549 724 et
1563 685 1696 724 coloris

143 745 320 796 evanidi,
358 746 418 784 vel
453 748 707 797 immundum;
748 748 841 786 illud
875 753 977 787 recte
1004 749 1204 802 intelligit,
1242 755 1286 790 ut
1311 764 1563 804 synonymum
1584 754 1697 792 imm.

143 812 328 863 evitetur,
379 814 568 854 Orellias.
629 816 690 855 De
727 816 922 855 toralibus
949 817 1024 856 vid.
1054 818 1196 856 Heind.
1231 821 1282 858 ad
1310 821 1390 859 Sat.
1426 821 1474 869 2,
1514 818 1567 870 4,
1612 819 1695 863 84.)

145 892 257 930 quem
285 883 462 932 quoniam
490 885 610 923 torale
637 898 715 924 non
746 885 930 923 intellexit
957 888 1038 925 τῶν
1060 884 1370 940 περιβλημοῖτων
1398 888 1558 927 rectiora
1586 889 1696 928 docet

142 948 311 988 Becker.
339 952 389 989 ad
418 952 518 991 Gall.
543 952 593 991 ΙΙ.
635 967 674 1004 p.
699 951 817 1004 149.‚
862 953 910 991 de
939 955 1122 1006 mappis,
1168 956 1303 1005 quibus
1343 956 1522 995 convivae
1559 969 1695 996 manus

142 1016 414 1068 abstergebant
451 1021 550 1058 inter
584 1023 792 1072 edendum,
833 1021 925 1059 item
952 1022 1046 1060 dixit
1068 1027 1249 1073 uterque3
1293 1024 1354 1063 ille
1382 1024 1434 1062 ad
1463 1024 1544 1062 Sat.
1573 1026 1616 1072 2,
1652 1021 1694 1072 4,

142 1085 210 1125 81.
220 1114 232 1135 ,
278 1085 339 1124 hic
368 1089 419 1125 ad
454 1088 552 1128 Gall.
575 1089 622 1128 Π.
651 1103 690 1141 p.
718 1089 814 1131 153.
853 1112 910 1118 --
966 1089 1014 1129 V.
1045 1091 1113 1132 23.
1178 1092 1371 1144 Corrztget
1403 1093 1527 1131 naris.
1582 1093 1695 1131 Hanc

141 1152 342 1193 dictionem
370 1155 535 1197 illustrat
551 1163 594 1196 ut
621 1158 875 1197 Horatianam
898 1158 1056 1203 Quintil.
1083 1159 1177 1196 Inst.
1203 1161 1276 1210 11,
1306 1161 1356 1209 3,
1387 1161 1451 1200 80.
1467 1190 1478 1209 ,
1509 1160 1574 1198 ubi
1596 1161 1694 1199 inter

139 1220 214 1259 alia
239 1221 351 1262 haec:
382 1224 567 1263 Naribus
584 1227 755 1272 derisus,
784 1233 1048 1277 contemptus,
1065 1228 1286 1279 fastidium
1306 1228 1534 1281 signficari
1549 1229 1694 1266 solet.“

139 1289 298 1341 Septim.
321 1292 452 1334 Seren.
479 1293 618 1332 Moret.
636 1295 730 1335 107.
759 1295 859 1331 simo
882 1294 1053 1332 damnat
1067 1310 1143 1333 sua
1151 1298 1334 1347 prandia
1350 1295 1480 1335 vultu.
1514 1296 1692 1336 Wernsd.

138 1356 191 1395 lI-
220 1372 261 1410 p.
293 1360 388 1400 276.
451 1360 642 1398 Sc'matae.
653 1376 771 1399 nares
799 1363 839 1400 in
866 1361 987 1402 Anth.
1018 1363 1084 1402 lat.
1107 1363 1136 1404 I.
1167 1378 1203 1416 p.
1232 1365 1327 1405 516.
1363 1369 1402 1402 et
1431 1365 1607 1404 Wernsd.
1625 1365 1693 1404 ΙΠ.

139 1438 177 1476 p.
204 1423 300 1468 240.
325 1451 382 1456 —
411 1429 657 1476 cantharus,
687 1431 735 1468 de
759 1431 832 1469 hoc
860 1432 986 1483 poculi
1010 1445 1150 1483 genere
1170 1436 1304 1471 ansato
1326 1433 1502 1472 dixerunt
1525 1434 1691 1485 interpp.

138 1494 189 1531 ad
218 1494 294 1534 Od.
327 1495 375 1546 1,
406 1498 483 1547 20,
513 1499 553 1538 2.
583 1502 623 1536 et
647 1498 757 1537 Voss.
787 1500 838 1537 ad
851 1499 959 1551 Virg.
985 1500 1067 1538 Ecl.
1095 1502 1145 1551 6,
1176 1501 1242 1541 17.
1269 1523 1327 1530 ·—
1367 1501 1413 1540 V.
1435 1499 1502 1543 24.
1549 1501 1692 1539 Oscen-

138 1561 212 1599 dat
230 1561 306 1599 tibi
327 1569 377 1600 te.
439 1564 497 1602 Ut
519 1565 579 1603 hic
604 1567 652 1604 de
677 1567 909 1618 supellectile
935 1569 1151 1608 coenatoria
1179 1569 1319 1621 speculi
1338 1569 1458 1608 instar
1479 1569 1626 1608 nitente
1652 1573 1692 1608 et

136 1629 335 1680 imaginem
358 1631 591 1682 inspicientis
618 1634 829 1685 referente,
862 1637 918 1674 ita
949 1637 1125 1689 Sympos.
1150 1636 1324 1688 Aenigm.
1354 1638 1430 1689 68,
1462 1639 1499 1679 2.
1530 1639 1577 1676 de
1603 1651 1691 1689 spe-

137 1698 219 1736 culo
252 1699 357 1750 ipso:
389 1700 545 1752 Farlgor
571 1703 674 1739 inest
698 1703 828 1753 intas,
868 1704 1052 1741 radianti
1084 1705 1172 1742 lace
1191 1720 1433 1752 coruscans,
1481 1707 1564 1757 Qui
1586 1707 1694 1744 nihil

136 1767 331 1814 ostendit,
351 1769 434 1805 nisi
460 1770 498 1805 si
518 1769 619 1820 quid
638 1769 783 1807 viderit
801 1779 894 1808 ante
902 1786 919 1818 ‚-
948 1771 1036 1821 ibiq.
1058 1773 1234 1814 Wernsd.
1255 1773 1319 1812 VI.
1344 1788 1384 1826 p.
1402 1772 1499 1816 544.
1560 1774 1606 1813 In
1629 1779 1688 1814 to-

136 1838 215 1874 tam
235 1837 464 1875 sententiam
493 1837 541 1878 cf.
565 1838 652 1876 Car.
683 1837 840 1877 Passov.
856 1838 908 1877 N.
930 1839 1025 1881 230.

246 1904 296 1942 V.
321 1902 500 1947 24—26.
536 1906 711 1955 nefidos
734 1929 791 1936 —
818 1907 1006 1945 eliminet.
1068 1906 1131 1946 Ad
1160 1921 1239 1946 rem
1266 1908 1431 1947 Martial.
1460 1911 1507 1959 1,
1534 1911 1610 1960 28,
1645 1914 1685 1951 7.

137 1975 268 2012 Macci
297 1970 486 2025 μνήμονα
524 1970 760 2026 συμπότην,
797 1975 986 2013 Procille.
1044 1975 1100 2014 Id.
1133 1976 1207 2024 10,
1243 1973 1324 2027 48,
1354 1978 1421 2018 21.
1478 1977 1687 2016 Accedent

135 2041 221 2076 sine
250 2040 352 2091 selle
377 2043 495 2088 joci,
535 2056 608 2079 nec
635 2056 754 2079 mane
785 2043 961 2080 timenda
992 2043 1180 2080 Libertas
1202 2051 1242 2079 et
1266 2044 1330 2080 nil
1337 2073 1355 2091 2
1387 2046 1498 2097 quod
1517 2049 1687 2084 tacuisse

134 2108 248 2146 velis.
305 2108 496 2150 Plutarch.
528 2111 662 2161 Symp.
695 2111 741 2161 1,
782 2110 820 2149 1.
862 2124 901 2161 p.
922 2109 1020 2151 415.
1058 2110 1108 2148 R·
1154 2108 1291 2151 ''Evtoi
1328 2111 1396 2151 καὶ
1439 2109 1515 2164 τὴν
1543 2130 1686 2168 παροι-

135 2178 233 2228 μίαν
266 2174 351 2228 [τό,
378 2176 501 2230 μισέω
533 2175 723 2230 μνάμονα
753 2175 978 2229 συμπόταν]
1019 2178 1174 2218 οἴονται
1212 2182 1297 2225 τοῖς
1324 2177 1434 2231 παροῖ
1465 2177 1592 2221 πότον
1621 2185 1682 2221 λε·

133 2243 322 2298 γομένοις
341 2244 411 2284 καὶ
430 2245 719 2298 πραττομένοις
746 2240 972 2296 ἀμνηστίαν
1002 2241 1166 2298 ἐπάγειν
1194 2249 1268 2283 etc.
1316 2247 1433 2284 Orell.
1452 2248 1584 2286 laudat
1604 2248 1686 2287 An-

78 2308 87 2319 *
134 2312 203 2363 tip.
239 2313 279 2350 in
312 2311 431 2353 Anth.
468 2313 550 2352 Pal.
579 2314 628 2354 II.
666 2328 707 2364 p.
733 2314 830 2354 328.
890 2313 950 2352 Cf.
979 2314 1155 2353 Wernsd.
1184 2315 1234 2352 ad
1264 2313 1373 2354 Poet.
1405 2315 1472 2353 lat.
1496 2316 1587 2357 min.
1618 2317 1682 2356 VI.

134 2392 174 2431 p.
210 2380 304 2422 182.
362 2381 518 2422 Becker.
560 2382 610 2420 ad
640 2381 738 2420 Gall.
762 2380 813 2418 II.
838 2394 878 2431 p.
902 2381 998 2422 195.
1057 2383 1236 2420 Ceterum
1264 2383 1421 2432 antiquo
1446 2383 1687 2422 eliminandi

134 2447 249 2486 verbo
276 2452 436 2487 utuntur
448 2450 620 2498 Ennius,
649 2449 858 2498 Pacuvius,
884 2447 1037 2500 Attius,
1067 2450 1323 2502 Pomponius,
1350 2451 1424 2489 vid.
1442 2451 1555 2492 Both.
1571 2452 1682 2492 Poet.

134 2516 244 2556 Seen.
273 2516 303 2554 I.
325 2531 366 2568 p.
383 2518 450 2558 53.
467 2518 562 2558 119.
587 2519 683 2559 216.
703 2517 798 2559 237.
820 2516 872 2554 11.
902 2531 941 2567 Ρ.
966 2517 1077 2569 107.,
1108 2531 1202 2568 quos
1231 2518 1333 2557 locos
1355 2532 1400 2557 ex
1425 2524 1534 2571 parte
1557 2533 1683 2559 emen-

135 2584 299 2622 datiores
317 2585 428 2623 dedit
459 2586 534 2622 le.
557 2586 708 2637 Bergk.
730 2586 769 2623 in
790 2584 954 2636 „Rhein.
978 2585 1110 2625 Mus.“
1135 2586 1256 2628 1835.
1279 2587 1312 2625 I.
1334 2602 1372 2639 Ρ.
1394 2590 1420 2628 7
1424 2587 1590 2628 7.—V.
1613 2589 1680 2630 25.

134 2658 182 2688 ut
210 2659 322 2689 coeat
344 2666 431 2702 par
454 2656 741 2706 jungaturque
764 2655 876 2704 pari.
938 2653 998 2691 Ita
1028 2654 1106 2693 Cic.
1142 2655 1229 2694 Cat.
1259 2655 1346 2705 maj.
1378 2655 1429 2706 3,
1456 2656 1493 2695 1.
1552 2658 1680 2695 Pares¹

57 2724 59 2727 ’
135 2720 240 2756 enim
270 2733 361 2757 cum
381 2720 556 2770 paribus
570 2722 778 2773 facillime
807 2729 1130 2774 congregantur,
1174 2724 1224 2760 ad
1259 2735 1370 2772 quem
1406 2723 1528 2762 locum
1561 2726 1681 2763 multa

134 2787 209 2827 alia
236 2800 282 2826 ex
321 2788 477 2827 Graecis
517 2789 669 2841 collegit
701 2791 966 2830 Gernlzardus
977 2819 994 2837 ,
1033 2790 1078 2828 V.
1111 2789 1192 2837 Cl.;
1231 2791 1330 2828 adde
1363 2790 1436 2830 huc
1477 2792 1678 2832 Menandr.

134 2853 286 2907 Fragm.
319 2853 415 2896 469.
433 2872 473 2909 p.
494 2858 564 2898 88.
589 2860 648 2899 ed.
671 2858 842 2899 Diibner.
866 2864 905 2898 et
924 2858 1112 2898 Plutarch.
1134 2858 1266 2909 Symp.
1294 2859 1345 2910 1,
1375 2861 1416 2901 2,
1446 2873 1484 2912 p,
1508 2858 1604 2902 442,
1628 2860 1676 2899 Β,

135 2918 228 2963 οὔτε
254 2921 330 2977 γάρ
372 2922 476 2978 πρὸς
513 2923 559 2967 τό
599 2925 785 2978 ἔνδοξον,
833 2924 933 2969 ἀλλὰ
961 2925 1064 2981 πρός
1101 2924 1146 2967 τό
1174 2922 1254 2979 ἦδῦ
1286 2927 1350 2967 δεῖ
1371 2932 1580 2970 ποιεῖσθαι
1608 2927 1678 2977 vde*

77 3039 82 3047 Δ
135 2992 403 3043 κατακλίσεις,
439 2991 534 3036 οὕτε
567 2992 643 3048 τήν
679 2994 772 3046 ἑνός
800 2993 970 3039 ἑκάστου
1001 2999 1166 3038 σκοπεῖν
1196 2991 1338 3046 (ἰξίαν,
1367 2991 1467 3037 ἄλλά
1495 2994 1571 3050 τήν
1601 2996 1675 3038 ἑτέ-
