<?xml version="1.0" encoding="UTF-8"?>
<!DOCTYPE html PUBLIC "-//W3C//DTD XHTML 1.0 Transitional//EN"
    "http://www.w3.org/TR/xhtml1/DTD/xhtml1-transitional.dtd">
<html xmlns="http://www.w3.org/1999/xhtml" xml:lang="en" lang="en">
 <head>
  <title>
</title>
<meta http-equiv="Content-Type" content="text/html;charset=utf-8" />
  <meta name='ocr-system' content='tesseract 3.04.00' />
  <meta name='ocr-capabilities' content='ocr_page ocr_carea ocr_par ocr_line ocrx_word'/>
</head>
<body>
  <div class='ocr_page' id='page_1' title='image "./epistolascomment01horauoft_0249.png"; bbox 0 0 2028 3268; ppageno 0'>
   <div class='ocr_carea' id='block_1_1' title="bbox 541 895 1326 971">
    <p class='ocr_par' dir='ltr' id='par_1_1' title="bbox 541 895 1326 971">
     <span class='ocr_line' id='line_1_1' title="bbox 541 895 1326 971; baseline 0 -1"><span class='ocrx_word' id='word_1_1' title='bbox 541 895 1326 971; x_wconf 79' lang='lat' dir='ltr'><strong>HORATII</strong></span> 
     </span>
    </p>
   </div>
   <div class='ocr_carea' id='block_1_2' title="bbox 330 1058 748 1105">
    <p class='ocr_par' dir='ltr' id='par_1_2' title="bbox 330 1058 748 1105">
     <span class='ocr_line' id='line_1_2' title="bbox 330 1058 748 1105; baseline -0.002 0"><span class='ocrx_word' id='word_1_2' title='bbox 330 1058 642 1105; x_wconf 86' lang='lat' dir='ltr'><strong>LIBRI</strong></span> <span class='ocrx_word' id='word_1_3' title='bbox 711 1059 748 1104; x_wconf 90' lang='lat' dir='ltr'><strong>l.</strong></span> 
     </span>
    </p>
   </div>
   <div class='ocr_carea' id='block_1_3' title="bbox 847 1056 1532 1107">
    <p class='ocr_par' dir='ltr' id='par_1_3' title="bbox 847 1056 1532 1107">
     <span class='ocr_line' id='line_1_3' title="bbox 847 1056 1532 1107; baseline 0 -3"><span class='ocrx_word' id='word_1_4' title='bbox 847 1056 1386 1107; x_wconf 73' lang='lat' dir='ltr'>EPISTULA</span> <span class='ocrx_word' id='word_1_5' title='bbox 1455 1061 1532 1105; x_wconf 91' lang='lat' dir='ltr'><strong>IV.</strong></span> 
     </span>
    </p>
   </div>
   <div class='ocr_carea' id='block_1_4' title="bbox 655 1191 1216 1229">
    <p class='ocr_par' dir='ltr' id='par_1_4' title="bbox 655 1191 1216 1229">
     <span class='ocr_line' id='line_1_4' title="bbox 655 1191 1216 1229; baseline 0 -1"><span class='ocrx_word' id='word_1_6' title='bbox 655 1193 717 1228; x_wconf 88' lang='lat' dir='ltr'><strong>AD</strong></span> <span class='ocrx_word' id='word_1_7' title='bbox 739 1191 924 1228; x_wconf 87' lang='lat' dir='ltr'><strong>ALBIUM</strong></span> <span class='ocrx_word' id='word_1_8' title='bbox 948 1191 1216 1229; x_wconf 87' lang='lat' dir='ltr'><strong>TIBULLUM.</strong></span> 
     </span>
    </p>
   </div>
   <div class='ocr_carea' id='block_1_5' title="bbox 789 1362 1066 1369">
    <p class='ocr_par' dir='ltr' id='par_1_5' title="bbox 789 1362 1066 1369">
     <span class='ocr_line' id='line_1_5' title="bbox 789 1362 1066 1369; baseline 0.007 -2"><span class='ocrx_word' id='word_1_9' title='bbox 789 1362 1066 1369; x_wconf 74' lang='lat'><strong>——..---——-..-.</strong></span> 
     </span>
    </p>
   </div>
   <div class='ocr_carea' id='block_1_6' title="bbox 221 1490 1708 1902">
    <p class='ocr_par' dir='ltr' id='par_1_6' title="bbox 223 1490 1327 1579">
     <span class='ocr_line' id='line_1_6' title="bbox 223 1490 1327 1579; baseline -0.001 -15"><span class='ocrx_word' id='word_1_10' title='bbox 223 1490 387 1578; x_wconf 80' lang='lat' dir='ltr'><strong>Albi,</strong></span> <span class='ocrx_word' id='word_1_11' title='bbox 421 1521 664 1563; x_wconf 84' lang='lat' dir='ltr'><strong>nostrorum</strong></span> <span class='ocrx_word' id='word_1_12' title='bbox 701 1533 945 1565; x_wconf 84' lang='lat' dir='ltr'>sermonum</span> <span class='ocrx_word' id='word_1_13' title='bbox 972 1519 1151 1565; x_wconf 83' lang='lat' dir='ltr'><strong>candide</strong></span> <span class='ocrx_word' id='word_1_14' title='bbox 1172 1518 1327 1579; x_wconf 78' lang='lat' dir='ltr'><strong>Judex,</strong></span> 
     </span>
    </p>

    <p class='ocr_par' dir='ltr' id='par_1_7' title="bbox 223 1595 1432 1665">
     <span class='ocr_line' id='line_1_7' title="bbox 223 1595 1432 1665; baseline 0.002 -25"><span class='ocrx_word' id='word_1_15' title='bbox 223 1595 336 1651; x_wconf 81' lang='lat' dir='ltr'><strong>Quid</strong></span> <span class='ocrx_word' id='word_1_16' title='bbox 372 1611 483 1665; x_wconf 80' lang='lat' dir='ltr'><strong>nunc</strong></span> <span class='ocrx_word' id='word_1_17' title='bbox 507 1601 551 1642; x_wconf 82' lang='lat' dir='ltr'><strong>te</strong></span> <span class='ocrx_word' id='word_1_18' title='bbox 578 1597 714 1643; x_wconf 85' lang='lat' dir='ltr'><strong>dicam</strong></span> <span class='ocrx_word' id='word_1_19' title='bbox 751 1599 897 1645; x_wconf 86' lang='lat' dir='ltr'><strong>facere</strong></span> <span class='ocrx_word' id='word_1_20' title='bbox 932 1602 975 1645; x_wconf 90' lang='lat' dir='ltr'><strong>in</strong></span> <span class='ocrx_word' id='word_1_21' title='bbox 1012 1602 1194 1661; x_wconf 75' lang='lat' dir='ltr'><strong>reglone</strong></span> <span class='ocrx_word' id='word_1_22' title='bbox 1229 1599 1432 1644; x_wconf 86' lang='lat' dir='ltr'><strong>Pedana:</strong></span> 
     </span>
    </p>

    <p class='ocr_par' dir='ltr' id='par_1_8' title="bbox 221 1673 1469 1740">
     <span class='ocr_line' id='line_1_8' title="bbox 221 1673 1469 1740; baseline 0.002 -19"><span class='ocrx_word' id='word_1_23' title='bbox 221 1673 425 1722; x_wconf 80' lang='lat' dir='ltr'><strong>Scribere</strong></span> <span class='ocrx_word' id='word_1_24' title='bbox 465 1677 576 1736; x_wconf 86' lang='lat' dir='ltr'><strong>quod</strong></span> <span class='ocrx_word' id='word_1_25' title='bbox 614 1676 746 1724; x_wconf 79' lang='lat' dir='ltr'><strong>Cassi</strong></span> <span class='ocrx_word' id='word_1_26' title='bbox 783 1680 1029 1726; x_wconf 85' lang='lat' dir='ltr'><strong>Parmensis</strong></span> <span class='ocrx_word' id='word_1_27' title='bbox 1067 1680 1273 1740; x_wconf 82' lang='lat' dir='ltr'><strong>opuscula</strong></span> <span class='ocrx_word' id='word_1_28' title='bbox 1311 1681 1469 1739; x_wconf 78' lang='lat' dir='ltr'><strong>vincat,</strong></span> 
     </span>
    </p>

    <p class='ocr_par' dir='ltr' id='par_1_9' title="bbox 221 1756 1248 1821">
     <span class='ocr_line' id='line_1_9' title="bbox 221 1756 1248 1821; baseline 0.001 -19"><span class='ocrx_word' id='word_1_29' title='bbox 221 1756 293 1802; x_wconf 90' lang='lat' dir='ltr'><strong>An</strong></span> <span class='ocrx_word' id='word_1_30' title='bbox 327 1759 500 1803; x_wconf 79' lang='lat' dir='ltr'><strong>tacitum</strong></span> <span class='ocrx_word' id='word_1_31' title='bbox 533 1758 665 1802; x_wconf 85' lang='lat' dir='ltr'><strong>silvas</strong></span> <span class='ocrx_word' id='word_1_32' title='bbox 702 1760 814 1805; x_wconf 85' lang='lat' dir='ltr'><strong>inter</strong></span> <span class='ocrx_word' id='word_1_33' title='bbox 843 1764 1016 1821; x_wconf 83' lang='lat' dir='ltr'><strong>reptare</strong></span> <span class='ocrx_word' id='word_1_34' title='bbox 1050 1761 1248 1821; x_wconf 79' lang='lat' dir='ltr'><strong>salubris,</strong></span> 
     </span>
    </p>

    <p class='ocr_par' dir='ltr' id='par_1_10' title="bbox 221 1834 1708 1902">
     <span class='ocr_line' id='line_1_10' title="bbox 221 1834 1708 1902; baseline -0.001 -20"><span class='ocrx_word' id='word_1_35' title='bbox 221 1834 458 1883; x_wconf 77' lang='lat' dir='ltr'><strong>Cur-antem</strong></span> <span class='ocrx_word' id='word_1_36' title='bbox 495 1838 689 1898; x_wconf 84' lang='lat' dir='ltr'><strong>quiequid</strong></span> <span class='ocrx_word' id='word_1_37' title='bbox 726 1839 904 1902; x_wconf 83' lang='lat' dir='ltr'><strong>dignum</strong></span> <span class='ocrx_word' id='word_1_38' title='bbox 936 1841 1129 1902; x_wconf 84' lang='lat' dir='ltr'><strong>sapiente</strong></span> <span class='ocrx_word' id='word_1_39' title='bbox 1164 1840 1361 1899; x_wconf 88' lang='lat' dir='ltr'><strong>bonoque</strong></span> <span class='ocrx_word' id='word_1_40' title='bbox 1394 1836 1494 1883; x_wconf 63' lang='lat' dir='ltr'><strong>est?</strong></span> <span class='ocrx_word' id='word_1_41' title='bbox 1682 1839 1708 1881; x_wconf 88' lang='lat'>5</span> 
     </span>
    </p>
   </div>
   <div class='ocr_carea' id='block_1_7' title="bbox 153 1992 907 2099">
    <p class='ocr_par' dir='ltr' id='par_1_11' title="bbox 153 1992 907 2099">
     <span class='ocr_line' id='line_1_11' title="bbox 198 1992 905 2042; baseline 0.01 -17"><span class='ocrx_word' id='word_1_42' title='bbox 198 1992 257 2026; x_wconf 76' lang='lat' dir='ltr'><strong>Aa</strong></span> <span class='ocrx_word' id='word_1_43' title='bbox 282 1994 426 2028; x_wconf 79' lang='lat' dir='ltr'><strong><em>Albium</em></strong></span> <span class='ocrx_word' id='word_1_44' title='bbox 450 1995 655 2041; x_wconf 85' lang='lat' dir='ltr'><strong>Elegorum</strong></span> <span class='ocrx_word' id='word_1_45' title='bbox 685 1995 905 2042; x_wconf 76' lang='lat' dir='ltr'><strong>scriptorem.</strong></span> 
     </span>
     <span class='ocr_line' id='line_1_12' title="bbox 153 2049 907 2099; baseline 0.007 -16"><span class='ocrx_word' id='word_1_46' title='bbox 153 2049 223 2083; x_wconf 87' lang='lat' dir='ltr'><strong>Ms.</strong></span> <span class='ocrx_word' id='word_1_47' title='bbox 250 2051 386 2086; x_wconf 80' lang='lat' dir='ltr'><strong>Graev.</strong></span> <span class='ocrx_word' id='word_1_48' title='bbox 411 2052 535 2087; x_wconf 81' lang='lat' dir='ltr'><strong>Jaeck.</strong></span> <span class='ocrx_word' id='word_1_49' title='bbox 564 2055 595 2088; x_wconf 91' lang='lat'><strong>1.</strong></span> <span class='ocrx_word' id='word_1_50' title='bbox 626 2053 702 2097; x_wconf 90' lang='lat' dir='ltr'><strong>[sed</strong></span> <span class='ocrx_word' id='word_1_51' title='bbox 732 2054 907 2099; x_wconf 79' lang='lat' dir='ltr'><strong>„elegia—</strong></span> 
     </span>
    </p>
   </div>
   <div class='ocr_carea' id='block_1_8' title="bbox 952 1994 1709 2099">
    <p class='ocr_par' dir='ltr' id='par_1_12' title="bbox 952 1994 1709 2099">
     <span class='ocr_line' id='line_1_13' title="bbox 953 1994 1708 2042; baseline -0.004 -12"><span class='ocrx_word' id='word_1_52' title='bbox 953 1996 1043 2032; x_wconf 87' lang='lat' dir='ltr'><strong>Silv.</strong></span> <span class='ocrx_word' id='word_1_53' title='bbox 1064 2000 1102 2030; x_wconf 78' lang='lat' dir='ltr'><strong>et</strong></span> <span class='ocrx_word' id='word_1_54' title='bbox 1116 1996 1224 2031; x_wconf 84' lang='lat' dir='ltr'><strong>Mart.</strong></span> <span class='ocrx_word' id='word_1_55' title='bbox 1244 2008 1301 2042; x_wconf 82' lang='lat' dir='ltr'><strong>ap.</strong></span> <span class='ocrx_word' id='word_1_56' title='bbox 1320 1996 1430 2041; x_wconf 90' lang='lat' dir='ltr'><strong>Cruq.</strong></span> <span class='ocrx_word' id='word_1_57' title='bbox 1482 1994 1619 2036; x_wconf 84' lang='lat' dir='ltr'>Quodsi</span> <span class='ocrx_word' id='word_1_58' title='bbox 1637 1994 1708 2028; x_wconf 83' lang='lat' dir='ltr'><strong>Do-</strong></span> 
     </span>
     <span class='ocr_line' id='line_1_14' title="bbox 952 2052 1709 2099; baseline -0.004 -11"><span class='ocrx_word' id='word_1_59' title='bbox 952 2052 1098 2099; x_wconf 79' lang='lat' dir='ltr'><strong>righello</strong></span> <span class='ocrx_word' id='word_1_60' title='bbox 1115 2054 1250 2099; x_wconf 86' lang='lat' dir='ltr'><strong>aliquos</strong></span> <span class='ocrx_word' id='word_1_61' title='bbox 1266 2064 1331 2099; x_wconf 92' lang='lat' dir='ltr'><strong>pro</strong></span> <span class='ocrx_word' id='word_1_62' title='bbox 1340 2055 1467 2097; x_wconf 85' lang='lat' dir='ltr'><strong>facere</strong></span> <span class='ocrx_word' id='word_1_63' title='bbox 1483 2053 1604 2096; x_wconf 88' lang='lat' dir='ltr'><strong>legere</strong></span> <span class='ocrx_word' id='word_1_64' title='bbox 1620 2052 1709 2086; x_wconf 86' lang='lat' dir='ltr'><strong>dicit</strong></span> 
     </span>
    </p>
   </div>
   <div class='ocr_carea' id='block_1_9' title="bbox 152 2107 1707 2155">
    <p class='ocr_par' dir='ltr' id='par_1_13' title="bbox 152 2107 1707 2155">
     <span class='ocr_line' id='line_1_15' title="bbox 152 2107 1707 2155; baseline -0.006 -3"><span class='ocrx_word' id='word_1_65' title='bbox 152 2107 290 2152; x_wconf 67' lang='lat' dir='ltr'><strong>’&#39;¹⁴¹¹&#39;“J</strong></span> <span class='ocrx_word' id='word_1_66' title='bbox 339 2109 429 2143; x_wconf 78' lang='lat' dir='ltr'><strong>Edd·</strong></span> <span class='ocrx_word' id='word_1_67' title='bbox 458 2109 542 2144; x_wconf 72' lang='lat' dir='ltr'><strong>Bas·</strong></span> <span class='ocrx_word' id='word_1_68' title='bbox 577 2111 658 2145; x_wconf 82' lang='lat'>531·</span> <span class='ocrx_word' id='word_1_69' title='bbox 692 2111 790 2148; x_wconf 81' lang='lat' dir='ltr'><strong>Glar.</strong></span> <span class='ocrx_word' id='word_1_70' title='bbox 825 2111 906 2147; x_wconf 83' lang='lat'><strong>543.</strong></span> <span class='ocrx_word' id='word_1_71' title='bbox 946 2111 1139 2155; x_wconf 82' lang='lat' dir='ltr'><strong>juvenem,</strong></span> <span class='ocrx_word' id='word_1_72' title='bbox 1189 2111 1293 2144; x_wconf 85' lang='lat' dir='ltr'><strong>valde</strong></span> <span class='ocrx_word' id='word_1_73' title='bbox 1335 2115 1442 2145; x_wconf 84' lang='lat' dir='ltr'><strong>errat.</strong></span> <span class='ocrx_word' id='word_1_74' title='bbox 1484 2109 1707 2153; x_wconf 87' lang='lat' dir='ltr'><strong>Sanadonus,</strong></span> 
     </span>
    </p>
   </div>
   <div class='ocr_carea' id='block_1_10' title="bbox 151 2165 907 2951">
    <p class='ocr_par' dir='ltr' id='par_1_14' title="bbox 151 2165 907 2833">
     <span class='ocr_line' id='line_1_16' title="bbox 151 2165 906 2213; baseline 0.007 -14"><span class='ocrx_word' id='word_1_75' title='bbox 151 2165 280 2200; x_wconf 88' lang='lat' dir='ltr'><strong>Irenic.</strong></span> <span class='ocrx_word' id='word_1_76' title='bbox 306 2166 387 2203; x_wconf 91' lang='lat'>567.</span> <span class='ocrx_word' id='word_1_77' title='bbox 424 2167 569 2202; x_wconf 81' lang='lat' dir='ltr'><strong>Fabric.</strong></span> <span class='ocrx_word' id='word_1_78' title='bbox 594 2167 662 2202; x_wconf 84' lang='lat'><strong>578</strong></span> <span class='ocrx_word' id='word_1_79' title='bbox 698 2167 906 2213; x_wconf 78' lang='lat' dir='ltr'><strong>[Albinum]-</strong></span> 
     </span>
     <span class='ocr_line' id='line_1_17' title="bbox 153 2222 907 2270; baseline 0.004 -14"><span class='ocrx_word' id='word_1_80' title='bbox 153 2222 245 2256; x_wconf 89' lang='lat' dir='ltr'><strong>Min.</strong></span> <span class='ocrx_word' id='word_1_81' title='bbox 260 2223 414 2270; x_wconf 76' lang='lat' dir='ltr'><strong>itemque</strong></span> <span class='ocrx_word' id='word_1_82' title='bbox 437 2224 493 2259; x_wconf 89' lang='lat' dir='ltr'><strong>ed.</strong></span> <span class='ocrx_word' id='word_1_83' title='bbox 511 2224 602 2259; x_wconf 89' lang='lat' dir='ltr'><strong>Ven.</strong></span> <span class='ocrx_word' id='word_1_84' title='bbox 621 2224 690 2262; x_wconf 88' lang='lat'><strong>520</strong></span> <span class='ocrx_word' id='word_1_85' title='bbox 704 2225 907 2270; x_wconf 89' lang='lat' dir='ltr'><strong>praemissis</strong></span> 
     </span>
     <span class='ocr_line' id='line_1_18' title="bbox 152 2280 905 2325; baseline 0.004 -11"><span class='ocrx_word' id='word_1_86' title='bbox 152 2280 291 2315; x_wconf 81' lang='lat' dir='ltr'><strong>verbis:</strong></span> <span class='ocrx_word' id='word_1_87' title='bbox 330 2283 372 2325; x_wconf 78' lang='lat' dir='ltr'><strong>Q.</strong></span> <span class='ocrx_word' id='word_1_88' title='bbox 397 2282 577 2316; x_wconf 81' lang='lat' dir='ltr'><strong>Horatius</strong></span> <span class='ocrx_word' id='word_1_89' title='bbox 605 2283 761 2316; x_wconf 81' lang='lat' dir='ltr'><strong>Flaccus</strong></span> <span class='ocrx_word' id='word_1_90' title='bbox 794 2283 905 2318; x_wconf 85' lang='lat' dir='ltr'><strong>ad...</strong></span> 
     </span>
     <span class='ocr_line' id='line_1_19' title="bbox 151 2338 906 2385; baseline 0.005 -13"><span class='ocrx_word' id='word_1_91' title='bbox 151 2338 210 2372; x_wconf 82' lang='lat' dir='ltr'><strong>Ad</strong></span> <span class='ocrx_word' id='word_1_92' title='bbox 227 2339 371 2373; x_wconf 82' lang='lat' dir='ltr'><em>Albium</em></span> <span class='ocrx_word' id='word_1_93' title='bbox 395 2339 591 2376; x_wconf 81' lang='lat' dir='ltr'><strong><em>Tibullum.</em></strong></span> <span class='ocrx_word' id='word_1_94' title='bbox 640 2339 730 2374; x_wconf 88' lang='lat' dir='ltr'><strong>Mss.</strong></span> <span class='ocrx_word' id='word_1_95' title='bbox 755 2339 855 2385; x_wconf 87' lang='lat' dir='ltr'><strong>Lips.</strong></span> <span class='ocrx_word' id='word_1_96' title='bbox 873 2343 906 2376; x_wconf 91' lang='lat'><strong>2.</strong></span> 
     </span>
     <span class='ocr_line' id='line_1_20' title="bbox 151 2395 907 2442; baseline 0.001 -11"><span class='ocrx_word' id='word_1_97' title='bbox 151 2396 187 2431; x_wconf 84' lang='grc'><strong>3.</strong></span> <span class='ocrx_word' id='word_1_98' title='bbox 216 2395 310 2430; x_wconf 86' lang='lat' dir='ltr'><strong>Edd.</strong></span> <span class='ocrx_word' id='word_1_99' title='bbox 331 2397 412 2431; x_wconf 92' lang='lat' dir='ltr'><strong>Ald.</strong></span> <span class='ocrx_word' id='word_1_100' title='bbox 445 2397 527 2431; x_wconf 85' lang='lat' dir='ltr'><strong>Bas.</strong></span> <span class='ocrx_word' id='word_1_101' title='bbox 553 2396 634 2434; x_wconf 85' lang='lat'><strong>555.</strong></span> <span class='ocrx_word' id='word_1_102' title='bbox 666 2402 702 2431; x_wconf 84' lang='lat' dir='ltr'><strong>et</strong></span> <span class='ocrx_word' id='word_1_103' title='bbox 728 2397 823 2442; x_wconf 87' lang='lat' dir='ltr'><strong>vulg.</strong></span> <span class='ocrx_word' id='word_1_104' title='bbox 849 2398 907 2432; x_wconf 81' lang='lat' dir='ltr'><strong>Ad</strong></span> 
     </span>
     <span class='ocr_line' id='line_1_21' title="bbox 152 2453 907 2492; baseline 0.005 -6"><span class='ocrx_word' id='word_1_105' title='bbox 152 2453 308 2489; x_wconf 79' lang='lat' dir='ltr'><strong><em>Albium.</em></strong></span> <span class='ocrx_word' id='word_1_106' title='bbox 323 2454 392 2488; x_wconf 91' lang='lat' dir='ltr'><strong>Ms.</strong></span> <span class='ocrx_word' id='word_1_107' title='bbox 411 2454 515 2490; x_wconf 84' lang='lat' dir='ltr'><strong>Dess.</strong></span> <span class='ocrx_word' id='word_1_108' title='bbox 535 2458 568 2492; x_wconf 92' lang='grc'><strong>2.</strong></span> <span class='ocrx_word' id='word_1_109' title='bbox 599 2455 658 2489; x_wconf 83' lang='lat' dir='ltr'><strong>Ad</strong></span> <span class='ocrx_word' id='word_1_110' title='bbox 677 2456 822 2489; x_wconf 77' lang='lat' dir='ltr'><strong><em>Albium</em></strong></span> <span class='ocrx_word' id='word_1_111' title='bbox 838 2456 907 2490; x_wconf 84' lang='lat' dir='ltr'><strong>ele-</strong></span> 
     </span>
     <span class='ocr_line' id='line_1_22' title="bbox 152 2511 906 2557; baseline 0.004 -12"><span class='ocrx_word' id='word_1_112' title='bbox 152 2511 258 2556; x_wconf 75' lang='lat' dir='ltr'><strong>gium</strong></span> <span class='ocrx_word' id='word_1_113' title='bbox 273 2512 490 2557; x_wconf 79' lang='lat' dir='ltr'><strong>scriptorem.</strong></span> <span class='ocrx_word' id='word_1_114' title='bbox 516 2512 663 2548; x_wconf 74' lang='lat' dir='ltr'><strong>Mentel.</strong></span> <span class='ocrx_word' id='word_1_115' title='bbox 687 2514 745 2546; x_wconf 88' lang='lat' dir='ltr'><strong>Ad</strong></span> <span class='ocrx_word' id='word_1_116' title='bbox 760 2513 906 2548; x_wconf 86' lang='lat' dir='ltr'><strong><em>Albium</em></strong></span> 
     </span>
     <span class='ocr_line' id='line_1_23' title="bbox 154 2569 904 2607; baseline 0.007 -6"><span class='ocrx_word' id='word_1_117' title='bbox 154 2569 308 2602; x_wconf 76' lang='lat' dir='ltr'><strong>amicum</strong></span> <span class='ocrx_word' id='word_1_118' title='bbox 341 2581 460 2606; x_wconf 78' lang='lat' dir='ltr'><strong>suum.</strong></span> <span class='ocrx_word' id='word_1_119' title='bbox 497 2570 567 2605; x_wconf 89' lang='lat' dir='ltr'><strong>Ms.</strong></span> <span class='ocrx_word' id='word_1_120' title='bbox 600 2571 701 2606; x_wconf 84' lang='lat' dir='ltr'><strong>Gott.</strong></span> <span class='ocrx_word' id='word_1_121' title='bbox 738 2574 770 2607; x_wconf 90' lang='lat'><strong>2.</strong></span> <span class='ocrx_word' id='word_1_122' title='bbox 810 2571 904 2606; x_wconf 89' lang='lat' dir='ltr'><strong>Edd.</strong></span> 
     </span>
     <span class='ocr_line' id='line_1_24' title="bbox 154 2624 904 2664; baseline 0.008 -6"><span class='ocrx_word' id='word_1_123' title='bbox 154 2625 246 2660; x_wconf 89' lang='lat' dir='ltr'><strong>Ven.</strong></span> <span class='ocrx_word' id='word_1_124' title='bbox 270 2624 350 2660; x_wconf 86' lang='lat'><strong>479.</strong></span> <span class='ocrx_word' id='word_1_125' title='bbox 379 2627 435 2662; x_wconf 89' lang='grc'><strong>81.</strong></span> <span class='ocrx_word' id='word_1_126' title='bbox 461 2628 518 2663; x_wconf 88' lang='grc'><strong>83.</strong></span> <span class='ocrx_word' id='word_1_127' title='bbox 544 2628 601 2662; x_wconf 88' lang='grc'><strong>86.</strong></span> <span class='ocrx_word' id='word_1_128' title='bbox 620 2629 677 2664; x_wconf 91' lang='grc'><strong>92.</strong></span> <span class='ocrx_word' id='word_1_129' title='bbox 709 2629 806 2663; x_wconf 83' lang='lat' dir='ltr'><strong>Flor.</strong></span> <span class='ocrx_word' id='word_1_130' title='bbox 824 2628 904 2664; x_wconf 86' lang='lat'><strong>482.</strong></span> 
     </span>
     <span class='ocr_line' id='line_1_25' title="bbox 153 2681 905 2730; baseline 0.005 -13"><span class='ocrx_word' id='word_1_131' title='bbox 153 2683 262 2719; x_wconf 86' lang='lat' dir='ltr'><strong>Loch.</strong></span> <span class='ocrx_word' id='word_1_132' title='bbox 289 2681 369 2717; x_wconf 87' lang='lat'><strong>498.</strong></span> <span class='ocrx_word' id='word_1_133' title='bbox 401 2684 499 2730; x_wconf 88' lang='lat' dir='ltr'><strong>Lips.</strong></span> <span class='ocrx_word' id='word_1_134' title='bbox 526 2684 608 2721; x_wconf 86' lang='lat'><strong>492.</strong></span> <span class='ocrx_word' id='word_1_135' title='bbox 633 2687 689 2721; x_wconf 89' lang='grc'><strong>98.</strong></span> <span class='ocrx_word' id='word_1_136' title='bbox 714 2687 797 2721; x_wconf 89' lang='lat' dir='ltr'><strong>Asc.</strong></span> <span class='ocrx_word' id='word_1_137' title='bbox 825 2686 905 2722; x_wconf 86' lang='lat'><strong>519.</strong></span> 
     </span>
     <span class='ocr_line' id='line_1_26' title="bbox 152 2743 904 2778; baseline 0.003 -3"><span class='ocrx_word' id='word_1_138' title='bbox 152 2761 198 2766; x_wconf 97' lang='lat'>—</span> <span class='ocrx_word' id='word_1_139' title='bbox 225 2751 427 2775; x_wconf 83' lang='lat' dir='ltr'><strong>sermonum</strong></span> <span class='ocrx_word' id='word_1_140' title='bbox 455 2747 673 2778; x_wconf 80' lang='lat' dir='ltr'><strong>nostrorum.</strong></span> <span class='ocrx_word' id='word_1_141' title='bbox 721 2743 810 2778; x_wconf 88' lang='lat' dir='ltr'><strong>Mss.</strong></span> <span class='ocrx_word' id='word_1_142' title='bbox 836 2744 904 2777; x_wconf 90' lang='lat' dir='ltr'><strong>duo</strong></span> 
     </span>
     <span class='ocr_line' id='line_1_27' title="bbox 151 2798 286 2833; baseline 0.007 -1"><span class='ocrx_word' id='word_1_143' title='bbox 151 2798 286 2833; x_wconf 85' lang='lat' dir='ltr'><strong>Bersm.</strong></span> 
     </span>
    </p>

    <p class='ocr_par' dir='ltr' id='par_1_15' title="bbox 154 2854 903 2951">
     <span class='ocr_line' id='line_1_28' title="bbox 199 2854 903 2904; baseline 0.01 -17"><span class='ocrx_word' id='word_1_144' title='bbox 199 2854 244 2890; x_wconf 91' lang='lat' dir='ltr'><strong>V.</strong></span> <span class='ocrx_word' id='word_1_145' title='bbox 263 2857 296 2892; x_wconf 93' lang='lat'><strong>2.</strong></span> <span class='ocrx_word' id='word_1_146' title='bbox 329 2860 364 2889; x_wconf 84' lang='lat' dir='ltr'><strong>te</strong></span> <span class='ocrx_word' id='word_1_147' title='bbox 380 2866 490 2889; x_wconf 81' lang='lat' dir='ltr'><strong>nunc.</strong></span> <span class='ocrx_word' id='word_1_148' title='bbox 508 2857 578 2892; x_wconf 88' lang='lat' dir='ltr'><strong>Ms.</strong></span> <span class='ocrx_word' id='word_1_149' title='bbox 593 2858 711 2894; x_wconf 84' lang='lat' dir='ltr'><strong>Guelf.</strong></span> <span class='ocrx_word' id='word_1_150' title='bbox 731 2861 762 2894; x_wconf 86' lang='lat'><strong>1.</strong></span> <span class='ocrx_word' id='word_1_151' title='bbox 780 2878 826 2884; x_wconf 80' lang='lat'><strong>—-</strong></span> <span class='ocrx_word' id='word_1_152' title='bbox 839 2871 903 2904; x_wconf 84' lang='lat' dir='ltr'><strong>pe-</strong></span> 
     </span>
     <span class='ocr_line' id='line_1_29' title="bbox 154 2913 900 2951; baseline 0.005 -5"><span class='ocrx_word' id='word_1_153' title='bbox 154 2913 283 2946; x_wconf 69' lang='lat' dir='ltr'><strong>dena?</strong></span> <span class='ocrx_word' id='word_1_154' title='bbox 327 2913 399 2948; x_wconf 88' lang='lat' dir='ltr'><strong>Ms.</strong></span> <span class='ocrx_word' id='word_1_155' title='bbox 431 2913 533 2949; x_wconf 84' lang='lat' dir='ltr'><strong>Dess.</strong></span> <span class='ocrx_word' id='word_1_156' title='bbox 565 2917 598 2951; x_wconf 88' lang='lat'><strong>2.</strong></span> <span class='ocrx_word' id='word_1_157' title='bbox 645 2914 735 2950; x_wconf 86' lang='lat' dir='ltr'><strong>Edd.</strong></span> <span class='ocrx_word' id='word_1_158' title='bbox 777 2915 900 2951; x_wconf 86' lang='lat' dir='ltr'><strong>Lamb.</strong></span> 
     </span>
    </p>
   </div>
   <div class='ocr_carea' id='block_1_11' title="bbox 950 2167 1708 2960">
    <p class='ocr_par' dir='ltr' id='par_1_16' title="bbox 954 2167 1708 2270">
     <span class='ocr_line' id='line_1_30' title="bbox 954 2167 1708 2212; baseline 0 -12"><span class='ocrx_word' id='word_1_159' title='bbox 954 2178 999 2201; x_wconf 86' lang='lat' dir='ltr'><strong>ex</strong></span> <span class='ocrx_word' id='word_1_160' title='bbox 1027 2168 1126 2212; x_wconf 89' lang='lat' dir='ltr'><strong>cujus</strong></span> <span class='ocrx_word' id='word_1_161' title='bbox 1154 2168 1383 2202; x_wconf 79' lang='lat' dir='ltr'><strong>annotatione</strong></span> <span class='ocrx_word' id='word_1_162' title='bbox 1409 2167 1467 2201; x_wconf 88' lang='lat' dir='ltr'><strong>ille</strong></span> <span class='ocrx_word' id='word_1_163' title='bbox 1485 2178 1584 2201; x_wconf 87' lang='lat' dir='ltr'><strong>error</strong></span> <span class='ocrx_word' id='word_1_164' title='bbox 1610 2172 1708 2201; x_wconf 84' lang='lat' dir='ltr'><strong>ortus</strong></span> 
     </span>
     <span class='ocr_line' id='line_1_31' title="bbox 954 2224 1593 2270; baseline 0.002 -12"><span class='ocrx_word' id='word_1_165' title='bbox 954 2225 1119 2269; x_wconf 86' lang='lat' dir='ltr'><strong>videtur,</strong></span> <span class='ocrx_word' id='word_1_166' title='bbox 1149 2225 1243 2259; x_wconf 82' lang='lat' dir='ltr'><strong>aliud</strong></span> <span class='ocrx_word' id='word_1_167' title='bbox 1260 2224 1343 2270; x_wconf 88' lang='lat' dir='ltr'><strong>quid</strong></span> <span class='ocrx_word' id='word_1_168' title='bbox 1362 2224 1593 2268; x_wconf 82' lang='lat' dir='ltr'><strong>significavit.</strong></span> 
     </span>
    </p>

    <p class='ocr_par' dir='ltr' id='par_1_17' title="bbox 950 2282 1707 2960">
     <span class='ocr_line' id='line_1_32' title="bbox 1003 2282 1707 2328; baseline 0.001 -14"><span class='ocrx_word' id='word_1_169' title='bbox 1003 2282 1048 2317; x_wconf 89' lang='lat' dir='ltr'><strong>V.</strong></span> <span class='ocrx_word' id='word_1_170' title='bbox 1064 2282 1168 2319; x_wconf 86' lang='lat'><strong>3—5.</strong></span> <span class='ocrx_word' id='word_1_171' title='bbox 1206 2282 1337 2318; x_wconf 83' lang='lat' dir='ltr'><strong>Crassi.</strong></span> <span class='ocrx_word' id='word_1_172' title='bbox 1366 2282 1434 2316; x_wconf 83' lang='lat' dir='ltr'><strong>Ed.</strong></span> <span class='ocrx_word' id='word_1_173' title='bbox 1452 2282 1551 2328; x_wconf 90' lang='lat' dir='ltr'><strong>Lips.</strong></span> <span class='ocrx_word' id='word_1_174' title='bbox 1571 2282 1707 2317; x_wconf 85' lang='lat'><strong>516.—</strong></span> 
     </span>
     <span class='ocr_line' id='line_1_33' title="bbox 957 2339 1707 2383; baseline 0.001 -11"><span class='ocrx_word' id='word_1_175' title='bbox 957 2339 1154 2374; x_wconf 82' lang='lat' dir='ltr'><strong>Partensis.</strong></span> <span class='ocrx_word' id='word_1_176' title='bbox 1178 2339 1248 2375; x_wconf 90' lang='lat' dir='ltr'><strong>Ms.</strong></span> <span class='ocrx_word' id='word_1_177' title='bbox 1270 2341 1334 2375; x_wconf 87' lang='lat' dir='ltr'><strong>Fe.</strong></span> <span class='ocrx_word' id='word_1_178' title='bbox 1355 2342 1397 2383; x_wconf 81' lang='lat'><strong>2,</strong></span> <span class='ocrx_word' id='word_1_179' title='bbox 1426 2339 1449 2375; x_wconf 88' lang='lat' dir='ltr'><strong>i.</strong></span> <span class='ocrx_word' id='word_1_180' title='bbox 1479 2359 1526 2365; x_wconf 94' lang='lat'><strong>—-</strong></span> <span class='ocrx_word' id='word_1_181' title='bbox 1554 2340 1707 2374; x_wconf 82' lang='lat' dir='ltr'><strong>vincat?</strong></span> 
     </span>
     <span class='ocr_line' id='line_1_34' title="bbox 954 2397 1703 2442; baseline 0.001 -11"><span class='ocrx_word' id='word_1_182' title='bbox 954 2398 1016 2431; x_wconf 89' lang='lat' dir='ltr'><strong>Sic</strong></span> <span class='ocrx_word' id='word_1_183' title='bbox 1054 2398 1132 2433; x_wconf 88' lang='lat' dir='ltr'><strong>edd.</strong></span> <span class='ocrx_word' id='word_1_184' title='bbox 1172 2398 1271 2433; x_wconf 77' lang='lat' dir='ltr'><strong>Glar.</strong></span> <span class='ocrx_word' id='word_1_185' title='bbox 1301 2397 1423 2432; x_wconf 84' lang='lat' dir='ltr'><strong>Lamb.</strong></span> <span class='ocrx_word' id='word_1_186' title='bbox 1455 2397 1564 2442; x_wconf 89' lang='lat' dir='ltr'><strong>Cruq.</strong></span> <span class='ocrx_word' id='word_1_187' title='bbox 1593 2397 1703 2432; x_wconf 73' lang='lat' dir='ltr'><strong>Pulm-</strong></span> 
     </span>
     <span class='ocr_line' id='line_1_35' title="bbox 952 2453 1703 2491; baseline 0.003 -2"><span class='ocrx_word' id='word_1_188' title='bbox 952 2455 1069 2490; x_wconf 85' lang='lat' dir='ltr'><strong>Bentl.</strong></span> <span class='ocrx_word' id='word_1_189' title='bbox 1083 2456 1128 2490; x_wconf 87' lang='lat' dir='ltr'><strong>al.</strong></span> <span class='ocrx_word' id='word_1_190' title='bbox 1139 2456 1238 2490; x_wconf 88' lang='lat' dir='ltr'><strong>—V.</strong></span> <span class='ocrx_word' id='word_1_191' title='bbox 1250 2455 1284 2490; x_wconf 86' lang='lat'><strong>4.</strong></span> <span class='ocrx_word' id='word_1_192' title='bbox 1296 2456 1381 2489; x_wconf 86' lang='lat' dir='ltr'><strong>Aut.</strong></span> <span class='ocrx_word' id='word_1_193' title='bbox 1393 2454 1481 2488; x_wconf 88' lang='lat' dir='ltr'><strong>Mss.</strong></span> <span class='ocrx_word' id='word_1_194' title='bbox 1492 2453 1615 2489; x_wconf 87' lang='lat' dir='ltr'><strong>Jaeck.</strong></span> <span class='ocrx_word' id='word_1_195' title='bbox 1625 2455 1658 2490; x_wconf 85' lang='lat'><strong>4.</strong></span> <span class='ocrx_word' id='word_1_196' title='bbox 1669 2454 1703 2491; x_wconf 84' lang='lat'><strong>5.</strong></span> 
     </span>
     <span class='ocr_line' id='line_1_36' title="bbox 951 2511 1702 2560; baseline 0 -13"><span class='ocrx_word' id='word_1_197' title='bbox 951 2533 999 2539; x_wconf 89' lang='lat'><strong>——</strong></span> <span class='ocrx_word' id='word_1_198' title='bbox 1014 2514 1263 2560; x_wconf 78' lang='lat' dir='ltr'><strong>interreptare.</strong></span> <span class='ocrx_word' id='word_1_199' title='bbox 1282 2512 1351 2546; x_wconf 91' lang='lat' dir='ltr'><strong>Ms.</strong></span> <span class='ocrx_word' id='word_1_200' title='bbox 1369 2511 1471 2546; x_wconf 91' lang='lat' dir='ltr'><strong>Dess.</strong></span> <span class='ocrx_word' id='word_1_201' title='bbox 1490 2514 1523 2548; x_wconf 90' lang='lat'><strong>2.</strong></span> <span class='ocrx_word' id='word_1_202' title='bbox 1536 2511 1656 2546; x_wconf 89' lang='lat' dir='ltr'><strong>Berol.</strong></span> <span class='ocrx_word' id='word_1_203' title='bbox 1667 2515 1702 2547; x_wconf 89' lang='lat'><strong>1.</strong></span> 
     </span>
     <span class='ocr_line' id='line_1_37' title="bbox 952 2568 1702 2614; baseline -0.004 -8"><span class='ocrx_word' id='word_1_204' title='bbox 952 2572 1044 2606; x_wconf 81' lang='lat' dir='ltr'><strong>Edd.</strong></span> <span class='ocrx_word' id='word_1_205' title='bbox 1062 2573 1152 2607; x_wconf 87' lang='lat' dir='ltr'><strong>Ven.</strong></span> <span class='ocrx_word' id='word_1_206' title='bbox 1169 2571 1249 2607; x_wconf 86' lang='lat'><strong>520.</strong></span> <span class='ocrx_word' id='word_1_207' title='bbox 1269 2569 1367 2604; x_wconf 84' lang='lat' dir='ltr'><strong>Glar.</strong></span> <span class='ocrx_word' id='word_1_208' title='bbox 1378 2568 1600 2614; x_wconf 88' lang='lat' dir='ltr'><strong>Cruq.Hanc</strong></span> <span class='ocrx_word' id='word_1_209' title='bbox 1616 2570 1702 2603; x_wconf 87' lang='lat' dir='ltr'><strong>scri-</strong></span> 
     </span>
     <span class='ocr_line' id='line_1_38' title="bbox 952 2625 1699 2663; baseline 0 -1"><span class='ocrx_word' id='word_1_210' title='bbox 952 2629 1062 2663; x_wconf 89' lang='lat' dir='ltr'><strong>bendi</strong></span> <span class='ocrx_word' id='word_1_211' title='bbox 1071 2629 1242 2663; x_wconf 82' lang='lat' dir='ltr'><strong>rationem</strong></span> <span class='ocrx_word' id='word_1_212' title='bbox 1252 2631 1373 2660; x_wconf 84' lang='lat' dir='ltr'><strong>tuetur</strong></span> <span class='ocrx_word' id='word_1_213' title='bbox 1380 2625 1572 2661; x_wconf 87' lang='lat' dir='ltr'><strong>Lambinus</strong></span> <span class='ocrx_word' id='word_1_214' title='bbox 1580 2627 1623 2661; x_wconf 83' lang='lat' dir='ltr'><strong>ad</strong></span> <span class='ocrx_word' id='word_1_215' title='bbox 1629 2628 1699 2663; x_wconf 85' lang='lat' dir='ltr'><strong>Od.</strong></span> 
     </span>
     <span class='ocr_line' id='line_1_39' title="bbox 954 2684 1698 2731; baseline -0.001 -9"><span class='ocrx_word' id='word_1_216' title='bbox 954 2687 1030 2730; x_wconf 84' lang='grc'><strong>2,7,</strong></span> <span class='ocrx_word' id='word_1_217' title='bbox 1041 2686 1110 2730; x_wconf 85' lang='grc'><strong>24.,</strong></span> <span class='ocrx_word' id='word_1_218' title='bbox 1125 2695 1321 2731; x_wconf 83' lang='lat' dir='ltr'><strong>quanquam</strong></span> <span class='ocrx_word' id='word_1_219' title='bbox 1331 2684 1365 2718; x_wconf 89' lang='lat' dir='ltr'><strong>h.</strong></span> <span class='ocrx_word' id='word_1_220' title='bbox 1381 2684 1404 2719; x_wconf 87' lang='lat' dir='ltr'><strong>l.</strong></span> <span class='ocrx_word' id='word_1_221' title='bbox 1421 2684 1562 2730; x_wconf 81' lang='lat' dir='ltr'><strong>scripsit</strong></span> <span class='ocrx_word' id='word_1_222' title='bbox 1575 2685 1698 2721; x_wconf 85' lang='lat' dir='ltr'><strong>divise.</strong></span> 
     </span>
     <span class='ocr_line' id='line_1_40' title="bbox 952 2742 1699 2789; baseline -0.001 -10"><span class='ocrx_word' id='word_1_223' title='bbox 952 2744 1000 2779; x_wconf 86' lang='lat' dir='ltr'><strong>At</strong></span> <span class='ocrx_word' id='word_1_224' title='bbox 1045 2742 1328 2789; x_wconf 81' lang='lat' dir='ltr'><strong>praepositiones</strong></span> <span class='ocrx_word' id='word_1_225' title='bbox 1366 2753 1474 2787; x_wconf 87' lang='lat' dir='ltr'><strong>saepe</strong></span> <span class='ocrx_word' id='word_1_226' title='bbox 1520 2742 1699 2788; x_wconf 86' lang='lat' dir='ltr'><strong>interponi</strong></span> 
     </span>
     <span class='ocr_line' id='line_1_41' title="bbox 950 2797 1698 2845; baseline 0.003 -9"><span class='ocrx_word' id='word_1_227' title='bbox 950 2807 1090 2836; x_wconf 77' lang='lat' dir='ltr'><strong>constat</strong></span> <span class='ocrx_word' id='word_1_228' title='bbox 1102 2828 1110 2844; x_wconf 88' lang='lat'>,</span> <span class='ocrx_word' id='word_1_229' title='bbox 1138 2800 1209 2835; x_wconf 85' lang='lat' dir='ltr'><strong>vid.</strong></span> <span class='ocrx_word' id='word_1_230' title='bbox 1223 2797 1369 2843; x_wconf 85' lang='lat' dir='ltr'><strong>Forbig.</strong></span> <span class='ocrx_word' id='word_1_231' title='bbox 1390 2798 1434 2832; x_wconf 87' lang='lat' dir='ltr'><strong>ad</strong></span> <span class='ocrx_word' id='word_1_232' title='bbox 1457 2799 1552 2845; x_wconf 86' lang='lat' dir='ltr'><strong>Virg.</strong></span> <span class='ocrx_word' id='word_1_233' title='bbox 1569 2801 1645 2836; x_wconf 88' lang='lat' dir='ltr'><strong>Ecl.</strong></span> <span class='ocrx_word' id='word_1_234' title='bbox 1664 2804 1698 2845; x_wconf 88' lang='lat'><strong>6,</strong></span> 
     </span>
     <span class='ocr_line' id='line_1_42' title="bbox 951 2855 1698 2896; baseline 0 -3"><span class='ocrx_word' id='word_1_235' title='bbox 951 2860 1006 2894; x_wconf 91' lang='lat'><strong>19.</strong></span> <span class='ocrx_word' id='word_1_236' title='bbox 1029 2858 1198 2892; x_wconf 82' lang='lat' dir='ltr'><strong>salubris.</strong></span> <span class='ocrx_word' id='word_1_237' title='bbox 1216 2855 1276 2890; x_wconf 87' lang='lat' dir='ltr'><strong>Sic</strong></span> <span class='ocrx_word' id='word_1_238' title='bbox 1290 2867 1353 2892; x_wconf 84' lang='lat' dir='ltr'><strong>mS.</strong></span> <span class='ocrx_word' id='word_1_239' title='bbox 1373 2857 1472 2891; x_wconf 85' lang='lat' dir='ltr'><strong>Gott.</strong></span> <span class='ocrx_word' id='word_1_240' title='bbox 1492 2859 1524 2894; x_wconf 86' lang='lat'><strong>1.</strong></span> <span class='ocrx_word' id='word_1_241' title='bbox 1541 2878 1586 2883; x_wconf 94' lang='lat'><strong>—-</strong></span> <span class='ocrx_word' id='word_1_242' title='bbox 1603 2859 1646 2896; x_wconf 89' lang='lat' dir='ltr'><strong>V.</strong></span> <span class='ocrx_word' id='word_1_243' title='bbox 1663 2860 1698 2895; x_wconf 85' lang='lat'><strong>5.</strong></span> 
     </span>
     <span class='ocr_line' id='line_1_43' title="bbox 950 2914 1697 2960; baseline 0.005 -11"><span class='ocrx_word' id='word_1_244' title='bbox 950 2916 1135 2960; x_wconf 78' lang='lat' dir='ltr'><strong>quicquid.</strong></span> <span class='ocrx_word' id='word_1_245' title='bbox 1161 2914 1223 2948; x_wconf 88' lang='lat' dir='ltr'><strong>Sic</strong></span> <span class='ocrx_word' id='word_1_246' title='bbox 1241 2925 1322 2948; x_wconf 78' lang='lat' dir='ltr'><strong>mss,</strong></span> <span class='ocrx_word' id='word_1_247' title='bbox 1341 2914 1474 2949; x_wconf 88' lang='lat' dir='ltr'><strong>Graev.</strong></span> <span class='ocrx_word' id='word_1_248' title='bbox 1495 2915 1594 2951; x_wconf 89' lang='lat' dir='ltr'><strong>Dess.</strong></span> <span class='ocrx_word' id='word_1_249' title='bbox 1613 2918 1645 2951; x_wconf 91' lang='lat'><strong>1.</strong></span> <span class='ocrx_word' id='word_1_250' title='bbox 1664 2919 1697 2953; x_wconf 85' lang='grc'><strong>2.</strong></span> 
     </span>
    </p>
   </div>
   <div class='ocr_carea' id='block_1_12' title="bbox 154 2968 1696 3018">
    <p class='ocr_par' dir='ltr' id='par_1_18' title="bbox 154 2968 1696 3018">
     <span class='ocr_line' id='line_1_44' title="bbox 154 2968 1696 3018; baseline 0.003 -16"><span class='ocrx_word' id='word_1_251' title='bbox 154 2968 264 3014; x_wconf 82' lang='lat' dir='ltr'><strong>Cruq.</strong></span> <span class='ocrx_word' id='word_1_252' title='bbox 291 2969 401 3005; x_wconf 88' lang='lat' dir='ltr'><strong>Pulm.</strong></span> <span class='ocrx_word' id='word_1_253' title='bbox 426 2970 530 3007; x_wconf 85' lang='lat' dir='ltr'><strong>Torr.</strong></span> <span class='ocrx_word' id='word_1_254' title='bbox 564 2972 608 3008; x_wconf 81' lang='lat' dir='ltr'><strong>al.</strong></span> <span class='ocrx_word' id='word_1_255' title='bbox 638 2974 801 3018; x_wconf 72' lang='lat' dir='ltr'><strong>pedena.</strong></span> <span class='ocrx_word' id='word_1_256' title='bbox 829 2974 899 3008; x_wconf 87' lang='lat' dir='ltr'><strong>Ms.</strong></span> <span class='ocrx_word' id='word_1_257' title='bbox 946 2972 1047 3018; x_wconf 88' lang='lat' dir='ltr'><strong>Lips.</strong></span> <span class='ocrx_word' id='word_1_258' title='bbox 1065 2983 1155 3006; x_wconf 90' lang='lat' dir='ltr'><strong>omn.</strong></span> <span class='ocrx_word' id='word_1_259' title='bbox 1189 2991 1232 2997; x_wconf 89' lang='lat'>—</span> <span class='ocrx_word' id='word_1_260' title='bbox 1267 2972 1481 3015; x_wconf 82' lang='lat' dir='ltr'><strong>bonumque.</strong></span> <span class='ocrx_word' id='word_1_261' title='bbox 1497 2972 1567 3007; x_wconf 89' lang='lat' dir='ltr'><strong>Ms.</strong></span> <span class='ocrx_word' id='word_1_262' title='bbox 1586 2973 1696 3018; x_wconf 89' lang='lat' dir='ltr'><strong>Cruq.</strong></span> 
     </span>
    </p>
   </div>
   <div class='ocr_carea' id='block_1_13' title="bbox 209 3025 412 3062">
    <p class='ocr_par' dir='ltr' id='par_1_19' title="bbox 209 3025 412 3062">
     <span class='ocr_line' id='line_1_45' title="bbox 209 3025 412 3062; baseline 0.015 -3"><span class='ocrx_word' id='word_1_263' title='bbox 209 3025 358 3062; x_wconf 68' lang='lat' dir='ltr'><strong>Honvr.</strong></span> <span class='ocrx_word' id='word_1_264' title='bbox 383 3027 412 3062; x_wconf 91' lang='grc' dir='ltr'><strong>Ι.</strong></span> 
     </span>
    </p>
   </div>
   <div class='ocr_carea' id='block_1_14' title="bbox 1244 3030 1391 3084">
    <p class='ocr_par' dir='ltr' id='par_1_20' title="bbox 1244 3030 1391 3084">
     <span class='ocr_line' id='line_1_46' title="bbox 1244 3030 1391 3084; baseline 0.007 -13"><span class='ocrx_word' id='word_1_265' title='bbox 1244 3030 1298 3071; x_wconf 89' lang='lat'><strong>16</strong></span> <span class='ocrx_word' id='word_1_266' title='bbox 1325 3030 1391 3084; x_wconf 85' lang='lat'><strong>(3)</strong></span> 
     </span>
    </p>
   </div>
  </div>
 </body>
</html>
