2028 3268
399 234 482 276 208
529 235 903 277 COMMENTARII
930 235 987 275 IN
1013 234 1238 276 HORATII
1260 233 1359 273 LIB.
1378 235 1408 275 Ι.
1443 235 1605 279 EPIST.
1629 235 1787 277 TERT.
1861 238 1915 278 18

402 355 496 395 Titii
531 357 765 409 vituperandi
795 369 944 395 causam
968 357 1239 407 rationemque,
1267 363 1309 394 ut
1327 357 1419 395 Hor.
1443 358 1520 395 fere
1542 356 1631 395 nihil
1659 355 1757 394 aliud
1777 357 1914 397 indicet

398 424 469 461 nisi
499 425 591 462 hoc:
634 424 745 473 „Qui
775 423 812 459 in
841 422 1003 460 Pindaro
1032 424 1210 461 imitando
1240 424 1335 461 vires
1368 423 1574 474 experitur,
1601 435 1660 460 me
1683 436 1801 475 prope
1827 438 1915 463 con-

398 490 571 527 fidentior
597 493 661 526 est·
676 489 702 511 “
752 489 814 525 Sic
841 488 935 526 bene
969 489 1151 530 Orellius.
1192 489 1354 527 Verbum
1383 491 1478 526 enim
1503 503 1580 526 non
1608 489 1801 538 expalluit
1819 490 1913 542 (Od,

399 557 441 605 3,
463 557 531 604 27,
556 554 655 606 29.),
678 567 835 603 quocum
858 559 946 605 apte
971 557 1114 594 confert
1137 557 1204 593 Fr.
1220 555 1377 592 Jacobs.
1404 556 1478 595 Od.
1502 556 1540 605 1,
1559 556 1626 605 37,
1645 557 1712 596 21.
1737 570 1808 593 nec
1823 571 1914 594 mu-

399 620 569 657 liebriter
597 622 754 670 expavit
779 634 907 657 ensem
919 649 933 666 ,
961 622 1070 659 sicuti
1094 623 1270 674 Particip‚
1295 636 1416 659 ausus
1436 620 1624 658 notionem
1654 625 1911 662 tantummodo

398 687 504 725 fortis
525 686 658 735 animi,
688 686 943 724 difficultatem
967 689 1018 725 rei
1036 690 1227 738 cujusdam
1254 690 1542 738 contemnentis,
1563 702 1637 727 non
1656 691 1771 728 falsae
1794 693 1911 728 teme-

396 753 587 801 rariaeque
609 752 764 789 fiduciae
782 753 939 804 (Weich.
956 754 982 791 l.
1000 754 1025 795 l.
1049 769 1086 804 p.
1105 754 1206 806 383)
1229 755 1363 805 habet,
1390 759 1432 792 ut
1462 755 1678 804 intelligitur
1709 769 1754 794 ex
1773 768 1808 796 v,
1834 757 1913 807 20.,

397 819 477 858 Sat.
510 819 556 868 1,
575 819 624 868 6,
656 820 721 858 76.
752 821 798 870 2,
829 821 878 870 1,
906 821 971 860 10.
1007 820 1129 871 Epist.
1159 822 1206 870 1,
1233 823 1279 870 2,
1310 819 1402 871 40.,
1433 821 1530 872 aliis,
1560 835 1715 871 quorum
1739 835 1912 873 magnam

397 885 543 935 copiam
563 885 751 934 congessit
771 885 982 923 Seebodius
1000 887 1025 926 l.
1046 889 1094 925 ad
1112 902 1147 925 v.
1168 889 1204 927 6.
1225 888 1325 928 laud.
1350 903 1388 938 p.
1406 891 1470 930 18.
1486 913 1542 920 —
1557 891 1800 928 Pindaricus
1813 890 1913 940 sons

397 955 455 988 est
485 963 529 989 ex
563 952 645 1001 ipsa
673 952 906 1000 antiquorum
936 954 1123 991 hominum
1155 955 1337 991 sentiendi
1371 957 1515 994 ratione
1544 959 1640 1007 fons,
1665 969 1709 995 ex
1728 969 1802 1006 quo
1827 955 1914 993 Pin-

396 1017 508 1054 darus
537 1017 610 1054 vim
641 1019 826 1067 poeticam
861 1019 1005 1070 hausit,
1038 1022 1114 1058 sive
1143 1025 1200 1058 est
1228 1020 1337 1058 Dirce
1361 1022 1435 1060 Od.
1464 1020 1510 1073 4,
1537 1025 1586 1073 2,
1621 1023 1706 1072 25.,
1734 1023 1811 1060 sive
1832 1023 1913 1071 quis

396 1083 511 1132 alius,
547 1087 627 1120 tum
659 1083 842 1122 Pindarus
866 1086 968 1136 ipse,
1009 1099 1053 1124 ex
1082 1100 1155 1136 quo
1192 1082 1365 1125 hauriunt
1394 1089 1611 1129 imitatores.
1665 1088 1844 1139 Exempla
1875 1089 1914 1125 in

396 1153 592 1198 utramque
612 1163 691 1188 rem
718 1163 978 1201 usquequaque
1006 1157 1094 1190 sunt
1113 1153 1231 1193 obvia.
1278 1153 1428 1195 Lucret.
1447 1153 1494 1204 4,
1516 1157 1552 1204 1.
1578 1156 1690 1193 Λνία
1710 1155 1914 1192 Pieridum

393 1229 564 1266 peragro
592 1215 679 1253 loca
687 1244 704 1262 ,
732 1218 884 1254 nullius
913 1221 1097 1256 antetrita
1121 1220 1222 1258 solo:
1253 1224 1379 1266 juvat
1412 1204 1582 1272 integtfos
1613 1222 1794 1259 accedere
1810 1222 1914 1272 son-

398 1284 468 1320 teis
480 1283 616 1333 Atque
634 1284 807 1320 haurire.
839 1284 939 1335 Virg.
955 1286 1024 1325 Ge.
1044 1287 1084 1336 2,
1108 1287 1203 1327 175.
1223 1295 1399 1324 sacratos
1423 1301 1544 1325 ausus
1561 1287 1913 1338 recluderesontes.

396 1348 510 1399 Prop.
534 1351 581 1400 2,
612 1350 688 1399 10,
713 1350 778 1391 25.
809 1350 913 1388 Pald.
973 1352 1164 1389 Nondum
1195 1356 1312 1390 etiam
1328 1355 1524 1392 Ascraeos
1548 1362 1692 1392 norunt
1722 1367 1808 1390 mea
1825 1367 1916 1390 car—

397 1417 508 1452 mina
515 1417 653 1467 fonte-5·
663 1444 679 1462 ,
710 1417 791 1454 Sed
815 1419 928 1455 modo
953 1420 1150 1456 Permessi
1161 1420 1337 1469 flumine
1360 1421 1461 1458 lavit
1479 1423 1620 1463 Amor,
1656 1422 1715 1459 Cf.
1738 1421 1788 1460 id.
1809 1420 1858 1470 3,
1875 1421 1914 1470 2,

397 1483 434 1523 5.
459 1482 522 1523 52.
557 1484 605 1533 3,
633 1484 680 1533 1,
710 1484 848 1525 1-6,
897 1486 1010 1526 Ovid.
1043 1499 1087 1524 ex
1115 1486 1226 1525 Pont.
1251 1486 1299 1539 4,
1330 1491 1378 1540 2,
1406 1489 1472 1530 47.
1510 1489 1573 1527 At
1590 1497 1657 1534 tu,
1685 1489 1751 1525 cui
1771 1487 1916 1524 bibitur

384 1548 553 1598 felicius
586 1549 745 1587 Aonius
759 1553 855 1602 fons
867 1580 880 1596 ,
917 1553 1074 1589 Utiliter
1102 1555 1276 1592 studium
1307 1557 1414 1606 quod
1432 1557 1504 1593 tibi
1531 1556 1631 1592 cedit
1641 1582 1659 1600 ,
1689 1568 1796 1592 ama.
1856 1554 1912 1593 Id.

396 1614 523 1652 Amor.
548 1616 597 1665 3,
628 1616 674 1666 9,
713 1617 780 1658 25.
838 1619 965 1657 Manil.
994 1620 1147 1659 Astron.
1183 1623 1232 1672 2,
1267 1625 1305 1663 8.
1343 1627 1531 1675 cujusque
1557 1620 1748 1674 (Homeri)
1784 1633 1828 1657 ex
1854 1633 1915 1656 ore

391 1683 581 1732 profusos
610 1684 736 1719 omnis
754 1687 966 1733 posteritas
994 1686 1130 1723 latices
1160 1688 1203 1724 in
1233 1692 1411 1727 earmina
1441 1691 1580 1734 duxit,
1605 1687 1856 1737 Amnemque
1871 1689 1915 1722 in

399 1755 532 1784 tenues
560 1761 661 1785 ausa
691 1756 746 1785 est
774 1750 962 1788 deducere
991 1754 1095 1790 rivos
1129 1754 1255 1792 Unius
1277 1757 1460 1806 fec-unda
1487 1756 1608 1792 bonis.
1668 1753 1762 1790 Ibid.
1783 1766 1820 1791 v.
1847 1752 1913 1792 50·

407 1814 545 1851 Omnis
567 1815 625 1852 ad
647 1829 825 1855 accessus
846 1820 1051 1856 Heliconi-s·
1080 1824 1217 1859 semita
1248 1826 1341 1860 trita
1363 1832 1417 1861 est
1429 1837 1441 1871 3
1471 1825 1524 1860 Et
1534 1825 1625 1868 jam
1654 1820 1808 1870 confusi
1826 1833 1914 1855 ma-

398 1888 502 1918 nant
522 1882 569 1918 de
584 1881 764 1933 fontibus
790 1899 952 1932 amnes,
981 1887 1068 1925 Nee
1088 1891 1253 1939 capiunt
1274 1891 1459 1927 haustum
1482 1889 1715 1940 turham-que
1742 1888 1800 1925 ad
1822 1895 1915 1924 nota

397 1955 586 1985 ruentem.
647 1950 706 1987 Cf.
734 1951 830 1992 Hor.
854 1953 933 1992 Sat.
956 1955 1001 2003 2,
1024 1953 1073 2004 4,
1104 1955 1170 1996 94.
1197 1956 1340 1998 Auson.
1368 1956 1513 1994 Mosell.
1533 1953 1627 1995 444.
1675 1955 1734 1992 De
1763 1967 1804 1992 re
1833 1955 1916 2004 ipsa

400 2013 509 2050 docte
529 2015 767 2064 disputarunt
790 2019 955 2055 Mitsclz.
988 2021 1036 2057 ad
1061 2022 1136 2059 Od.
1159 2024 1205 2072 1,
1235 2025 1309 2073 26,
1339 2025 1378 2064 6,
1431 2025 1597 2059 Passov.
1620 2024 1669 2060 ad
1695 2021 1797 2058 Pers.
1814 2020 1914 2060 Prol.

401 2080 439 2118 1.
474 2092 510 2129 p.
547 2081 639 2120 206.
698 2083 866 2133 Rupert.
906 2087 955 2124 ad
983 2087 1065 2127 Juv.
1106 2090 1146 2138 7,
1177 2090 1242 2129 57.
1303 2089 1534 2139 Hertzbetg.
1573 2089 1610 2126 in
1639 2087 1772 2137 Progr.
1802 2087 1915 2126 schol.

398 2146 590 2186 Halberst.
627 2148 765 2188 1836:
827 2152 1047 2190 Observatt.
1082 2156 1124 2191 in
1154 2156 1242 2206 alqt
1281 2157 1385 2193 Sext.
1428 2156 1535 2192 Aur.
1575 2157 1774 2204 Propertii
1813 2155 1916 2191 locos

398 2226 438 2263 p.
458 2215 497 2253 7.
523 2235 578 2241 —
609 2213 721 2254 lacus
750 2225 786 2254 ec
814 2220 918 2256 rivos
952 2228 1105 2269 apertos
1136 2222 1288 2271 dubito,
1317 2236 1405 2260 num
1426 2227 1524 2260 recte
1549 2221 1771 2259 intellexerit
1801 2221 1915 2258 We-

400 2282 562 2318 landius
591 2284 687 2333 „die
714 2285 905 2333 gemeinen
928 2287 1104 2324 Bachlein
1128 2290 1203 2325 und
1225 2290 1284 2326 die
1307 2289 1502 2339 Teiche,“
1529 2301 1642 2337 quum
1669 2287 1718 2324 ob
1742 2287 1914 2336 majorem

399 2349 666 2387 contrariorum
690 2351 762 2388 vim
789 2353 991 2391 similitudo
1023 2354 1070 2390 ab
1105 2356 1394 2403 aquaeductibus
1422 2356 1584 2407 petenda
1604 2355 1793 2402 videatur,
1822 2365 1914 2401 quo—

399 2428 480 2452 rum
511 2414 656 2454 canales
694 2430 828 2466 aquam
861 2419 899 2455 in
940 2420 1195 2457 immissorium
1237 2422 1445 2459 derivantes
1484 2422 1555 2472 ipsi
1598 2421 1676 2456 rivi
1713 2423 1913 2465 vocantur3

401 2485 514 2523 Orell.
543 2484 657 2522 Inscr.
690 2483 738 2521 N.
768 2485 832 2524 51.
852 2485 942 2532 53.;
972 2486 1018 2522 de
1051 2485 1217 2523 lacubus
1239 2487 1311 2524 vid.
1336 2488 1474 2528 Heind.
1504 2487 1553 2524 ad
1576 2487 1656 2523 Sat.
1686 2486 1708 2525 1
1725 2513 1738 2535 ,
1767 2483 1814 2535 4,
1845 2486 1911 2526 37.

402 2551 597 2588 Fastldire
630 2554 688 2588 est
722 2551 878 2589 hominis
915 2552 1094 2601 elegantis
1122 2552 1214 2603 (od.
1239 2554 1287 2603 3,
1313 2554 1334 2593 1
1350 2582 1362 2604 ,
1384 2555 1446 2595 23.
1493 2554 1614 2604 Epist.
1642 2553 1690 2601 1,
1718 2553 1784 2602 17,
1810 2550 1910 2602 15-),

402 2619 465 2666 qui
495 2619 603 2656 vilem
635 2619 819 2667 quendam
853 2619 1093 2670 patulumque
1133 2619 1258 2657 orbem
1295 2621 1464 2659 devitans
1499 2632 1642 2658 summa
1674 2618 1840 2667 sequitur
1872 2617 1911 2654 in

400 2683 532 2733 lyricis,
589 2684 736 2722 Etenim
768 2688 881 2721 cacus
919 2686 1071 2735 rivique
1103 2688 1231 2735 aperti
1262 2687 1499 2726 similitudine
1535 2688 1701 2724 detracta
1733 2683 1792 2721 vel
1822 2687 1913 2723 sunt

402 2746 524 2799 poesis
560 2763 696 2800 genera
731 2755 771 2788 et
799 2751 961 2789 faciliora
993 2755 1031 2788 et
1059 2751 1194 2790 leviora
1220 2752 1353 2801 lyricae
1382 2755 1487 2805 poesi
1514 2753 1710 2804 opposita,
1738 2753 1780 2788 ut
1807 2750 1910 2786 Pin-

403 2815 562 2852 daricus
594 2818 738 2855 dicatur
759 2819 882 2868 fons,v
903 2831 923 2856 e
951 2831 1024 2868 quo
1051 2822 1196 2857 emanet
1226 2820 1331 2869 quasi
1360 2821 1479 2858 omnis
1499 2821 1554 2859 vis
1578 2819 1711 2869 lyrica,
1743 2816 1801 2855 vel
1823 2820 1912 2855 sunt

404 2881 551 2920 omnino
583 2883 748 2933 vulgaria
779 2888 817 2922 et
854 2884 1045 2924 humiliora
1078 2884 1194 2937 ipsius
1231 2887 1354 2937 poesis
1389 2888 1526 2937 lyricae
1557 2897 1711 2937 genera,
1750 2886 1794 2922 ut
1809 2883 1913 2934 sone
