2028 3268
401 1053 492 1095 1,1‚
525 1052 580 1085 20.

472 1129 487 1133 -
526 1105 582 1141 57.

473 1295 489 1301 -
527 1274 584 1308 68.

475 1407 489 1410 -
506 1381 585 1420 104.

403 1574 419 1579 -
473 1551 582 1586 -105,

404 1629 419 1634 -
465 1609 582 1651 2,12.

403 1740 419 1744 -
466 1719 585 1762 3‚19.

405 1825 502 1872 -4,
550 1828 583 1861 9.

693 915 918 959 Addenda
955 914 1117 959 critica
1153 915 1213 958 ad
1245 915 1363 972 fasc.
1398 914 1611 974 priores.-

638 1049 733 1082 lenta
761 1049 980 1094 improbatur
1009 1050 1054 1082 ab
1086 1049 1230 1082 Omnem
1255 1047 1293 1082 in
1319 1049 1444 1083 Noctt.
1477 1049 1570 1093 Hag.
1599 1049 1636 1092 3,
1665 1050 1700 1084 6.
1727 1061 1764 1094 p.
1795 1049 1877 1086 369.

638 1105 721 1139 tibi?
754 1111 836 1139 sunt
862 1097 997 1139 viores?
1032 1109 1081 1138 est
1108 1104 1234 1149 lingua
1250 1105 1431 1148 fidesque?
1485 1105 1546 1138 Sic
1575 1104 1746 1150 distingui
1773 1107 1907 1140 mavult

639 1161 860 1195 Lehmannus
887 1162 923 1195 in
950 1161 1160 1194 Lucubratt.
1188 1161 1234 1193 ΙΙ.
1263 1171 1300 1204 p.
1332 1162 1387 1195 12.
1444 1160 1499 1194 De
1527 1161 1651 1194 ordine
1678 1172 1739 1195 vv.
1762 1160 1820 1197 57.
1847 1161 1904 1196 58.

639 1216 806 1250 dissentit
831 1217 866 1249 J.
894 1218 939 1250 H.
972 1216 1106 1250 Vossius
1138 1215 1176 1248 in
1202 1215 1327 1259 ‚,Anm.
1354 1214 1426 1249 und
1451 1215 1720 1260 Randglossen“
1747 1228 1784 1262 p.
1811 1214 1890 1253 254.
1915 1247 1919 1255 ,

642 1283 716 1305 rem
745 1272 785 1305 Si
807 1283 846 1316 p.
872 1278 984 1313 recte;
1027 1272 1078 1306 sic
1117 1271 1200 1305 dist.
1239 1271 1320 1304 edd.
1357 1270 1438 1304 Asc.
1468 1271 1591 1305 Lamb.
1622 1273 1731 1316 Cruq.
1763 1272 1811 1307 al.
1839 1272 1906 1306 Di-

638 1327 864 1362 stinctionem
889 1328 929 1361 Si
947 1339 983 1372 p.
1008 1333 1116 1368 recte;
1141 1338 1215 1360 cum
1239 1327 1401 1362 Gesnero
1428 1326 1499 1360 def.
1522 1327 1714 1362 Lehmann.
1735 1327 1760 1361 l.
1775 1327 1800 1361 l.
1822 1339 1859 1373 p.
1869 1329 1905 1362 8.

639 1383 705 1424 sis3
747 1388 781 1417 et
804 1395 860 1428 pr.
888 1388 969 1418 sect.
995 1383 1219 1417 stomacharis
1253 1387 1321 1417 etc.
1379 1383 1481 1416 Hanc
1518 1382 1728 1428 scripturam
1764 1387 1907 1428 praeter

642 1439 875 1473 Kirchnerum
913 1440 948 1475 J.
979 1438 1187 1473 Tunstallus
1217 1449 1357 1484 quoque
1392 1441 1511 1472 tuetur
1548 1450 1606 1484 ap.
1632 1438 1825 1474 Duncomb.
1855 1439 1904 1473 Π.

640 1555 674 1584 te
700 1551 823 1595 suspic.
853 1550 1029 1595 improbat
1058 1549 1212 1583 Ouwens
1240 1549 1276 1582 in
1303 1548 1428 1582 Noctt.
1456 1549 1550 1594 Hag.
1571 1549 1607 1592 3,
1636 1549 1670 1583 6.
1701 1560 1736 1593 p.
1771 1544 1850 1586 104.

641 1605 808 1640 Peleidem
834 1624 890 1633 —-
914 1605 1090 1640 Atreiden.
1157 1605 1219 1638 Sic
1255 1604 1312 1638 ed.
1338 1604 1459 1638 Lamb.
1487 1607 1544 1632 -’-
1571 1605 1790 1649 Scripturam
1817 1605 1909 1638 inter

642 1680 697 1687 —-
722 1662 813 1696 inter
839 1667 964 1696 contra
989 1660 1187 1695 Bentleium
1217 1661 1288 1694 def.
1321 1661 1467 1695 Ouwens
1493 1660 1528 1704 3,
1552 1661 1587 1695 8.
1619 1671 1657 1705 p.
1686 1656 1769 1694 414.

643 1717 746 1750 Hunc
783 1728 923 1751 versum
950 1717 1099 1760 respicit
1135 1717 1238 1750 Serv.
1268 1716 1312 1750 ad
1339 1716 1441 1760 Virg.
1472 1715 1560 1750 Aen.
1593 1718 1654 1759 11,
1699 1714 1803 1758 522„
1844 1714 1907 1748 sed

640 1772 824 1806 memoriae
852 1773 953 1817 lapsu
980 1772 1068 1805 citat
1094 1783 1183 1805 mov.
1207 1771 1392 1816 vulpecula
1418 1771 1474 1805 ris.

640 1828 841 1862 Marcilius:
870 1834 903 1863 et
931 1826 992 1872 qui
1017 1839 1082 1873 pro
1112 1833 1145 1862 et
1171 1832 1222 1861 ut.
