2054 3268
745 286 1148 330 PRAEFATIO.
1616 297 1698 327 xxx

150 425 284 471 durch
308 424 378 470 die
409 422 737 486 Vergleichung
764 423 843 468 der
872 421 1023 467 beiden
1049 420 1202 466 Bande
1235 417 1300 466 M.
1335 419 1384 464 4.
1421 417 1534 463 196.
1568 417 1698 481 (vom

150 518 197 564 J.
223 513 384 576 1492)
411 516 498 561 und
517 515 583 562 Μ.
605 516 654 562 4.
677 515 776 561 234
805 514 935 578 [vom
959 514 1005 559 J.
1035 509 1198 572 1498)
1230 514 1275 556 in
1286 510 1384 556 ader
1409 510 1564 573 Leipz.
1583 509 1698 557 Uni—

149 609 605 656 versitatsbibliothek.
647 607 722 653 Ich
743 607 920 652 erlaube
942 607 1024 650 mir
1052 606 1121 650 bei
1145 605 1288 650 dieser
1309 604 1602 665 Gelegenheit
1629 603 1698 647 die

151 701 504 762 Versicherung,
532 701 635 746 dass
663 700 747 745 den
767 699 934 744 literar.
962 697 1050 743 und
1069 697 1356 758 bibliograph.
1375 697 1699 742 Nachweisun-

151 806 241 855 gen
260 794 424 838 meines
442 792 674 838 verehrten
690 789 934 851 Freundes7
960 790 1107 835 Herrn
1127 790 1207 834 Dr.
1231 788 1449 845 Bardili,
1479 790 1536 833 im
1551 787 1700 832 Fache

152 884 232 930 der
263 885 600 930 altklassischen
625 884 845 930 Literatur
868 885 1020 928 immer
1048 882 1128 927 der
1152 881 1312 927 vollste
1344 881 1513 926 Glaube
1539 881 1700 941 beige-

153 989 327 1022 messen
350 977 529 1022 werden
558 977 694 1022 kann.
762 975 829 1021 Es
849 977 907 1020 ist
928 973 1233 1035 unglaublich7
1266 974 1353 1018 wie
1378 974 1469 1018 viel
1497 973 1584 1018 und
1614 972 1702 1016 wie

151 1067 313 1128 richtig
340 1067 484 1114 dieser
513 1068 725 1114 Gelehrte
756 1070 908 1113 immer
938 1067 1134 1128 gesehen
1155 1065 1242 1112 und
1270 1066 1360 1110 wie
1391 1063 1703 1124 selbststandig-

151 1173 202 1205 er
227 1158 454 1220 geforscht
483 1160 576 1206 hat.
621 1160 697 1206 Ich
718 1160 830 1206 habe
860 1160 976 1205 diess
1001 1161 1069 1204 bei
1099 1158 1434 1220 Vergleichung
1452 1158 1596 1201 seiner
1622 1157 1703 1201 mir

151 1250 373 1297 zahlreich
400 1253 716 1313 mitgetheilten
745 1253 962 1314 Angaben
991 1253 1068 1298 mit
1101 1251 1186 1296 den
1213 1251 1295 1295 mir
1323 1265 1379 1295 zu
1406 1248 1575 1294 Gebote
1603 1253 1702 1293 ste-

151 1342 324 1388 henden
344 1343 641 1405 Exemplaren
666 1343 816 1406 haufig
846 1360 900 1390 zu
927 1345 1139 1405 erproben
1171 1342 1465 1404 Gelegenheit
1489 1338 1704 1402 gehabt.“

251 1433 364 1479 Dedi
379 1436 514 1496 igitur
542 1437 710 1498 omnia,
744 1451 853 1496 quae
884 1436 940 1482 de
970 1436 1054 1482 hac
1079 1435 1268 1482 editione
1298 1435 1488 1495 principe
1515 1434 1559 1477 in
1580 1432 1702 1478 Ger-

153 1526 295 1570 mania
314 1527 396 1571 hac
420 1527 589 1586 quidem
617 1533 763 1574 aetate
791 1529 958 1575 erudite
980 1529 1198 1590 disputata
1216 1531 1338 1587 sunt,
1372 1530 1419 1571 ut
1436 1527 1490 1585 ii,
1526 1539 1703 1584 quorum

151 1617 195 1661 id
235 1618 349 1662 scire
387 1619 595 1681 interest,
645 1619 857 1666 haberent
890 1622 1009 1681 quasi
1049 1624 1148 1666 acta
1185 1619 1242 1663 ad
1281 1623 1399 1664 recte
1426 1616 1704 1675 judicandum

150 1708 320 1755 idonea.

249 1800 415 1858 Quodsi
448 1803 492 1846 in
520 1803 801 1849 annotatione
832 1804 980 1849 critica
1018 1817 1143 1864 quam
1169 1802 1356 1847 maxime
1390 1799 1534 1846 studui
1560 1800 1703 1845 brevis

151 1907 276 1954 esse,
305 1895 544 1955 neminem,
574 1895 751 1957 opinor,
779 1895 993 1957 offendet,
1023 1895 1163 1956 quod⁷
1193 1908 1250 1939 ne
1277 1893 1388 1940 oculi
1409 1894 1453 1937 in
1473 1897 1706 1953 conspeetu

154 1987 392 2045 scripturae
420 1987 628 2031 variantis
660 1986 991 2048 distinerentur,
1043 2001 1177 2048 saepe
1206 1987 1345 2032 Feam
1378 1990 1536 2031 testem
1571 1986 1706 2030 citare

155 2077 311 2136 malui,
355 2091 480 2136 quam
508 2077 718 2123 editiones
746 2084 920 2124 veteres
947 2080 999 2123 ab
1029 2081 1124 2140 ipso
1156 2078 1359 2124 laudatos
1397 2077 1534 2122 oculis
1563 2077 1705 2121 denuo

155 2168 380 2224 subiicere.
448 2167 718 2214 Praedicovii
754 2170 1040 2216 deliramenta
1062 2171 1133 2215 hic
1168 2171 1258 2214 illic
1297 2174 1345 2215 ut
1373 2184 1418 2213 v.
1457 2169 1506 2212 6.
1539 2172 1706 2212 extre-

154 2272 289 2302 mam
310 2284 373 2290 -—
398 2273 619 2303 arenam.
653 2259 735 2304 58.
763 2259 874 2305 Sit!
918 2260 1314 2323 Quadringentis
1332 2265 1424 2304 etc.
1448 2259 1531 2303 60.
1608 2258 1706 2303 Hic

154 2344 330 2408 μισθὸς
356 2354 532 2395 aeneus
561 2357 665 2396 esto
693 2378 756 2384 —
780 2367 824 2397 v.
857 2352 939 2396 61.
970 2351 1144 2413 culpa!
1194 2351 1276 2396 An
1303 2357 1387 2397 etc.
1419 2356 1464 2396 et
1492 2351 1538 2395 id
1565 2364 1705 2411 genus

153 2443 242 2486 alia
269 2456 298 2486 a
323 2457 392 2487 me
418 2444 580 2488 omissa
608 2457 734 2489 nemo
767 2444 944 2489 dolebit.
1014 2444 1064 2488 In
1091 2443 1423 2491 Commentariis
1446 2443 1554 2503 ipsis
1581 2444 1617 2487 si
1642 2444 1705 2487 li-

153 2535 308 2580 beriori
338 2536 683 2581 sermocinationi
716 2535 951 2581 indulsisse
991 2536 1166 2596 videar,
1209 2536 1252 2580 id
1289 2536 1524 2580 existimari
1556 2536 1705 2595 velim,

153 2640 391 2686 perpaucos
426 2629 585 2672 veteris
629 2628 858 2686 cujuslibet
899 2632 1057 2689 poetae
1099 2629 1220 2673 locos
1258 2632 1377 2672 recte
1421 2632 1704 2687 accurateque

154 2719 339 2778 intelligi
359 2732 513 2778 posse,
550 2720 632 2763 nisi
665 2719 872 2764 adhibeas
900 2722 1011 2766 alios
1041 2722 1161 2779 quasi
1191 2724 1325 2765 testes
1352 2719 1465 2764 idem
1491 2720 1563 2763 vel
1595 2733 1703 2764 sen-

155 2809 287 2854 tiendi
316 2810 388 2853 vel
413 2809 577 2854 dicendi
609 2811 853 2858 fidissimoS.
898 2813 984 2858 Est
1010 2813 1284 2872 interpretis,
1317 2812 1530 2857 illustrem
1559 2825 1705 2856 rerum

155 2901 429 2960 suppeditare
451 2903 826 2965 explanationem,
852 2910 899 2950 ut
926 2906 953 2948 ii
968 2936 983 2964 7
1018 2906 1086 2963 qui
1112 2905 1266 2965 legunt
1282 2904 1355 2948 vel
1376 2903 1580 2963 audiunt,
1615 2903 1702 2947 ha-

155 2992 310 3052 beant,
339 2994 486 3052 quibus
512 2995 594 3054 ipsi
623 2996 703 3040 sibi
733 3001 888 3056 parent
913 3010 1057 3042 rerum
1085 2997 1163 3041 sub
1187 3001 1408 3058 aspectum
1434 3009 1573 3057 paene
1595 2996 1702 3040 sub-
