2028 3268
150 221 212 265 39
296 218 676 260 COMMENTARII
704 219 762 257 IN
791 217 978 258 HORAT
980 219 1014 258 11
1041 217 1142 257 LIB.
1163 218 1192 258 Ι.
1211 216 1378 257 EPIST.
1398 218 1550 258 SEXT.
1621 219 1707 262 311

155 353 227 387 ton
249 352 363 384 vetus
390 346 440 384 ad
467 350 668 396 argentum
697 358 850 396 quoque
878 345 1121 383 referendum
1150 348 1224 393 est,
1254 344 1326 381 vid.
1355 349 1486 383 annot.
1515 347 1565 383 ad
1598 348 1637 396 1,
1666 349 1705 397 1,

24 398 28 462 ζ
56 415 71 422 ”
151 412 224 456 41.
281 414 400 453 nach.
427 415 477 452 ad
503 414 616 454 ovid.
644 413 739 451 Met.
773 413 822 463 9,
855 411 977 459 437.;
1017 412 1094 450 „011
1123 417 1252 450 autem
1281 412 1397 451 fidem
1425 413 1567 452 habere
1601 415 1705 452 cn.-

78 507 79 510 =
152 483 248 536 quio
275 496 450 535 aeraque
478 491 515 520 et
543 483 642 520 artis
667 481 714 521 ἓν
741 477 807 520 dio}
839 481 954 521 δυοῖν
974 494 1062 519 esse
1084 481 1266 531 opinanti,
1295 485 1339 519 ut
1359 482 1435 521 sint
1448 496 1585 520 aereae
1598 491 1705 521 artes

19 2228 41 2266 ³³:

18 2274 47 2329 ἒ

17 2327 48 2380 ἐξ,

28 2429 46 2488 ἓξ

149 552 176 590 i.
196 564 232 595 e.
253 555 404 591 statuae
424 556 464 590 et
484 563 576 589 vasa
596 563 642 588 ex
665 562 754 587 aere
782 549 902 596 sacta;
930 549 1002 587 hoc
1030 550 1184 599 quidem
1209 563 1280 601 per
1300 563 1343 587 se
1363 563 1494 589 verum
1514 551 1702 603 (Schmid.

147 619 200 659 ad
227 619 354 671 Epist.
382 623 423 671 2,
456 622 496 670 1,
527 618 626 662 240.
684 617 809 668 Heyn.
842 618 891 655 ad
919 617 1024 668 Virg.
1057 618 1129 656 Ge.
1164 621 1211 667 1,
1242 618 1382 670 480),
1417 621 1487 658 sed
1509 627 1616 658 artes
1642 622 1702 659 in-

147 687 372 740 telliguntur
401 689 459 727 vel
489 688 681 726 murrhina
708 686 794 724 Juv.
825 688 865 737 6,
906 686 1014 736 156.,
1045 687 1104 724 vel
1135 687 1285 724 omnino
1313 689 1405 726 artis
1441 702 1559 740 opera
1582 702 1702 740 quae-

147 770 326 808 cumque,
357 761 400 795 ut
428 757 504 794 Od.
527 754 569 806 4,
600 757 641 806 8,
671 755 711 796 5.
770 754 856 793 Vid.
886 755 937 793 ibi
956 754 1108 794 Mitsch.
1130 759 1184 805 et,
1216 769 1330 806 quem
1356 755 1501 807 laudat,
1529 757 1699 796 Broukh.

146 826 198 864 ad
222 825 339 876 Prop.
361 825 413 875 3,
443 826 493 875 7,
529 825 600 868 39.
630 825 678 862 cf.
708 823 865 874 Forbig.
894 824 943 860 ad
972 822 1076 874 Virg.
1107 823 1202 862 Aen.
1235 825 1283 874 5,
1310 824 1407 865 359.
1465 825 1527 863 De
1551 825 1610 862 his
1639 829 1699 863 at-

145 907 222 944 que
245 893 386 932 talibus
418 893 534 931 rebus
564 905 588 930 a
611 893 797 931 Romanis
825 904 1059 943 magnopere
1091 893 1272 943 quaesitis
1303 894 1474 944 disputat
1506 892 1700 931 Welan-

145 962 238 1000 dius
267 962 320 1000 N.
349 960 390 1001 4.
420 975 461 1013 p.
488 961 583 1002 137.
642 961 703 999 Cf.
725 961 828 1012 Virg.
851 960 938 998 Cul.
960 962 1013 1001 61
1033 962 1174 1000 -67,
1235 961 1322 999 Tib.
1342 962 1386 1010 3,
1415 962 1459 1012 3,
1492 963 1698 1004 15—22.

144 1035 184 1070 et
210 1029 332 1069 Orell.
361 1030 412 1068 ad
439 1030 520 1069 Sat.
555 1033 605 1079 2,
635 1031 685 1080 7,
725 1028 794 1069 95.
824 1050 882 1058 -·
911 1029 978 1070 18.
1014 1029 1207 1079 Suspice,
1247 1035 1290 1068 ut
1319 1030 1399 1069 Cic.
1431 1031 1479 1068 de
1508 1030 1624 1068 Offic.
1655 1031 1698 1079 2,

143 1099 186 1148 6,
215 1100 284 1141 21.
315 1101 433 1144 cujus
461 1101 648 1136 virtutem.
671 1098 910 1149 suspiciunt.
974 1097 1036 1138 Cf.
1062 1097 1186 1136 Bentl.
1209 1099 1258 1135 ad
1290 1100 1330 1149 1,
1359 1101 1398 1148 1,
1430 1099 1526 1140 105.
1584 1099 1698 1136 Simi-

141 1165 229 1205 liter
250 1166 390 1205 Graeci
421 1162 677 1220 ἀποβλέπειν,
707 1172 751 1204 ut
769 1165 927 1204 Lueian.
949 1166 1079 1204 Somn.
1103 1167 1170 1207 11.
1202 1166 1294 1218 ibiq.
1323 1168 1489 1218 interpp.
1518 1189 1575 1195 ——
1605 1180 1698 1204 cum

136 1236 309 1287 gemmis
347 1236 495 1272 mirare
531 1241 604 1274 ete.
644 1248 846 1287 perperam
882 1235 995 1272 vertit
1034 1234 1275 1272 Rodellins:
1325 1235 1510 1286 „suspice
1539 1233 1696 1284 Tyriam

137 1317 347 1356 purpuram
375 1305 536 1355 gemmis
567 1304 784 1343 ornatam.“
812 1304 931 1342 Immo
955 1317 1047 1340 cum
1076 1309 1278 1354 poetarum
1307 1317 1413 1343 more
1442 1304 1596 1354 ponitur
1624 1316 1696 1354 pro

137 1379 204 1418 et,
241 1373 290 1410 de
318 1385 394 1423 qua
421 1373 604 1423 loquendi
634 1373 909 1411 consuetudine
940 1373 1115 1411 dixerunt
1143 1373 1284 1411 Heind.
1317 1375 1380 1412 ad.
1410 1373 1494 1410 Sat.
1530 1374 1578 1421 1,
1626 1371 1694 1421 10,

137 1441 204 1482 85.
262 1440 420 1492 Forbig.
451 1442 500 1479 ad
530 1441 633 1492 Virg.
661 1440 758 1478 Aen.
788 1442 828 1490 1,
855 1440 952 1483 292.
1010 1440 1137 1481 Hand.
1159 1441 1325 1480 Tursell.
1346 1443 1391 1480 II.
1419 1456 1458 1492 p.
1483 1441 1577 1482 138.
1633 1439 1694 1478 De

131 1510 304 1561 gemmis
340 1510 414 1547 vid.
443 1509 581 1548 Senec.
614 1511 662 1548 de
693 1509 830 1546 Benef.
861 1510 914 1559 7,
962 1509 1002 1548 9.
1031 1523 1150 1562 supra
1179 1524 1215 1548 v.
1244 1512 1284 1551 6.
1311 1515 1351 1549 et
1378 1510 1546 1548 Schmid.
1577 1510 1625 1547 ad
1656 1509 1694 1546 h.

133 1577 208 1616 loc.
250 1598 300 1607 --
352 1577 489 1628 Tyrios
519 1577 681 1618 colores.
738 1578 815 1618 Sic.
841 1577 919 1617 Od.
947 1578 999 1627 3,
1046 1580 1095 1629 1,
1140 1575 1210 1622 42.
1244 1592 1530 1630 purpurarum
1567 1578 1693 1615 sidere

133 1646 283 1684 clarior
309 1659 418 1684 usus-
477 1646 620 1684 Tibull.
651 1648 700 1696 2,
738 1646 789 1693 3,
819 1646 886 1687 57.
945 1645 1018 1684 Illi
1045 1647 1205 1685 selectos
1235 1655 1381 1686 certent
1402 1646 1596 1697 praebere
1625 1659 1692 1683 co-

133 1715 236 1754 lores
270 1714 422 1767 Africa
454 1716 674 1766 puniceum
708 1728 1042 1766 purpureumque
1089 1717 1221 1767 Tyros.
1298 1716 1456 1755 Lucret.
1496 1718 1543 1765 2,
1594 1715 1690 1755 830.

131 1785 352 1836 Purpura,
395 1784 689 1835 poeniceusque
728 1782 837 1820 color
864 1783 1108 1821 clarissimu'
1138 1784 1274 1824 multo.
1331 1785 1469 1823 Senec.
1498 1785 1546 1821 ad
1579 1783 1691 1824 Helv.

133 1852 201 1895 11.
263 1853 313 1891 Si
339 1851 540 1890 desiderat
566 1858 793 1890 saturatam
821 1852 948 1890 multo
977 1853 1184 1904 conchylio
1209 1867 1466 1904 purpuram,
1496 1854 1690 1889 intextam

129 1935 232 1960 auro
259 1923 465 1973 variisque
492 1919 690 1958 coloribus
723 1921 957 1959 distinctam
985 1929 1023 1958 et
1050 1921 1234 1968 artibus,
1284 1937 1365 1959 non
1385 1923 1580 1974 fortunae
1617 1923 1688 1958 iste

130 1992 258 2036 vitio,
286 1990 359 2028 sed
383 2003 454 2027 suo
479 2002 640 2039 pauper
668 1995 737 2025 est.
797 1990 860 2027 Cf.
891 1989 1050 2028 Lucret.
1081 1993 1131 2040 2,
1167 1987 1376 2031 47451.
1409 1991 1497 2032 500
1526 2004 1612 2041 sqq.
1645 1990 1686 2039 5,

132 2058 242 2101 1422
282 2071 341 2108 sq.
380 2062 509 2095 annot.
546 2057 595 2094 ad
624 2056 748 2106 Epist.
781 2058 828 2104 1,
872 2057 948 2105 10,
983 2059 1050 2099 26.
1109 2057 1214 2095 Diss.
1244 2059 1293 2095 ad
1326 2058 1414 2099 Tib.
1446 2061 1497 2108 2,
1529 2059 1581 2107 3,
1613 2058 1682 2099 57.

129 2125 173 2178 4,
202 2128 271 2169 28.
300 2125 343 2176 4,
369 2127 411 2175 2,
444 2126 510 2166 16.
567 2123 725 2173 Forbig.
745 2125 795 2161 ad
824 2123 928 2174 Virg.
946 2125 1018 2162 Ge.
1041 2128 1081 2174 2,
1112 2125 1211 2165 506.
1268 2125 1427 2164 Dorvill.
1458 2127 1507 2164 ad
1537 2127 1683 2164 Charit.

128 2197 180 2246 6,
229 2194 271 2236 4.
296 2207 335 2246 p.
367 2193 464 2235 530.
497 2196 538 2230 et
567 2191 614 2230 de
641 2193 722 2242 ejus
762 2193 944 2243 imprimis
975 2193 1104 2231 colore
1132 2192 1246 2231 Voss.
1277 2193 1497 2245 Mytlzolog.
1530 2194 1683 2244 Briese.

126 2263 193 2303 ΠΙ.
221 2278 263 2316 p.
294 2261 379 2303 319
408 2274 496 2312 sqq.
554 2259 713 2311 Forbig.
751 2261 800 2297 ad
830 2259 935 2312 Virg.
964 2261 1100 2312 Eclog.
1139 2259 1191 2311 4,
1242 2259 1310 2303 44.
1369 2262 1443 2300 Ge.
1481 2262 1534 2312 3,
1584 2263 1682 2304 307.

127 2331 271 2371 Gatak.
298 2329 399 2369 Adv.
427 2329 561 2368 Posth.
587 2327 654 2370 40.
684 2342 724 2379 p.
749 2327 847 2369 846.

239 2399 286 2441 V,
317 2399 371 2440 19
390 2398 534 2440 —23.
600 2396 746 2435 Gaude
774 2419 830 2424 -
862 2395 940 2433 illi.
1001 2396 1053 2434 Hi
1081 2409 1229 2446 versus,
1263 2411 1360 2448 quos
1394 2399 1486 2436 mire
1514 2397 1681 2437 turbavit

124 2470 375 2520 interpretum
401 2479 586 2516 acumen,
618 2479 704 2503 cum
732 2465 1046 2503 antecedentibus
1076 2466 1162 2517 (17.
1195 2465 1279 2517 18.)
1312 2467 1367 2504 sic
1393 2471 1484 2504 sunt
1513 2480 1678 2505 connec-

125 2537 248 2576 tendi:
278 2535 460 2586 „Quodsi
488 2549 538 2573 ne
568 2535 687 2572 virtus
716 2535 869 2584 quidem
899 2555 954 2562 —
981 2548 1059 2572 non
1085 2535 1202 2585 igitur
1228 2540 1311 2584 est,
1343 2535 1447 2585 quod
1473 2538 1676 2586 tantopere

24 2603 47 2630 ὖ·
124 2605 318 2656 gaudeas,
362 2616 479 2655 quum
508 2603 629 2641 omnis
658 2602 861 2641 multitudo
889 2615 912 2639 a
939 2607 1006 2640 tuo
1034 2604 1178 2653 pendet
1205 2617 1293 2650 ore3
1334 2616 1412 2641 non
1441 2607 1525 2653 est,
1570 2605 1675 2654 quod

23 2659 55 2698 *s
124 2674 238 2711 nimia
263 2672 451 2710 industria
477 2673 653 2722 quaestui
678 2671 822 2717 inhies,
871 2684 920 2708 ne
950 2670 1044 2707 alius
1073 2672 1157 2721 quis
1186 2691 1244 2699 -α
1272 2672 1439 2709 sortasse
1467 2670 1674 2710 humillimo

124 2740 211 2779 loco
225 2745 338 2778 natus
354 2743 394 2777 et
407 2740 508 2778 forte
523 2741 676 2798 fortuna
690 2741 796 2778 dives
819 2740 941 2777 faetus
962 2761 1018 2766 ——
1036 2744 1076 2777 te
1107 2740 1220 2777 ditior
1250 2739 1300 2777 sit
1329 2739 1378 2776 ob
1399 2752 1557 2791 eamque
1581 2753 1672 2778 cau-

124 2819 206 2847 sam
233 2813 277 2847 tu
306 2807 410 2845 illum
438 2809 582 2858 magis,
610 2820 724 2858 quam
753 2807 814 2845 ille
843 2812 883 2845 te
913 2807 1165 2845 admiret11r.“
1222 2806 1332 2845 Hanc
1359 2812 1487 2846 autem
1515 2813 1671 2847 senten-

122 2875 215 2913 tiam
240 2875 362 2913 Poeta
385 2887 456 2912 suo
486 2888 592 2913 more
620 2876 833 2925 explanavit
861 2876 1024 2925 quadam
1052 2875 1150 2912 Muti
1179 2875 1374 2925 cujusdam
1398 2877 1668 2926 descriptione,

124 2944 191 2994 qui
216 2956 312 2996 opes
340 2954 430 2980 suas
458 2942 539 2980 doti
567 2942 757 2994 mulieris,
804 2956 890 2986 non„
909 2943 1028 2995 ipsius
1054 2942 1267 2981 assiduitati
1305 2955 1350 2981 ac
1374 2941 1568 2981 sollertiae
1598 2942 1667 2979 de-
