2028 3268
456 245 542 287 294
617 245 989 288 COMMENTARII
1007 247 1064 286 IN
1081 245 1303 288 HORATII
1321 246 1420 288 LIB.
1434 248 1463 289 1.
1482 249 1646 291 EPIST.
1662 250 1813 291 SEXT.
1913 253 1968 296 26

455 370 557 421 quod
583 371 685 420 justa
716 382 842 408 earum
871 381 997 407 rerum
1015 369 1269 407 aestimatione
1297 370 1378 408 fieri
1404 373 1570 421 possit.“
1617 374 1730 419 Quod
1755 373 1857 412 addit
1872 372 1967 412 Hor.

456 451 540 475 una
566 437 727 488 solaque
759 441 842 486 est,
877 441 918 475 ut
947 437 1168 474 vacuitatem
1194 435 1242 473 ab
1280 436 1522 475 admiratione
1556 450 1632 476 non
1661 442 1774 479 modo
1809 441 1969 479 omnium

453 504 630 552 maxime,
661 503 730 540 sed
761 506 800 540 et
832 501 958 539 solam
984 503 1010 540 i.
1035 515 1069 540 e.
1102 501 1182 540 aliis
1209 502 1321 540 rebus
1343 503 1499 542 exclusis
1524 511 1716 555 praestare
1744 508 1857 546 vitam
1879 506 1971 544 bea-

452 576 531 610 tam
569 571 814 607 demonstret.
870 568 930 607 De
965 569 1034 607 hac
1068 568 1286 607 excludendi
1320 570 1355 607 vi
1391 570 1610 622 Koenigiuo
1645 573 1742 612 bene
1779 577 1972 624 comparat

454 636 609 682 Quintil.
644 636 735 674 Inst.
771 637 820 686 1,
855 635 906 686 5,
937 637 1005 676 38.
1037 637 1085 675 cf.
1118 635 1244 674 Bentl.
1283 636 1331 674 ad
1364 635 1410 674 A.
1447 636 1490 674 P.
1528 638 1596 680 32.
1653 638 1714 678 De
1747 640 1852 680 simili
1885 653 1971 678 ver-

452 702 585 740 borum
617 698 677 749 εἶς
708 706 748 741 et
780 697 903 753 μόνος
927 715 996 740 usu
1034 716 1152 753 nuper
1179 703 1270 741 dixit
1306 703 1555 742 Steinlzartas
1583 706 1624 743 in
1654 706 1845 746 Meletem.
1877 706 1970 744 Plo-

450 772 517 808 tin.
547 783 587 820 p.
615 765 682 809 45.
741 768 887 807 Similes
917 773 1004 807 sunt
1027 769 1227 807 formulae:
1256 769 1356 807 Plin.
1385 770 1528 822 Paneg.
1554 771 1632 822 76,
1664 769 1707 811 4.
1771 773 1882 811 Unus
1910 785 1972 811 εο-

450 835 592 888 lusque
630 834 821 874 censebat.
881 836 965 875 Juv.
995 836 1044 886 8,
1080 836 1147 877 19.
1180 835 1367 874 nobilitas
1397 837 1484 875 sola
1517 845 1573 875 est
1598 844 1717 890 atque
1746 840 1867 876 unica
1890 840 1972 876 vir-

450 910 529 940 tus.
591 903 672 941 Cic.
702 902 822 941 Acad.
854 903 903 951 1,
932 902 1012 953 10,
1041 902 1110 943 35.
1158 903 1276 954 idque
1307 904 1529 954 appellaret
1568 904 1711 956 (Zeno)
1747 904 1969 951 honestum,

449 969 560 1021 quod
592 976 690 1007 esset
716 969 882 1019 simplex
921 969 1122 1020 quoddam
1162 977 1198 1007 et
1232 970 1359 1008 solum
1397 977 1434 1006 et
1461 984 1586 1008 unum
1619 970 1776 1011 bonum.
1842 970 1967 1011 Tacit.

446 1036 545 1076 Dial.
567 1034 635 1076 34.
656 1036 764 1073 solus
790 1037 924 1073 statim
954 1043 991 1072 et
1006 1050 1111 1074 lmus
1135 1038 1367 1089 cuicumque
1394 1051 1538 1074 causae
1554 1050 1638 1088 par
1644 1052 1662 1085 ,·
1691 1037 1755 1076 ubi
1774 1039 1824 1076 cf.
1846 1037 1966 1076 Orell.

446 1103 596 1153 Mitigat
613 1107 739 1141 tamen
771 1103 992 1140 sententiam
1021 1099 1249 1157 παράδοξον
1275 1106 1422 1155 adjecta
1439 1105 1621 1156 particula
1647 1118 1772 1155 prope
1780 1132 1795 1149 ,
1825 1108 1866 1142 ut
1883 1105 1966 1142 Sat.

449 1171 472 1210 1
486 1196 499 1219 ,
519 1171 569 1219 3,
586 1169 654 1210 98.
675 1169 827 1206 utilitas
830 1170 938 1217 justi
949 1183 1073 1220 prope
1089 1178 1214 1208 mater
1228 1178 1264 1208 et
1276 1172 1394 1223 aequi
1401 1186 1418 1218 ;
1446 1171 1570 1222 Epist.
1596 1172 1620 1211 1
1635 1197 1650 1222 ,
1667 1171 1744 1221 18,
1765 1172 1832 1212 27.
1855 1172 1902 1220 2,
1924 1172 1965 1219 2,

447 1239 515 1279 21.
537 1238 603 1277 61.
634 1236 698 1288 (ad
721 1250 830 1288 quem
856 1237 978 1275 locum
996 1238 1152 1276 Bothius
1173 1240 1309 1278 erravit
1332 1241 1371 1276 in
1390 1239 1451 1275 ed.
1476 1239 1611 1286 Gesn.‚
1639 1238 1792 1276 meliora
1810 1238 1967 1275 edoctus

445 1316 470 1341 a
507 1304 763 1354 Schadeberg.
804 1306 841 1342 in
876 1303 1040 1342 Seebod.
1079 1304 1216 1344 Archiv
1245 1305 1368 1348 1832.
1397 1304 1462 1343 ΙΠ.
1501 1318 1541 1356 p.
1571 1301 1688 1356 419.)
1715 1303 1763 1342 A.
1792 1303 1837 1341 Ρ.
1866 1301 1964 1346 432.

446 1370 509 1408 Cf.
543 1372 680 1410 Heind.
725 1372 772 1410 ad
803 1373 883 1409 Sat.
921 1374 969 1420 2,
1007 1371 1059 1419 3,
1093 1373 1161 1415 32.
1219 1373 1459 1422 Quapropter
1487 1372 1667 1409 dissentio
1701 1384 1724 1409 a
1755 1369 1965 1408 Doederlo'-

445 1439 510 1474 nio
547 1451 654 1489 me0,
690 1452 801 1489 quum
842 1440 880 1476 in
918 1439 975 1476 his
1016 1438 1110 1476 locis
1149 1439 1351 1490 particulae
1385 1451 1508 1488 prope
1543 1438 1852 1488 significationem
1878 1436 1966 1487 ple-

443 1519 609 1556 rumque
646 1506 797 1555 tribuit,
831 1510 872 1544 ut
904 1510 1022 1555 „tota
1060 1508 1247 1545 sententia
1287 1519 1366 1544 non
1401 1505 1540 1556 placito
1584 1518 1606 1543 e
1643 1506 1854 1544 Stoicorum
1890 1503 1964 1553 [vel

442 1572 608 1622 aliorum]
642 1573 834 1622 disciplina
867 1574 1027 1623 repetito
1054 1573 1181 1611 similis
1214 1575 1286 1624 sit,
1320 1574 1388 1611 sed
1421 1571 1624 1610 narrationi
1656 1572 1758 1622 ejus,
1797 1571 1860 1621 qui
1898 1583 1964 1608 ex-

441 1641 623 1688 perientia
660 1645 699 1677 et
733 1653 801 1677 usu
831 1639 1017 1677 hominum
1054 1645 1092 1679 et
1129 1640 1363 1678 observando
1399 1639 1822 1688 animadvertendoque,
1866 1649 1963 1687 quae

441 1709 728 1758 uniuscujusque
760 1710 863 1743 esset
889 1718 973 1742 sors
999 1707 1135 1756 quique
1168 1707 1373 1743 animorum
1402 1706 1572 1756 habitus,
1606 1706 1785 1754 didicerit,
1808 1705 1869 1753 iis,
1900 1704 1963 1754 qui

441 1775 599 1824 cuipiam
627 1774 808 1811 servirent
842 1774 1053 1824 cupiditati,
1088 1786 1241 1823 perraro
1276 1773 1471 1823 obtingere
1507 1770 1768 1811 felicitatem.“
1823 1770 1961 1815 Quidni

439 1841 581 1878 licuerit
608 1839 749 1877 Poetae
777 1852 883 1878 suum
916 1842 1153 1891 interponere
1181 1840 1357 1889 judicium
1385 1841 1712 1890 circumspectum,
1742 1838 1844 1888 quod
1873 1850 1959 1874 sen-

439 1909 595 1945 tentiam
620 1906 721 1944 illam
751 1919 827 1944 non
855 1911 932 1944 tam
960 1908 1157 1956 „infringit
1187 1911 1299 1957 atque
1326 1909 1561 1944 restrictione
1593 1906 1754 1957 quadam
1784 1905 1961 1955 religiosa

438 1988 483 2012 ac
516 1986 671 2024 prorsus
708 1972 882 2023 languida
917 1974 1095 2011 imminuit
1106 1974 1158 2023 (ί,
1186 1978 1228 2011 ut
1258 1975 1430 2023 opinatur
1461 1973 1506 2010 V.
1541 1974 1604 2023 d.,
1641 1985 1751 2024 quam
1779 1973 1961 2022 majorem

439 2043 475 2079 ei
508 2040 678 2078 conciliat
717 2040 1038 2090 probabilitatem,
1074 2041 1213 2091 quippe
1252 2041 1314 2091 qui
1341 2053 1418 2078 non
1449 2041 1596 2078 nescius
1627 2044 1752 2090 esset,
1788 2039 1960 2090 philoso-

437 2109 534 2158 phos
568 2109 679 2146 etiam
699 2107 793 2144 alios
813 2108 1050 2145 constituisse
1080 2107 1175 2145 fines
1202 2106 1416 2145 bonorum?
1447 2106 1531 2146 Huc
1558 2107 1725 2157 accedit,
1753 2107 1855 2156 quod
1873 2107 1957 2156 ipse

436 2176 508 2213 alia
541 2176 717 2226 deinceps
755 2188 894 2225 genera
926 2175 1110 2213 bonorum
1140 2188 1354 2227 proponere
1394 2175 1434 2212 in
1471 2175 1593 2212 animo
1630 2173 1780 2223 habuit,
1823 2172 1957 2223 quibus

437 2256 515 2280 non
543 2244 662 2280 omnis
689 2244 906 2293 deroganda
942 2247 1022 2280 erat
1044 2243 1151 2280 fides.
1209 2243 1307 2287 Quin
1332 2242 1442 2279 immo
1470 2243 1554 2293 ipsa
1576 2241 1642 2282 illa
1661 2242 1763 2280 notio
1777 2239 1958 2290 plerum-

438 2325 540 2361 que,
577 2324 672 2360 quae
703 2311 802 2361 sapit
834 2315 1026 2360 expertum
1051 2310 1158 2360 quasi
1189 2310 1419 2360 Rupertum,
1453 2321 1600 2346 omnem
1627 2309 1741 2346 totius
1760 2306 1956 2356 Epistolae

435 2379 659 2415 sententiam
686 2379 874 2416 delumbat
906 2383 1018 2428 atque
1052 2377 1232 2414 immutat.
1289 2375 1430 2413 Dubito
1462 2388 1634 2424 quoque,
1668 2387 1756 2412 num
1781 2377 1958 2411 accurata

436 2447 484 2483 sit
523 2445 663 2482 Orellii
687 2446 964 2496 interpretatio:
1002 2446 1081 2493 „im
1114 2443 1270 2479 Ganzen
1304 2441 1567 2491 genommen.“
1624 2441 1697 2485 Qui
1729 2445 1876 2489 autem,
1915 2446 1956 2479 ut

439 2512 680 2550 Sanaclonas
693 2541 707 2558 ,
737 2513 932 2550 admirari
953 2524 1078 2561 prope
1109 2511 1360 2559 distinguunt,
1395 2509 1480 2557 quia
1507 2508 1607 2557 „Dei
1636 2509 1706 2558 sit,
1738 2521 1815 2546 non
1835 2507 1953 2544 homi-

435 2579 513 2624 nis,
550 2580 601 2616 nil
637 2581 833 2626 admirari3
867 2579 1046 2630 sapientis
1082 2580 1224 2625 autem,
1257 2588 1332 2612 non
1365 2577 1535 2614 admirari
1569 2576 1671 2626 quod
1706 2575 1839 2625 vulgus
1874 2575 1954 2612 fere

434 2646 615 2695 soleat“‚
654 2648 678 2685 ii
706 2648 791 2697 plus
819 2648 921 2698 justo
957 2646 1056 2684 acuti
1088 2647 1176 2682 sunt
1206 2646 1318 2692 atque
1351 2643 1529 2690 subtiles3
1563 2644 1644 2692 quis
1679 2643 1776 2681 enim
1799 2642 1954 2686 Cicero-

433 2725 517 2749 nem
546 2716 760 2764 castigavit,
798 2727 910 2764 quum
942 2715 1040 2751 idem
1067 2711 1146 2748 aliis
1178 2709 1301 2748 verbis
1334 2710 1373 2747 in
1402 2709 1438 2746 T
1443 2723 1518 2747 use.
1549 2708 1598 2759 4,
1629 2711 1704 2758 17,
1736 2710 1804 2749 38.
1835 2708 1950 2746 dixis-

433 2784 513 2817 set:
546 2779 608 2815 his
628 2788 760 2817 antem
791 2777 1166 2832 (perturbationibus)
1200 2790 1351 2814 ναοιιιιε
1377 2778 1538 2814 animus
1550 2776 1723 2827 perfecte
1743 2783 1862 2827 atque
1876 2775 1951 2812 ab-

430 2846 556 2883 solate
588 2846 717 2886 beatos
753 2848 907 2899 cyficit?
963 2848 1022 2886 Cf.
1058 2845 1147 2885 ibid.
1180 2842 1233 2894 5,
1272 2841 1345 2892 14,
1380 2841 1446 2885 40.
1482 2841 1550 2885 41.
1585 2849 1623 2883 et
1660 2842 1734 2893 15,
1777 2842 1843 2883 43.
1882 2839 1949 2880 44.

432 2914 508 2959 16,
545 2911 611 2953 48.
