2028 3268
150 305 206 346 71
267 300 652 344 COMMENTARII
670 302 729 343 IN
747 300 979 343 HORATH
1004 300 1106 342 LIB.
1130 302 1162 343 Ι.
1192 301 1358 345 EPIST.
1378 302 1566 351 QUINT.
1615 301 1699 343 261

153 424 280 470 αὐτόν
319 426 449 468 αὐτοῦ
486 432 599 470 ποιεῖ
629 430 791 481 πρῶτον
827 427 949 468 *ἵλεων
979 424 1108 475 εὐθύς
1136 429 1288 480 μᾶλλον
1317 423 1346 480 ἢ
1375 424 1593 481 πρότερον,
1633 427 1702 468 καὶ

154 492 292 552 ὁπόσῳ
325 492 376 536 ἄν
415 495 539 538 πλέον
579 492 708 538 αὐτοῦ
733 491 919 550 γεύηται,
954 491 1134 550 τοσούτῳ
1164 493 1367 536 πλειόνων
1397 495 1572 537 ἐλπίδων
1603 491 1703 548 ἄγα-

152 567 247 605 θαῖν
260 565 522 616 πληροῦσθαι
535 564 603 606 καὶ
628 561 839 616 δυνάμεως
859 564 917 613 εἰς
940 562 1065 613 δόξαν
1080 563 1285 602 ete—ad
1296 577 1364 614 pr.
1392 564 1499 602 trud.
1518 565 1697 601 inertem.

153 633 231 672 Od.
261 633 315 683 3,
355 632 434 683 21,
471 634 538 675 18.
605 634 796 685 Viresque
828 639 866 670 et
894 632 1014 670 addis
1042 644 1193 669 cornua
1205 633 1385 682 pauperi
1402 633 1502 670 Post
1519 639 1555 669 te
1575 645 1703 684 neque

154 703 278 738 iratos
309 704 491 739 trementi
522 703 687 753 Regum
715 703 850 752 apices
882 714 1010 752 neque
1042 699 1218 737 militum
1245 714 1376 741 arma.
1436 700 1507 752 Iis,
1537 713 1632 752 quos
1653 701 1704 739 ad

153 781 238 807 eum
255 768 378 807 locum
396 769 555 808 laudant
575 770 745 808 fffitsch.
776 773 815 807 et
844 768 1021 807 Orellius
1041 769 1140 807 adde
1160 768 1292 807 Senec.
1314 769 1362 806 de
1386 768 1450 808 Ira
1471 769 1536 809 13.
1588 770 1705 807 Facit

154 839 259 876 enim
288 837 456 875 ebrietas
484 844 690 888 protervos
719 844 757 874 et
779 837 977 875 audaces:
1018 836 1214 888 multique
1257 836 1437 874 meliores
1468 837 1527 875 ad
1545 839 1706 889 serrum

147 906 266 957 suere
282 906 390 944 male
407 904 543 943 sobrii.
603 904 667 943 Ad
685 906 910 956 scripturam
931 906 1113 951 inertem,
1143 904 1240 958 (qua
1258 905 1450 956 ingenium
1483 905 1606 957 ipsum
1623 919 1705 944 mu-

155 975 227 1013 tari
258 975 514 1026 significatur,
546 985 662 1023 quum
695 975 884 1011 inermem
913 986 994 1010 esse
1022 986 1146 1012 merus
1171 974 1220 1012 sit
1252 974 1378 1024 casus)
1409 973 1499 1011 facit
1515 974 1615 1011 idem
1635 974 1705 1011 Se-

155 1054 270 1093 neca,
298 1055 414 1092 quum
443 1042 581 1078 mortis
601 1042 781 1078 timorem
807 1042 928 1077 etiam
958 1041 1216 1078 inertissimos
1236 1043 1426 1078 excitasse
1449 1042 1492 1078 in
1502 1042 1706 1092 proelium

153 1110 292 1149 ibidem
321 1111 423 1152 dicit.
482 1109 546 1147 Sic
575 1114 854 1160 componuntur
884 1110 1028 1146 inertes
1057 1113 1096 1147 et
1116 1110 1245 1161 fortes
1272 1121 1334 1160 ap.
1356 1109 1436 1147 Cic.
1470 1110 1509 1147 in
1529 1110 1643 1149 Catil.
1666 1113 1706 1162 2,

155 1177 205 1228 5,
235 1178 326 1228 1Ο,,
367 1180 545 1224 strenui,
574 1178 707 1230 jbrtes
733 1183 773 1217 et
800 1179 944 1214 inertes
981 1190 1044 1228 ap.
1074 1176 1254 1215 Lactant.
1285 1176 1383 1215 Inst.
1419 1178 1472 1230 6,
1502 1179 1551 1230 7,
1583 1178 1622 1218 5.
1664 1180 1704 1219 8.

154 1245 244 1297 ibiq.
264 1246 421 1285 Biinem.
481 1246 544 1284 Cf.
560 1246 731 1285 Broukh.
752 1247 801 1285 ad
820 1245 937 1298 Prop.
957 1246 1007 1296 3,
1039 1245 1090 1302 5,
1119 1247 1188 1288 72.

267 1314 314 1355 V.
346 1315 412 1355 18.
477 1315 673 1353 Sollicitis
701 1330 771 1352 an.
807 1329 872 1352 on.
914 1315 1062 1351 eximit.
1121 1313 1184 1352 Sic
1212 1312 1396 1364 Calpurn.
1425 1312 1506 1352 Ecl.
1541 1313 1592 1364 9,
1637 1315 1706 1357 12.

160 1383 584 1434 Sollicitumqueforet
601 1383 754 1435 linguis
774 1398 875 1422 onus
884 1399 901 1432 ;
930 1383 983 1421 ibi
1002 1383 1180 1423 Wernsd.
1207 1380 1256 1419 Π.
1285 1395 1324 1433 p.
1345 1378 1442 1421 354.
1501 1381 1647 1420 Multus
1666 1384 1706 1422 in

154 1451 226 1490 hoc
257 1455 480 1503 argumento
505 1455 564 1490 est
584 1453 697 1503 Hor.,
727 1453 791 1503 qui
812 1452 951 1502 ubique
973 1465 1091 1489 curas
1121 1451 1214 1488 vino
1229 1448 1336 1500 pelli
1362 1456 1399 1484 et
1407 1450 1622 1500 pellendas
1641 1452 1705 1491 ait.

155 1520 219 1558 Sic
241 1520 317 1558 od.
340 1520 389 1571 1,
418 1521 466 1570 7,
497 1520 564 1560 31.
610 1521 685 1570 18,
716 1517 758 1559 4.
802 1522 849 1572 2,
879 1523 933 1572 7,
964 1521 1032 1562 21.
1078 1519 1153 1569 11,
1186 1518 1251 1558 18.
1291 1518 1340 1568 3,
1372 1517 1449 1566 12,
1480 1519 1516 1560 2.
1556 1517 1607 1570 4,
1640 1520 1706 1571 12,

156 1588 224 1630 20.
258 1587 385 1639 Epod.
411 1588 485 1639 13,
515 1589 582 1628 17.
617 1589 682 1628 18.
715 1589 798 1629 Sat.
824 1591 871 1640 2,
903 1591 951 1639 2,
986 1587 1080 1630 125.
1113 1589 1165 1637 7,
1197 1583 1291 1626 114.
1327 1585 1375 1624 al.
1405 1585 1513 1626 Varr.
1548 1587 1705 1638 Fragm.

155 1669 194 1708 p.
218 1656 315 1696 272.
346 1655 434 1708 Bip.
500 1656 604 1693 Vino
638 1656 746 1694 nillil
760 1657 992 1707 jucundius
1019 1655 1133 1693 bibit.
1195 1655 1291 1691 Hoc
1318 1654 1616 1705 aegritudinem
1651 1656 1710 1693 acl

157 1723 397 1766 medendam
426 1724 675 1766 invenerunt.
745 1727 840 1764 Hoc
875 1725 1098 1763 hilaritatis
1129 1723 1246 1760 dulce
1276 1723 1568 1767 seminarium,
1612 1724 1707 1761 Hoc

159 1794 336 1831 continet
353 1793 572 1844 coagulum
591 1796 796 1841 convivia,
831 1807 926 1845 quos
947 1805 1079 1832 versus
1100 1791 1231 1844 paucis
1249 1790 1408 1828 mutatis
1437 1790 1590 1842 repetiit
1609 1790 1706 1829 Bur-

155 1873 316 1900 mannus
334 1861 374 1899 in
392 1859 511 1902 Anth.
531 1861 597 1901 lat.
616 1864 648 1903 Ι.
669 1876 710 1914 p.
733 1862 843 1914 538„
870 1862 934 1900 ubi
967 1861 1095 1900 confer
1114 1860 1249 1898 similia
1266 1859 1314 1910 3,
1343 1856 1410 1899 84.
1442 1859 1509 1898 85.
1555 1858 1642 1899 Tib.
1668 1861 1707 1911 1,

156 1931 183 1969 7
200 1957 213 1980 ,
241 1929 309 1969 39.
368 1928 563 1968 Bacchas
580 1938 617 1968 et
632 1931 840 1983 agricolae
858 1943 1008 1982 magno
1031 1929 1211 1980 confecta
1239 1926 1375 1964 labore
1394 1928 1565 1964 Pectora
1584 1929 1707 1964 tristi-

159 1998 238 2034 tiae
258 1997 518 2035 dissolue‘nda
540 1997 664 2036 dedit.
726 1998 788 2036 Cf.
810 1998 927 2039 Bach.
944 1999 994 2036 ad
1014 1998 1063 2046 2,
1096 1997 1142 2046 1,
1165 1993 1233 2036 45.
1263 1995 1378 2034 Ovid.
1398 1993 1447 2032 A.
1471 1993 1520 2035 A.
1544 1996 1582 2045 1,
1611 1996 1706 2037 238.

159 2079 259 2102 cura
284 2065 407 2118 fugit
441 2065 567 2103 multo
598 2065 797 2117 diluitque
833 2080 952 2107 mero.
1010 2064 1125 2114 Prop.
1157 2063 1207 2113 3,
1248 2063 1322 2110 16,
1362 2061 1429 2113 (al.
1462 2062 1527 2102 15.
1550 2061 1638 2113 17.)
1666 2060 1706 2104 4.

166 2135 447 2186 Curarumque
481 2140 548 2170 tuo
583 2131 768 2186 (Bacche)
786 2134 846 2182 fit
879 2133 1080 2171 medicina
1109 2144 1227 2168 mero.
1295 2130 1427 2167 Senec.
1464 2130 1513 2167 de
1555 2129 1705 2180 Tranq.

159 2204 274 2242 anim.
299 2203 364 2243 15.
423 2203 733 2253 Nonnunquam
768 2209 806 2238 et
832 2215 958 2253 usque
987 2200 1046 2237 ad
1074 2198 1300 2236 ebrietatem
1326 2197 1592 2243 veniendum,
1626 2212 1707 2236 non

161 2279 206 2310 ut
221 2279 380 2324 mergat
404 2285 502 2315 nos,
534 2269 607 2306 sed
624 2277 671 2306 ut
687 2269 888 2320 deprimat
911 2282 1043 2306 curas.
1085 2266 1205 2304 Eluit
1222 2267 1328 2302 enim
1350 2279 1470 2302 curas
1497 2272 1533 2302 et
1553 2265 1606 2303 ab
1626 2267 1706 2303 imo

160 2341 344 2378 animum
365 2345 513 2377 movet.-
542 2344 579 2374 et
596 2345 642 2375 ut
659 2337 806 2375 morbis
826 2337 1069 2390 quibusdam
1080 2363 1097 2381 ,
1126 2336 1186 2371 ita
1218 2335 1402 2371 tristitiae
1425 2334 1605 2371 medetur
1634 2339 1706 2374 etc.

162 2409 297 2447 Anacr.
317 2405 386 2447 41.
409 2409 470 2445 ed.
491 2407 537 2447 F.
559 2406 736 2457 Theogn.
756 2404 856 2446 497.
887 2407 947 2444 ed.
971 2404 1081 2457 Lips.
1118 2402 1179 2440 Cf.
1205 2414 1302 2451 quae
1321 2401 1480 2440 laudant
1500 2402 1706 2442 Mitscherl.

162 2481 203 2515 et
230 2477 349 2517 Orell.
376 2476 426 2514 ad
458 2475 536 2513 Od.
571 2476 618 2525 2,
648 2477 698 2526 7,
729 2475 794 2515 21.
837 2474 914 2524 11,
947 2473 1085 2513 18.—
1102 2471 1272 2509 addocet
1289 2478 1406 2509 artes.
1465 2470 1511 2508 In
1530 2483 1609 2509 rem
1628 2471 1705 2509 vid.

162 2544 286 2584 Bentl.
307 2545 357 2582 ad
373 2543 497 2595 Epist.
521 2543 568 2594 1,
598 2543 677 2594 19,
704 2543 768 2583 10.
827 2541 943 2592 Prop.
969 2538 1017 2591 4,
1047 2542 1096 2590 6,
1118 2538 1186 2579 75.
1246 2539 1463 2590 Ingenium
1478 2541 1588 2589 potis
1611 2541 1706 2577 irri-

165 2618 227 2648 tat
244 2613 372 2648 Misa
387 2614 527 2662 poetis.
587 2612 702 2652 ovid.
722 2610 817 2650 Met.
840 2612 889 2659 7,
919 2606 1014 2648 433.
1043 2610 1185 2645 vinam
1213 2608 1422 2658 ingenium
1434 2608 1555 2658 facit.
1619 2607 1705 2648 Tib,

166 2679 216 2728 1,
244 2680 294 2730 7,
321 2679 390 2719 37.
423 2676 590 2733 (Dissen.
619 2679 703 2729 ibi.)
761 2678 841 2717 Ille
874 2677 1009 2728 liquor
1040 2675 1178 2712 docuit
1207 2689 1321 2712 voces
1345 2676 1544 2726 inflectere
1563 2685 1705 2725 cantu,

166 2747 302 2783 Movit
319 2752 355 2782 et
371 2746 430 2783 ad
446 2754 569 2784 certos
591 2748 724 2784 nescia
741 2745 920 2784 membra
937 2744 1073 2782 modos
1090 2747 1161 2785 etc.
1202 2741 1343 2781 Anacr.
1367 2744 1442 2796 27,
1471 2743 1512 2785 5.

279 2812 326 2853 V.
348 2814 414 2854 19.
464 2815 715 2852 Fecundi—
736 2813 959 2852 disertam?
1005 2815 1051 2851 In
1067 2812 1167 2850 hunc
1186 2811 1263 2849 fere
1281 2824 1434 2851 sensum
1453 2813 1532 2852 Od.
1552 2814 1604 2865 3,
1637 2815 1705 2866 21,

169 2881 234 2922 13.
269 2885 308 2919 et
328 2881 380 2918 ibi
399 2881 517 2919 Orell.
584 2883 644 2919 Tu
675 2882 761 2920 lene
792 2890 1030 2920 tormentum
1054 2880 1214 2931 ingenio
1237 2879 1425 2918 admoves
1459 2881 1705 2934 Plerumque

167 2948 282 2988 duro.
339 2949 473 2986 Senec.
508 2950 534 2988 l.
562 2949 588 2988 l.
647 2951 744 2988 Non
772 2958 904 3002 potest
924 2949 1084 3002 grande
1098 2947 1263 2999 aliquid
1274 2955 1313 2985 et
1327 2962 1454 2998 supra
1478 2957 1622 2987 ceteros
1642 2950 1704 2987 lo-

169 3017 265 3067 qui,
295 3017 377 3054 nisi
393 3024 501 3056 mota
521 3031 642 3057 mens.
701 3019 878 3072 Sympos.
900 3017 1075 3070 Aenigm.
1101 3015 1254 3068 Prolog.
1273 3018 1313 3057 7.
1343 3017 1533 3057 madidae
1542 3018 1703 3070 sacun-
