2028 3268
2 254 61 261 ⁷
120 260 179 303 73

132 1107 176 1142 C.
192 1107 239 1141 D.
262 1106 390 1141 Comb.
406 1117 498 1141 omn.
528 1106 606 1140 Fea
621 1105 667 1140 de
682 1105 756 1141 suis
770 1107 883 1149 tacet,

130 1164 258 1200 Jaeck.
286 1175 378 1197 omn.
411 1163 527 1198 Orell.
559 1175 652 1198 omn.
686 1168 724 1197 et
753 1162 882 1197 nostri.

131 1221 228 1259 Edd.
250 1223 344 1255 vett.
361 1221 474 1255 Pulm.
495 1221 609 1267 Cruq.
630 1221 740 1255 Torr.
753 1247 763 1265 ,
786 1231 806 1254 e
825 1231 884 1253 re-

133 1281 248 1314 eentt.
263 1277 384 1312 Bentl.
400 1278 491 1312 Cun.
508 1279 595 1312 San.
612 1277 733 1312 Merv.
748 1278 882 1311 Franc.

133 1335 217 1371 Val.
238 1335 392 1370 Haberf.
415 1336 483 1370 Fe.
510 1335 636 1380 Camp.
661 1335 781 1369 Schm.
807 1334 885 1368 Ho-

135 1392 240 1428 ched.
263 1393 374 1428 Web.
400 1393 558 1427 Braunh.
582 1391 744 1427 Meinek.
769 1391 884 1426 Orell.

43 1449 59 1469 ²
135 1450 184 1488 al.
214 1461 340 1494 neque.
393 1450 492 1484 Edd.
527 1450 653 1484 Lamb.
689 1450 738 1484 H.
774 1454 812 1482 et
840 1448 886 1482 R.

138 1507 268 1553 Steph.
280 1508 420 1542 Bersm.
438 1508 554 1541 Chab.
573 1507 683 1541 Talb.
698 1507 789 1540 Dae.
806 1505 827 1540 J
831 1516 887 1538 on.

138 1565 277 1599 Sandb.
301 1565 414 1599 Bask.
441 1565 554 1598 Gesn.
579 1563 733 1608 Dorigh.
759 1562 887 1597 Oberl.

138 1622 267 1658 Comb.
317 1622 432 1656 Zeun.
471 1621 574 1656 Pott.
616 1621 741 1655 Jaeck.
781 1621 886 1654 Pass.

139 1679 275 1726 Charp.
295 1678 341 1713 al.
378 1678 429 1713 At
454 1678 544 1713 haec
571 1678 754 1724 scriptura
774 1687 892 1723 neque

138 1736 245 1772 libris
258 1747 342 1771 mss.
360 1747 478 1782 neque
497 1736 758 1770 consuetudine
772 1735 893 1768 Hora-

139 1793 242 1828 tiana
260 1793 512 1836 confirmatur;
547 1793 600 1828 sic
619 1804 684 1828 nec
698 1812 755 1818 -—-
770 1804 835 1826 nec
853 1802 891 1824 v.

139 1849 201 1888 35.
223 1853 262 1885 et
278 1851 402 1896 Epist.
423 1852 458 1895 1,
481 1852 514 1895 1,
531 1851 611 1887 102.
633 1851 689 1893 16,
710 1846 769 1884 46.
791 1848 833 1883 A.
848 1849 894 1882 P.

141 1908 179 1944 8.
197 1903 257 1942 41.
278 1904 361 1942 146.
396 1908 470 1942 Od.
487 1909 522 1952 1,
537 1909 570 1943 7.
588 1909 644 1943 10.
662 1905 818 1950 (Orell.)
834 1905 894 1949 37,

24 1958 28 1995 ἰ
51 1969 68 2010 ς
143 1965 203 2000 22.
241 1965 276 2007 2,
291 1964 328 2008 9,
343 1965 402 1998 10.
439 1965 496 2009 17,
518 1966 551 2000 2.
579 1966 614 2000 7.
642 1963 700 1997 13.
730 1963 765 2007 3,
781 1962 817 2006 3,
835 1960 893 1996 25.

142 2018 182 2066 4,
196 2018 256 2055 75.
286 2017 345 2064 14,
362 2017 420 2055 14.
445 2020 502 2065 15,
520 2019 576 2055 15.
602 2022 659 2064 16,
675 2019 735 2053 33.
761 2020 819 2062 27,
839 2016 894 2052 15.

143 2075 182 2123 4,
208 2079 243 2121 1,
268 2078 326 2113 29.
341 2077 389 2111 al.
414 2077 472 2111 Cf.
494 2077 604 2111 Seeb.
623 2075 771 2110 Archiv.
791 2074 896 2109 1832.

143 2147 184 2182 p.
211 2131 294 2170 462.
337 2154 386 2159 —
418 2134 564 2178 fertilis.
608 2133 696 2166 Var.
725 2131 810 2166 lect.
837 2142 896 2175 ap.

147 2193 283 2227 Zurck.
302 2210 351 2216 —
371 2191 415 2224 V.
432 2187 493 2225 43.
523 2190 659 2224 Atride.
686 2188 782 2222 Edd.
799 2187 898 2232 vulg.

148 2249 304 2287 Atreide.
331 2248 427 2282 Edd.
438 2248 486 2281 H.
498 2247 628 2293 Steph.
643 2246 758 2279 Chab.
771 2245 899 2279 Heius.

147 2306 237 2342 Dae.
257 2306 383 2350 eamp.
402 2305 561 2339 Atridae.
599 2303 696 2337 Edd.
711 2302 802 2336 Ven.
817 2298 901 2336 481.

149 2363 252 2398 mor.
276 2359 358 2398 482.
387 2361 490 2407 Lips.
513 2359 594 2396 513.
622 2357 678 2394 14.
703 2360 760 2394 16.
782 2358 901 2393 mai.

46 2434 56 2462 ς,
153 2439 204 2446 --
235 2420 407 2464 relinquo,
439 2419 512 2453 Ms.
533 2418 671 2452 Bersm.
693 2427 752 2450 un.
784 2417 851 2450 Fe.
867 2415 904 2459 3,

43 2474 51 2480 ”
71 2479 77 2503 i
135 2478 186 2512 va.
217 2476 273 2511 Ik.
293 2475 329 2511 5.
365 2475 487 2510 Guelf.
509 2475 545 2510 3.
574 2475 675 2509 Mon.
699 2486 731 2507 e.
748 2474 772 2507 f.
808 2472 904 2506 Edd.

151 2533 291 2569 Bersm.
317 2533 363 2566 R.
387 2533 518 2578 Steph.
544 2532 626 2567 613.
668 2531 796 2565 Heins-
822 2529 903 2564 629.

43 2575 82 2646 ,ἶ
153 2591 245 2635 (non
271 2589 374 2633 612.)
401 2589 559 2634 caning.
588 2589 763 2622 Futurum
787 2585 906 2620 vindi-

153 2650 214 2682 cat
243 2646 405 2680 Groebel
431 2651 585 2692 propter
610 2645 726 2680 locum
756 2645 904 2679 Homer.

155 2704 230 2739 od.
253 2699 299 2747 4,
319 2704 402 2738 601.
422 2714 502 2749 sqq.

211 2761 259 2795 V.
274 2756 335 2794 44.
373 2759 492 2793 Parva
506 2760 628 2793 decent
640 2770 805 2805 parvum.
834 2757 905 2792 Ms.

156 2817 225 2852 Fe.
242 2819 276 2861 2,
296 2816 322 2850 i.
347 2836 396 2841 —
419 2816 595 2859 nonjam.
627 2816 698 2850 ΜΒ.
714 2815 816 2850 Μοιι.
831 2827 863 2848 e.

212 2874 260 2909 V.
287 2871 347 2908 45.
397 2873 474 2908 Tib.
501 2872 561 2906 vel
589 2872 718 2916 Tybur.
753 2872 907 2906 Variani:

158 2942 242 2967 mss.
266 2934 304 2965 et
322 2930 406 2964 edd.
444 2948 492 2954 —
530 2929 670 2963 inbelle.
715 2928 789 2962 Sic.
819 2939 903 2962 mss.

157 2987 263 3035 Lips.
294 2988 328 3022 1.
348 2986 384 3021 2.
424 2985 546 3021 Berol.
570 2986 604 3020 1.
650 2986 787 3020 Graev.
835 2985 907 3020 Hic

596 255 738 296 LIBRI
761 257 790 296 Ι.
847 253 1108 296 EPISTOLA
1140 255 1221 296 Vn.

1590 251 1673 293 345

191 382 369 444 Atride,
399 384 543 444 magis
570 386 674 444 apta
700 383 775 429 tibi
806 385 892 428 tua*
919 382 1033 429 dona
1065 383 1322 442 relinquam.
1337 377 1371 408 ‘⁶

190 464 383 510 Parvum
416 477 555 523 parva
590 464 769 509 decent:
804 464 908 509 mihi
933 468 1028 522 jam
1055 477 1143 508 non
1175 464 1303 524 regia
1337 460 1499 523 Roma,

194 541 289 591 Sed
320 556 508 589 vacuum
535 544 674 589 Tibur
707 545 853 604 placet
884 547 962 589 aut
994 543 1167 588 imbelle
1204 544 1463 588 Tarentum.

194 621 411 671 Strenuus
447 627 492 670 et
525 624 649 669 fortis
683 625 911 683 causisque
945 624 1168 683 Philippus
1203 622 1389 684 agendis

195 702 360 750 Clarus
395 705 448 749 ab
479 704 628 750 officiis
665 707 866 749 octavam
901 705 1071 748 circiter
1104 704 1258 748 horam

193 783 312 829 Dum
344 784 459 829 redit
492 787 623 844 atque
651 783 747 830 foro
777 784 952 827 nimium
988 782 1149 827 distare
1187 781 1373 828 carinas

195 865 300 910 Jam
333 865 514 926 grandis
546 867 653 910 natu
688 863 900 924 queritur,
938 865 1184 924 conspexit,
1220 866 1269 907 ut
1303 865 1442 924 ajunt,

196 945 420 991 Adrasum
452 945 666 1006 quendam
697 958 841 989 vacua
869 945 1055 989 tonsoris
1088 944 1132 988 in
1165 943 1320 988 umbra

1617 541 1674 583 45

1624 940 1679 983 50

930 1115 1058 1139 versus
1074 1116 1146 1139 non
1162 1109 1218 1138 est
1232 1104 1270 1138 in
1286 1115 1379 1138 omn.
1391 1113 1474 1137 mss.
1486 1113 1544 1148 ap.
1555 1099 1680 1136 Jaeck.

933 1181 982 1187 -
1011 1162 1056 1195 V.
1072 1158 1131 1197 46.
1162 1174 1203 1196 ac
1218 1162 1342 1207 sortis.
1370 1161 1466 1195 Edd.
1484 1161 1576 1194 Cun.
1593 1159 1681 1192 San.

930 1219 1050 1254 Merv.
1080 1219 1213 1253 Franc.
1245 1218 1356 1252 Bask.
1381 1219 1466 1252 777.
1497 1218 1586 1262 (non
1603 1215 1682 1259 62.)

930 1275 1085 1321 Dorigh.
1106 1296 1155 1301 —
1173 1276 1262 1309 Cum
1275 1276 1343 1310 hoc
1358 1285 1468 1309 versu
1483 1285 1577 1308 nova
1591 1271 1683 1316 Epi-

933 1333 1028 1368 stola
1046 1333 1177 1378 incipit
1191 1332 1230 1366 in
1249 1344 1311 1366 ms.
1348 1332 1470 1366 Guelf.
1487 1327 1523 1366 4.
1557 1328 1682 1364 Berol.

934 1393 968 1426 1.
995 1391 1075 1424 cod.
1099 1389 1250 1424 Mentel.
1265 1416 1276 1435 ,
1299 1390 1396 1436 quod
1422 1389 1517 1423 idem
1538 1387 1577 1421 in
1591 1390 1684 1420 vett.

933 1447 1037 1482 libris
1068 1459 1108 1482 se
1133 1447 1318 1481 invenisse
1342 1450 1499 1481 testatur
1524 1445 1573 1478 H.
1600 1443 1685 1477 Ste-

934 1507 1072 1552 phanus
1091 1505 1129 1538 iu
1145 1504 1263 1539 Diatr.
1281 1504 1327 1538 de
1343 1515 1407 1538 sua
1420 1503 1522 1537 Edit.
1539 1514 1576 1548 p.
1592 1496 1652 1534 40.

990 1563 1036 1596 V.
1051 1560 1108 1597 50.
1134 1563 1324 1596 Adrasam.
1354 1561 1444 1595 Mss.
1459 1560 1542 1606 aliq.
1558 1557 1685 1592 Lamb.

935 1619 1050 1653 Pulm.
1073 1621 1107 1653 1.
1132 1620 1165 1654 2.
1192 1618 1228 1652 3.
1249 1615 1284 1652 4.
1320 1619 1432 1664 Cruq.
1452 1618 1538 1663 aliq.
1575 1617 1687 1650 Torr-

937 1680 978 1710 nt
1006 1675 1082 1710 vid.
1114 1687 1206 1710 omn.
1236 1675 1376 1710 Bersm.
1408 1675 1477 1708 duo
1507 1673 1568 1708 vel
1596 1677 1688 1706 tres.

939 1733 1069 1768 Oberl.
1093 1732 1138 1766 C.
1161 1732 1208 1766 D.
1236 1731 1362 1766 Comb.
1393 1731 1436 1766 A.
1466 1731 1510 1765 C.
1542 1731 1589 1764 G.
1619 1729 1689 1762 Fe.

939 1790 1111 1836 complut.
1126 1790 1227 1824 Pott.
1244 1788 1289 1822 de
1305 1789 1379 1823 suis
1393 1792 1503 1822 tacet.
1525 1785 1690 1821 Hoched.

940 1860 974 1883 a.
989 1849 1026 1883 b.
1042 1860 1073 1882 c.
1090 1847 1126 1881 d.
1152 1852 1190 1880 et
1213 1846 1354 1880 Victor.
1378 1858 1397 1880 e
1417 1845 1553 1880 nostris
1570 1842 1691 1877 Guelf.

941 1908 975 1941 1.
1002 1906 1036 1940 2.
1062 1901 1098 1938 4.
1133 1904 1241 1937 Dess.
1268 1905 1302 1938 1.
1328 1900 1383 1950 (in
1407 1905 1441 1939 2.
1464 1914 1535 1936 non
1556 1899 1691 1946 liquet)

941 1962 1055 1997 Goth.
1077 1962 1183 1994 Gott.
1207 1962 1242 1996 2.
1284 1961 1387 2005 Lips.
1412 1962 1445 1994 1.
1465 1959 1502 1994 3.
1523 1959 1582 2003 (et
1600 1956 1694 1991 haud

942 2018 1051 2053 dubie
1075 2019 1130 2060 2.,
1152 2017 1224 2050 nisi
1244 2020 1302 2050 est
1316 2015 1499 2059 arrasum)
1523 2016 1638 2049 DorV.
1658 2015 1692 2047 1.

943 2078 979 2111 2.
1025 2075 1161 2107 Graev.
1201 2073 1388 2107 Arrasum.
1430 2072 1522 2106 Mss.
1553 2071 1599 2105 al.
1631 2082 1691 2115 ap.

942 2131 1070 2166 Lamb.
1094 2130 1180 2174 aliq.
1201 2141 1261 2174 ap.
1289 2129 1401 2174 Cruq.
1434 2128 1548 2163 Pulm.
1573 2128 1608 2162 7.
1634 2128 1693 2160 10.

945 2188 1014 2222 Fe.
1033 2188 1067 2230 1,
1093 2198 1126 2220 a.
1141 2187 1179 2219 b.
1196 2198 1231 2231 g.
1249 2197 1284 2231 q.
1316 2187 1349 2230 2,
1374 2197 1410 2229 g.
1446 2185 1482 2229 3,
1508 2197 1540 2219 c.
1554 2184 1581 2217 f.
1611 2181 1644 2227 5,
1661 2193 1693 2216 a.

947 2245 989 2289 6,
1014 2255 1048 2278 a.
1088 2244 1132 2287 9,
1158 2254 1190 2276 c.
1229 2242 1272 2283 7,
1296 2253 1328 2276 a.
1354 2241 1396 2285 (a
1416 2241 1532 2284 Lm.)
1575 2239 1631 2273 Ik.
1659 2240 1694 2273 1.

949 2299 1170 2346 (arroasum)
1205 2298 1319 2333 Orell.
1350 2299 1438 2332 bSc.
1502 2296 1622 2332 Guelf.
1658 2295 1696 2330 3.

950 2357 1086 2402 (aras.)
1130 2358 1235 2390 Gott.
1260 2357 1293 2389 1.
1330 2355 1453 2389 Berol.
1476 2356 1510 2390 1.
1543 2353 1646 2389 Mon.
1667 2353 1696 2386 f.

951 2414 1032 2449 cod.
1054 2413 1206 2447 Mentel.
1234 2432 1282 2437 ——
1305 2413 1362 2446 De
1377 2413 1491 2446 forma
1510 2411 1592 2457 ipsa
1605 2421 1698 2444 nune

951 2471 1111 2506 nolumus
1127 2471 1326 2516 disputare,
1349 2481 1453 2515 quum
1468 2472 1620 2514 utraque
1635 2467 1699 2501 ha-

949 2530 1050 2571 beat,
1066 2539 1134 2572 quo
1150 2540 1189 2562 se
1203 2531 1359 2570 tueatur,
1375 2526 1452 2560 vid.
1468 2527 1511 2559 C.
1527 2523 1697 2559 Schneid.

950 2585 1184 2620 Elementarl.
1201 2597 1237 2630 p.
1248 2583 1329 2618 526.
1341 2595 1420 2628 sqq.
1438 2587 1476 2616 et.
1489 2583 1535 2616 cf.
1547 2582 1698 2616 Kirchn.

950 2643 996 2677 ad
1024 2642 1102 2675 Sat.
1122 2653 1159 2687 p.
1181 2640 1368 2675 LXXXV.
1405 2641 1582 2674 Adrasum
1601 2638 1702 2673 exhi-

950 2701 1040 2734 bent
1057 2698 1140 2733 edd.
1166 2702 1240 2731 vet.
1266 2709 1324 2742 ap.
1345 2696 1468 2731 Maitt.
1495 2692 1579 2731 474.
1615 2695 1699 2731 Ald.

951 2755 1033 2792 501.
1052 2756 1109 2789 19.
1137 2755 1237 2790 Junt.
1250 2750 1332 2788 514.
1350 2754 1406 2788 19.
1438 2754 1608 2788 Schurer.
1618 2749 1701 2788 514.

952 2814 1036 2848 Asc.
1053 2811 1135 2846 519.
1173 2812 1257 2845 Bas.
1271 2810 1458 2846 520—80.
1493 2811 1595 2844 Glar.
1618 2806 1701 2845 543.

952 2870 1077 2905 Lamb.
1090 2868 1204 2903 Pulm.
1215 2869 1326 2913 Cruq.
1340 2868 1452 2902 Torr.
1463 2867 1600 2916 Bprsm.
1611 2867 1702 2901 Dae.

952 2927 1072 2961 Bentl.
1095 2926 1202 2960 Baxt.
1225 2925 1347 2959 Maitt.
1370 2925 1463 2959 Cun.
1486 2925 1571 2959 San.
1587 2925 1701 2958 Gesn.

952 2983 1033 3030 (qui
1045 2983 1197 3030 explic.)
1208 2982 1406 3019 zeumval.
1417 2980 1704 3028 Dorigh.0berl.
