2028 3268
0 435 27 518 find-5.
0 343 27 431 QLWWJ„
7 310 25 335 ³)-
0 195 31 295 2·7.'s‘.3.³'‘¹

197 281 252 321 67
311 275 697 317 COMMENTARII
725 275 783 315 IN
799 274 1029 314 HORATII
1049 274 1149 316 LIB.
1167 274 1193 312 Ι.
1222 271 1385 312 EPIST.
1413 273 1598 320 QUINT.
1655 271 1740 314 257

192 403 279 443 Vol.
308 404 372 443 10.
404 418 443 456 p.
465 401 582 455 474.)
614 404 713 441 diem
748 403 850 441 illum
885 403 1143 455 Porphyrione
1167 404 1322 440 auctore
1355 414 1425 452 pro
1452 401 1568 438 natali
1598 401 1740 439 habent

193 472 279 511 Divi
303 471 392 510 Julii
423 473 618 520 Caesaris3
647 472 720 510 Dio
745 472 855 511 Cass.
880 471 958 521 47,
990 473 1054 512 18.
1073 471 1183 510 Voss.
1219 471 1268 509 ad
1287 470 1391 520 Virg.
1413 469 1494 507 Ecl.
1529 468 1579 519 5,
1603 469 1668 509 56.
1699 483 1737 520 p.

193 540 294 582 207.
350 539 430 576 Sed
455 552 570 588 quum
587 541 684 578 hanc
709 544 789 578 tum
810 540 966 577 aliorum
983 539 1030 576 de
1052 550 1096 576 ea
1115 551 1155 576 re
1182 539 1409 576 sententiam
1434 537 1575 588 optime
1598 537 1740 575 refuta-

192 608 248 646 vit
284 607 537 645 VVeiclzertus
570 621 606 658 p.
636 606 898 655 314—319.,
928 607 1009 656 cui,
1041 606 1073 643 si
1103 607 1293 659 exceperis
1333 606 1484 644 dubiam
1516 602 1739 655 Asprenatis

192 688 412 728 personam,
442 689 597 726 prorsus
623 675 821 714 assentior.
882 674 922 711 ln
947 673 1070 711 verbis
1087 679 1233 713 autem:
1264 675 1336 712 dat
1360 675 1520 712 veniam
1538 686 1738 709 somnum-

193 758 270 796 que
285 744 386 789 dies,
401 756 497 793 quae
517 757 634 796 supra
656 759 694 796 p.
707 745 775 784 62.
791 741 1070 793 explicavimus,
1091 755 1180 781 cave
1206 742 1464 794 interpreteris
1482 753 1565 778 cum
1579 739 1738 778 Doerin—

191 813 256 864 gio
272 826 280 835 ·
319 813 503 864 „veniam
523 812 675 850 bibendi
686 813 726 863 ⁶⁴,
753 811 810 850 vel
830 823 911 849 cum
943 810 1111 860 Josepho
1150 811 1198 848 de
1225 811 1419 860 Jouvancy
1448 813 1487 847 et
1509 809 1736 847 Sanadono:

192 883 365 932 „veniam
403 881 564 918 somni.“
621 881 706 922 vid,
748 883 877 918 annot.
905 879 954 916 ad
993 878 1119 929 Epist.
1156 881 1205 927 2.,
1248 880 1316 920 60.
1361 892 1400 929 p.
1437 877 1532 917 182.
1590 876 1738 915 Natalis

193 949 292 988 enim
317 949 500 988 afferebat
523 949 735 999 justitium,
771 949 871 997 quod
906 951 1096 986 testantur
1131 946 1361 985 Kalendaria
1394 945 1526 994 Antiq,
1558 946 1597 983 in
1622 946 1737 984 Orell.

194 1017 310 1058 luscr.
338 1017 383 1054 ll.
406 1032 445 1069 p.
471 1017 569 1057 398.
627 1017 671 1054 In
700 1031 836 1053 somno
859 1021 986 1054 autem
1009 1015 1207 1053 Botlu'um
1236 1016 1398 1053 sensisse
1422 1026 1595 1052 somnum
1629 1015 1739 1052 meri-

193 1086 344 1123 dianum
362 1085 471 1122 valde
492 1085 619 1125 miror.
649 1108 706 1114 -
738 1086 901 1135 impune
927 1084 1060 1121 licebit
1079 1087 1138 1121 est
1159 1083 1274 1133 igitur
1299 1083 1381 1120 sine
1400 1082 1473 1119 ullo
1491 1083 1642 1120 crastini
1666 1083 1739 1120 diei

192 1154 432 1192 detrimento.
497 1153 783 1191 lVielandius:
823 1152 1137 1203 ‚‚ungetadelt“;
1171 1153 1309 1190 rectius
1337 1153 1506 1188 Passov.
1527 1167 1538 1188 :
1583 1164 1739 1202 „unge-

191 1222 348 1261 wehrt.“
404 1221 530 1260 Verba
562 1227 706 1260 autem:
748 1223 956 1259 Aes—uvam
989 1221 1146 1259 tendere
1173 1229 1326 1259 noctem
1358 1232 1481 1269 neque
1513 1219 1739 1269 significant,

192 1290 296 1339 quod
323 1289 469 1341 opinati
489 1294 579 1327 sunt
599 1290 742 1339 aliquot
761 1290 952 1340 interpp.,
990 1302 1239 1338 „sermonem
1258 1290 1296 1326 in
1322 1293 1471 1327 noctem
1495 1288 1738 1338 extendere“,

191 1370 314 1407 neque
336 1360 486 1395 noctem
510 1357 738 1409 extendere,
763 1357 986 1407 producere
1014 1359 1169 1397 notione
1195 1358 1362 1409 vulgari,
1399 1369 1512 1406 quam
1531 1355 1602 1393 sibi
1623 1355 1739 1393 finxe-

191 1429 280 1464 runt
293 1426 536 1476 Desprezius
550 1455 562 1471 ‚
594 1426 805 1472 Bentlejas
820 1455 832 1471 ‚
869 1427 1113 1464 Sanaclonus
1124 1456 1138 1473 ,
1173 1425 1414 1478 Doriglzello
1427 1453 1439 1470 ,
1478 1425 1738 1475 Doeringius,

197 1495 414 1532 Santenius
433 1495 483 1532 ad
503 1494 660 1532 Terent.
686 1494 808 1531 Maur.
831 1509 871 1545 p.
896 1493 1004 1545 142„
1031 1495 1249 1546 Ileindorfi
1281 1496 1331 1533 ad
1348 1495 1428 1531 Sat.
1452 1494 1474 1533 2
1490 1520 1501 1541 ,
1531 1492 1552 1531 1
1571 1519 1584 1542 ,
1613 1494 1667 1543 2.,
1696 1497 1738 1530 ut

190 1564 262 1613 sit,
293 1565 440 1600 noctem
467 1566 613 1600 aestate
641 1561 846 1599 breviorem
871 1563 909 1599 in
930 1563 1028 1599 diem
1048 1564 1274 1613 extendere,
1298 1561 1488 1613 (similiter
1512 1560 1731 1599 Passovius:

189 1631 289 1682 „die
307 1631 596 1669 Sommernacht
615 1630 894 1681 verliingern“)
923 1631 990 1667 sed
1011 1631 1166 1668 notione
1194 1631 1358 1681 quadam
1390 1629 1650 1667 diuturnitatis
1670 1630 1738 1666 ad-

189 1699 367 1737 haerente
391 1701 612 1750 transigere
626 1727 638 1744 ,
669 1700 822 1749 exigere
857 1711 981 1749 usque
1000 1698 1058 1735 acl
1075 1699 1209 1747 finem
1229 1713 1262 1736 s.
1290 1697 1459 1747 benigno
1478 1697 1501 1737 i.
1529 1710 1559 1734 e.
1583 1697 1738 1748 largiter

189 1769 404 1820 profluente
426 1767 495 1820 (al.
516 1767 659 1806 liberali
678 1771 717 1805 et
734 1765 896 1817 faceto),
922 1766 960 1802 in
985 1778 1099 1815 quam
1123 1779 1203 1804 rem
1233 1766 1489 1804 Weichertns
1512 1764 1608 1802 bene
1637 1778 1738 1802 com-

188 1839 299 1888 parat
327 1836 472 1877 τείνειν
501 1837 593 1888 βίον
622 1835 777 1876 ἐλπίσιν
806 1848 870 1886 ap.
893 1833 1066 1884 Aeschyl.
1083 1833 1274 1874 Prometh.
1298 1832 1394 1875 548.
1418 1832 1507 1882 ibiq.
1527 1832 1738 1871 Blomfieldi

189 1904 360 1947 Glossar.
403 1920 444 1957 p.
477 1905 570 1947 129.
608 1909 647 1943 et
679 1905 803 1955 Heyn.
836 1905 885 1941 ad
918 1903 1023 1953 Virg.
1043 1901 1140 1940 Aen.
1163 1904 1212 1953 6,
1243 1903 1340 1943 807.
1400 1902 1463 1939 Sic
1480 1901 1613 1953 Eurip,
1633 1903 1738 1954 apud

190 1972 377 2014 Plutarch.
412 1974 548 2011 Moral.
582 1973 630 2013 ΙΙ.
662 1987 701 2025 p.
726 1970 824 2013 436.
867 1972 1056 2012 ἐκτείνειν
1098 1971 1190 2022 βίον
1227 1974 1425 2024 Βρωτοῐσι
1469 1969 1537 2010 καὶ
1566 1973 1738 2010 ποτοῖσι.

188 2041 293 2091 Virg.
315 2041 385 2078 Ge.
408 2043 459 2092 3,
490 2041 587 2082 379.
645 2042 732 2078 Hie
759 2047 911 2077 noctem
933 2040 1028 2076 lado
1050 2039 1217 2078 ducunt.
1282 2039 1395 2076 Ovid.
1415 2037 1511 2076 Met.
1534 2038 1609 2088 12,
1641 2037 1735 2077 159.

188 2108 279 2158 ibiq.
297 2109 422 2147 Bach:
454 2116 606 2146 noctem
629 2122 805 2144 sermone
820 2108 1000 2145 tralnmt.
1064 2107 1180 2157 Prop.
1201 2104 1252 2155 4,
1281 2107 1330 2154 6,
1362 2107 1431 2146 85.
1495 2107 1564 2143 Sic
1583 2112 1737 2142 noctem

183 2185 330 2228 patera
343 2206 358 2223 ,
387 2180 445 2215 sic
466 2177 615 2215 <lucam
635 2178 830 2221 carmine,
860 2176 984 2212 donec
1005 2175 1165 2222 injiciat
1183 2174 1321 2210 radios
1341 2175 1385 2210 in
1407 2188 1496 2211 mea
1520 2175 1616 2211 vina
1639 2174 1734 2212 dies.

189 2244 334 2284 Lucan.
357 2246 431 2295 10,
464 2246 556 2286 173.
589 2245 722 2296 longis
751 2245 899 2281 Caesar
909 2243 1132 2293 producere
1157 2248 1312 2278 noctem
1329 2241 1502 2278 Inchoat
1524 2241 1730 2292 alloquiis.

189 2315 290 2352 Stat.
317 2314 442 2355 Theb.
463 2315 510 2364 8,
541 2312 637 2354 220.
668 2314 779 2349 vario
805 2312 1035 2362 producunt
1065 2310 1199 2347 sidera
1232 2309 1342 2346 caclo.
1407 2309 1569 2348 Martial.
1590 2312 1637 2359 2,
1666 2310 1735 2359 89,

191 2383 227 2422 1.
257 2390 410 2420 noctem
428 2381 650 2432 producere
672 2382 779 2418 rino.
833 2380 917 2419 Val.
943 2379 1068 2418 Flacc.
1099 2379 1145 2427 1,
1176 2377 1274 2418 251.
1319 2377 1524 2415 Dulcibus
1546 2378 1738 2429 alloquiis

189 2451 363 2502 ludoque
396 2451 551 2488 educite
588 2456 741 2486 noc-tem
757 2477 769 2493 ‚
821 2450 871 2486 ad
899 2460 1011 2498 quem
1046 2447 1167 2484 locum
1197 2449 1237 2482 et
1262 2445 1283 2483 1
1299 2472 1312 2495 ,
1344 2446 1440 2485 278.
1468 2446 1737 2482 Burmannus

189 2519 280 2558 alias
306 2518 454 2557 dicendi
482 2518 661 2556 formulas
691 2518 804 2556 affert
833 2518 1000 2565 itemque
1030 2513 1215 2551 Brouklz.
1247 2514 1296 2550 ad
1335 2512 1448 2563 Prop.
1495 2514 1540 2564 1,
1570 2514 1622 2564 3,
1651 2514 1735 2564 39.,

189 2588 376 2637 Heynius
397 2592 436 2625 et
459 2588 621 2624 Dissen.
642 2588 691 2624 ad
711 2586 801 2624 Tib.
826 2586 845 2624 1
860 2613 871 2634 ,
903 2584 952 2635 4,
984 2584 1023 2624 5.
1081 2583 1145 2620 Sic
1167 2586 1207 2619 et
1226 2580 1358 2619 Livius
1379 2581 1581 2618 extrahere
1600 2589 1734 2619 aesta-

191 2641 468 2700 tem-sdiem,
511 2657 560 2693 de
598 2668 674 2706 qua
714 2655 879 2692 dictione
910 2653 985 2691 vid.
1027 2648 1230 2688 Drakenb.
1267 2649 1316 2686 ad
1344 2649 1426 2691 libr,
1458 2651 1535 2700 22,
1575 2650 1651 2699 18,
1693 2649 1731 2688 9,

191 2721 288 2760 ΡΙίιι.
311 2722 437 2774 Epist.
457 2723 505 2773 9,
535 2723 612 2772 36,
643 2721 682 2762 4.
744 2724 811 2760 Ila
831 2723 955 2760 variis
974 2717 1221 2758 sermonibus
1241 2730 1406 2767 vespera
1427 2718 1660 2758 extenditur.

303 2790 349 2829 V.
380 2791 444 2830 12.
480 2791 567 2837 Quo
589 2791 691 2828 mihi
706 2815 763 2820 —
783 2792 873 2828 uli?
901 2790 1085 2828 Horatius
1111 2788 1161 2825 ad
1183 2786 1378 2838 superiora
1399 2799 1434 2826 v.
1461 2787 1499 2827 8.
1526 2787 1732 2839 respiciens

191 2857 261 2896 hoc
278 2858 490 2908 significat:
530 2859 751 2909 „Equidem
785 2860 920 2910 opibus
952 2859 1043 2895 meis
1064 2858 1144 2907 jam
1171 2858 1256 2892 utar
1275 2855 1324 2892 ad
1345 2854 1514 2892 hilariter
1537 2858 1660 2892 tecum
1678 2853 1731 2890 vi-

189 2927 379 2976 vendum,
407 2930 447 2964 et
472 2930 620 2964 tantum
643 2928 771 2978 abest,
800 2933 844 2966 ut
862 2928 1016 2964 insanus
1033 2922 1259 2976 locupletem
1279 2923 1427 2961 avidum
1460 2923 1657 2972 heredem,
1686 2926 1729 2959 ut

191 2997 323 3032 contra
346 2995 457 3045 genio
477 2995 693 3046 indulgeam
711 3000 751 3034 et
769 2997 829 3034 vel
849 2996 945 3034 adeo
967 3006 1101 3046 parum
1130 3003 1246 3030 sanus
1268 2991 1436 3030 videar.“
1479 2990 1625 3029 Delirat
1649 2990 1682 3027 h.
1708 2989 1728 3026 1.

1218 3057 1271 3099 18
1287 3061 1308 3090 *
1351 3059 1419 3113 (5)
