2028 3268
382 240 462 282 194

942 241 1329 285 HoRAT11
1866 247 1893 288 4

446 367 638 412 Privatas
665 373 711 412 ut
745 371 920 425 quaerat
954 382 1057 426 opes
1085 373 1127 413 et
1161 371 1340 428 tangere
1368 369 1472 415 vitet

448 444 640 505 Scripta⁷
675 445 889 488 Palatinus
925 460 1204 504 quaecumque
1238 447 1396 504 recepit
1429 446 1611 506 Ap01103

448 525 539 583 Ne,
573 526 610 567 si
646 523 754 566 sorte
789 536 887 565 suas
916 526 1135 582 repetitum
1162 525 1326 567 venerit
1362 524 1460 567 olim

449 602 570 646 Grex
603 601 741 643 avium
770 601 957 660 plumas,
993 605 1162 646 moveat
1191 602 1401 645 cornicula
1434 602 1562 645 risum

446 679 633 722 Furtivis
667 677 823 721 nudata
856 679 1080 723 coloribus,

1148 680 1246 737 Ipse
1281 679 1376 737 quid
1404 677 1566 723 audes‘.²

1836 681 1890 720 20

447 756 567 811 Quae
602 756 907 800 circumvolitas
943 757 1068 816 agilis
1103 755 1283 813 thyma?
1350 758 1447 802 Non
1479 758 1550 802 tibi
1582 771 1760 815 parvum

445 835 688 892 Ingenium,
723 847 807 878 non
840 835 1036 878 incultum
1071 839 1135 879 est
1163 841 1204 880 et
1238 838 1415 895 turpiter
1442 837 1620 880 hirtumz

448 909 540 957 Seu
573 911 763 969 linguam
793 913 929 955 causis
963 914 1074 957 acuis
1108 929 1186 958 seu
1218 916 1347 958 civica
1373 919 1472 971 Jura

447 988 728 1047 Respondete
762 1003 888 1047 paras
923 1005 999 1035 seu
1033 992 1175 1036 condis
1207 993 1382 1037 amabile
1420 1006 1604 1052 carmen,

379 1173 425 1179 -—
456 1152 659 1186 movendus.
707 1153 801 1186 Feae
831 1155 863 1196 2,
897 1154 920 1189 i.
954 1156 987 1198 6,
1014 1167 1044 1189 c.
1070 1171 1116 1178 -

381 1209 425 1243 V.
446 1210 501 1243 16.
536 1208 704 1242 Privatus
735 1209 778 1252 (a
811 1212 1021 1254 superscr.)‚
1047 1211 1116 1245 Ms.

379 1265 476 1310 Lips.
510 1266 542 1299 1.
573 1283 620 1288 ——
647 1276 696 1297 an
722 1272 886 1308 quaerat.
922 1266 990 1301 Ms.
1016 1267 1042 1300 B
1059 1279 1115 1311 ap.

381 1322 501 1355 Comb.
527 1340 571 1346 —-
602 1332 644 1354 ae
659 1325 766 1366 tang.
799 1322 867 1356 Ed.
886 1323 1035 1368 Cuning.
1053 1324 1116 1367 (ex

381 1378 601 1421 conjectura)
612 1377 696 1411 San.
707 1377 821 1412 Merv.
838 1379 993 1414 Francis.
1012 1379 1117 1412 Bask.

380 1435 525 1478 Dorigh.
556 1452 601 1459 -—-
636 1440 754 1472 cesset.
803 1435 871 1470 Ms.
904 1436 1038 1470 Valart.
1071 1455 1118 1460 —

382 1491 427 1524 V.
450 1493 504 1526 17.
542 1491 682 1524 tenebat
699 1503 762 1536 pro
779 1493 907 1536 recepit
930 1503 1119 1526 accommo-

382 1549 464 1581 date
495 1547 536 1580 ad
570 1558 664 1580 suam
695 1548 886 1582 orationem
919 1548 974 1582 Jo.
1005 1548 1118 1581 Saris-

380 1606 457 1638 ber.
491 1604 586 1647 Nug.
620 1603 700 1636 Cur.
737 1606 777 1647 2,
809 1606 864 1640 26.
897 1624 941 1629 —
991 1605 1033 1639 V.
1064 1605 1118 1638 18.

384 1660 463 1695 Nisi
482 1662 592 1702 forte.
620 1659 688 1692 Ms.
713 1659 808 1704 Lips.
836 1663 866 1695 1.
899 1680 941 1686 —
986 1661 1119 1694 venerit

382 1717 518 1760 hospes.
546 1715 613 1749 MS.
639 1717 702 1750 Fe.
734 1718 775 1758 2,
805 1728 840 1760 g.
862 1722 1020 1751 venerat.
1047 1717 1115 1750 Ms.

382 1774 483 1807 Dess.
503 1775 535 1809 2.
550 1791 596 1797 —
620 1772 663 1806 V.
682 1772 735 1807 19.
754 1777 908 1806 mancat.
942 1772 1009 1806 Ed.
1027 1772 1116 1805 Ven.

381 1831 462 1864 492,
479 1847 523 1852 -
540 1827 644 1861 risus.
662 1827 730 1864 Ms.
747 1828 865 1862 Jaeck.
884 1829 918 1863 5.
933 1848 978 1853 -—
995 1829 1039 1862 V.
1059 1830 1116 1865 21.

382 1886 504 1921 thima,
522 1884 589 1918 Ms.
606 1885 736 1918 Graev.
754 1885 855 1918 Dess.
876 1887 906 1920 1.
924 1887 956 1920 2.
983 1905 1029 1910 -—
1051 1885 1117 1917 cir—

383 1954 463 1976 cum
489 1940 615 1974 volitas
649 1940 759 1974 divise
788 1941 875 1975 Mss.
904 1941 1002 1986 Lips.
1031 1944 1061 1976 1.
1086 1942 1118 1976 2.

381 1999 483 2032 Dess.
502 1999 533 2031 1.
553 1998 586 2030 2.
609 1996 723 2032 Berol.
745 1999 776 2031 1.
805 2001 842 2030 et
866 1998 917 2034 ed.
936 1997 1118 2040 Doering.‚

384 2055 446 2089 sed
482 2053 666 2096 conjuncte
700 2054 828 2097 Wagn.
854 2057 891 2087 et
913 2053 1058 2097 Forbig.
1084 2053 1119 2086 in

384 2111 481 2155 Virg.
508 2110 575 2142 Ge.
594 2110 625 2151 1,
643 2109 722 2143 377.
740 2109 796 2144 Cf.
814 2109 974 2144 Lambin.
991 2110 1034 2143 ad
1050 2109 1118 2144 Od.

385 2170 418 2211 2,
437 2170 470 2209 7,
488 2163 545 2201 24.

431 2224 475 2257 V.
493 2224 548 2258 22.
578 2232 641 2254 nec
657 2226 756 2264 turp.
772 2221 945 2266 scriptura
973 2227 1028 2255 est
1043 2223 1119 2256 vul-

384 2281 477 2326 garis
490 2283 647 2313 veterum
663 2278 861 2320 editionum,
878 2283 918 2312 ut
933 2279 1020 2314 Ven.
1038 2279 1118 2313 479.

384 2338 440 2372 81.
474 2337 532 2371 83.
564 2335 619 2369 86.
646 2335 703 2368 90.
736 2336 793 2368 92.
819 2335 876 2368 98.
906 2334 1013 2368 Loch.
1041 2335 1117 2369 Ald.

384 2394 480 2438 Lips.
498 2391 577 2427 492.
593 2391 650 2425 98.
666 2390 744 2425 510.
768 2394 805 2423 et
824 2391 924 2435 reliq.
942 2391 1040 2424 Glar.
1059 2392 1117 2434 al„

384 2462 404 2483 e
435 2447 688 2483 recentioribus
727 2446 806 2480 Jon.
842 2447 917 2480 Val.
951 2447 1117 2481 Batteux.

386 2508 494 2540 Gesn.
537 2505 658 2541 Oberl.
700 2503 821 2538 Comb.
860 2504 977 2537 Wetz.
1007 2503 1115 2537 Daru-

386 2564 482 2597 Pott.
502 2560 620 2595 Jaeck.
646 2560 724 2604 Bip.
755 2561 834 2595 828.
862 2560 968 2594 Doer.
997 2561 1117 2604 Camp.

384 2620 531 2653 Passov.
549 2617 740 2660 Charpent.
771 2617 956 2651 Lambinus
979 2622 1119 2650 secutus

387 2680 483 2719 quat.
502 2674 600 2707 codd.
616 2683 696 2706 mss,
714 2674 824 2706 verbo
841 2679 892 2707 est
906 2673 1022 2717 posito
1038 2676 1119 2717 post

387 2730 577 2774 Ingenium
596 2729 720 2763 edidit:
742 2731 851 2775 „Ing.
870 2735 931 2772 est,
949 2740 1019 2762 non
1036 2729 1116 2772 inc„

387 2797 451 2819 nec
478 2790 575 2828 turp.
599 2785 757 2819 Ιιίνιῑιηιιι
788 2792 824 2819 et
847 2786 897 2820 ita
914 2790 1039 2831 postea
1063 2785 1118 2819 ed.

388 2840 527 2876 Minois.
563 2841 740 2885 Bentlejus
758 2854 820 2887 pro
844 2853 907 2876 nec
922 2841 1057 2887 recepit
1072 2846 1117 2885 et,

390 2894 479 2941 quod
488 2894 661 2940 reperitur
675 2897 709 2930 in
725 2897 833 2942 ipsius
846 2909 925 2933 mss,
939 2901 968 2934 1.
978 2899 1117 2942 (assen-

1161 1157 1247 1191 titur
1272 1160 1391 1190 noster
1418 1154 1658 1198 Graevianus)
1683 1153 1717 1188 4.
1746 1155 1782 1190 6.
1815 1152 1891 1187 aliis

1161 1214 1403 1259 compluribus.
1434 1212 1566 1244 Eadem
1588 1210 1759 1255 scriptura
1785 1209 1892 1243 estin

1162 1281 1229 1303 uno
1259 1282 1322 1303 ms.
1348 1270 1497 1310 Bersm.,
1526 1267 1561 1300 in
1592 1277 1714 1300 novem
1743 1264 1892 1306 Valart„

1162 1326 1258 1371 aliqt.
1292 1326 1416 1368 Torr.‚
1447 1324 1483 1357 in
1511 1324 1619 1357 Pulm.
1651 1322 1683 1356 1.
1713 1323 1746 1357 2.
1770 1319 1826 1364 4.‚
1857 1318 1894 1352 ἰῐι

1163 1383 1286 1418 Comb.
1310 1381 1353 1415 A.
1377 1381 1418 1415 Β.
1438 1381 1479 1415 C.
1497 1380 1555 1423 D„
1582 1381 1677 1413 Feae
1693 1377 1733 1420 2,
1759 1388 1790 1411 c.
1806 1375 1842 1409 h.
1858 1376 1892 1418 5,

1163 1450 1196 1473 a.
1220 1439 1252 1481 6,
1267 1440 1304 1474 b.
1328 1439 1366 1481 (c
1382 1448 1402 1470 a
1421 1439 1452 1471 1.
1470 1437 1548 1480 m.),
1570 1435 1655 1468 Bad.
1673 1436 1705 1468 1.
1726 1433 1843 1466 Guelf.
1860 1431 1894 1465 3.

1161 1495 1261 1528 Dess.
1279 1496 1309 1529 1.
1330 1496 1363 1528 2.
1381 1493 1568 1528 Gott.1.2.
1585 1491 1682 1535 Lips.
1694 1490 1768 1525 1.3.
1782 1489 1892 1522 Dorv.

1164 1553 1229 1587 1.2.
1242 1549 1382 1584 Corbei.
1391 1549 1498 1582 Orell.
1508 1547 1570 1581 bS.
1582 1546 1774 1590 Bentlejum
1782 1544 1894 1579 secuti

1162 1612 1242 1640 sunt
1258 1607 1389 1639 Sandb.
1406 1605 1511 1637 Bask.
1533 1601 1893 1638 762.Comb.Wakef.

1162 1663 1272 1696 Hunt.
1315 1663 1379 1696 Fe.
1419 1661 1520 1694 Jahn.
1557 1659 1712 1694 Hoched.
1740 1658 1893 1692 Braunh.

1161 1719 1264 1752 Web.
1285 1718 1392 1751 Orell.
1411 1715 1592 1760 [Schmid.]
1609 1714 1838 1748 Haberfeldus
1854 1718 1895 1747 ut

1160 1785 1261 1808 unam
1283 1785 1398 1807 veram
1419 1771 1674 1806 commendavit
1701 1771 1787 1804 etin
1811 1781 1896 1804 con-

1160 1834 1293 1864 textum
1309 1829 1441 1873 recepit
1455 1829 1606 1872 itemque
1626 1827 1794 1860 Bothius=
1809 1837 1892 1869 non,

1161 1886 1253 1930 quod
1280 1890 1335 1919 est
1359 1885 1394 1919 in
1417 1897 1495 1918 mSS.
1522 1885 1626 1918 Torr.
1649 1883 1827 1928 pluribus,
1858 1882 1894 1915 in

1161 1954 1240 1975 mss.
1263 1941 1379 1975 Guelf.
1415 1944 1445 1975 1.
1474 1941 1508 1974 4.
1534 1944 1570 1973 et
1586 1939 1680 1974 Altd.
1718 1939 1895 1983 Cuninga-

1161 1998 1264 2038 mius,
1310 2002 1349 2030 ut
1381 1997 1539 2039 videtur,
1582 1996 1656 2029 sine
1685 1995 1895 2030 auctoritate

1162 2065 1242 2090 mss.
1264 2053 1363 2088 codd.
1383 2065 1452 2087 scr.
1470 2065 1511 2086 ac
1527 2058 1635 2097 turp„
1649 2052 1737 2097 quod
1753 2063 1896 2096 recepe-

1163 2114 1245 2144 runt
1263 2109 1390 2142 Sanad.
1413 2109 1529 2143 Merv.
1554 2109 1659 2143 Bask.
1675 2111 1753 2144 777.
1780 2110 1895 2143 Fran-

1163 2166 1227 2199 cis.
1265 2165 1410 2208 Dorigh.
1456 2166 1564 2200 Verb.
1590 2171 1641 2200 est
1660 2165 1698 2199 in
1725 2176 1793 2198 uno
1814 2165 1894 2199 cod.

1164 2222 1295 2255 Bersm.
1313 2221 1496 2256 omittitur.

1210 2278 1254 2312 V.
1287 2278 1343 2314 23.
1393 2278 1554 2322 linguas.
1601 2277 1670 2311 Ms.
1703 2277 1822 2311 Jaeck.
1857 2276 1893 2312 4.

1165 2335 1295 2378 lingua
1312 2333 1434 2367 omisso
1450 2334 1558 2367 verbo
1576 2333 1674 2367 acuis
1690 2333 1796 2366 estin
1812 2333 1891 2370 edd.

1165 2391 1253 2425 Ven.
1281 2390 1359 2424 479.
1379 2389 1435 2423 83.
1461 2389 1534 2432 (sed
1551 2388 1657 2422 habet
1672 2389 1820 2432 lingui)
1836 2389 1893 2425 86.

1159 2447 1254 2483 Flor.
1281 2447 1360 2481 482.
1391 2447 1555 2489 linguam
1574 2444 1725 2489 causis„
1753 2450 1793 2479 ut
1814 2457 1895 2479 ver-

1158 2503 1239 2536 bum
1265 2501 1375 2544 desit,
1414 2501 1518 2534 etiam
1538 2499 1684 2535 Locher.
1721 2519 1764 2527 -·
1794 2502 1893 2536 acuis

1160 2558 1287 2592 causis.
1316 2558 1417 2591 Dess.
1451 2559 1484 2591 2.
1533 2557 1604 2590 Seu
1629 2558 1764 2591 caussis
1792 2558 1892 2592 acuis

1161 2616 1338 2659 linguam.
1356 2614 1425 2648 Ms.
1443 2613 1562 2647 Jaeck.
1582 2613 1614 2648 5.
1632 2618 1670 2648 et
1685 2614 1828 2649 corbei.
1847 2633 1892 2640 —

1161 2673 1203 2706 V.
1221 2671 1277 2707 24.
1304 2682 1438 2715 parm,-
1467 2669 1526 2703 Sic
1544 2669 1686 2706 distinx.
1707 2671 1792 2704 Dac.
1812 2670 1892 2715 (qui

1159 2728 1195 2762 in
1211 2731 1367 2760 annotat.
1385 2730 1547 2770 punctum
1562 2727 1712 2771 mavult)
1735 2738 1808 2772 aeq.
1824 2726 1890 2760 Sa-

1162 2785 1243 2818 nad.
1267 2784 1303 2817 in
1327 2783 1443 2817 eadem
1463 2783 1561 2826 hujus
1586 2783 1655 2817 loci
1679 2785 1892 2828 interpreta-

1161 2841 1271 2875 tione.
1286 2851 1393 2874 curas
1420 2851 1484 2885 pro
1500 2850 1614 2884 paras
1631 2850 1803 2886 suprascr.
1830 2850 1892 2874 ms.

1162 2897 1279 2931 Guelf.
1298 2899 1331 2933 2.
