2054 3268
244 252 630 295 COMMENTARII.
657 251 710 288 IN
728 247 951 288 HORATII
978 245 1149 284 EPIST.
1186 244 1330 284 PRIM.
1356 244 1459 282 LIB-
1486 245 1519 281 Ι.
1604 241 1661 281 43

107 369 267 409 virtutis
284 367 378 408 usui
399 367 588 419 vitaeque
604 362 831 411 communi,
860 373 984 414 quam
1004 359 1186 397 maxime
1203 357 1291 396 fieri
1311 363 1445 410 potest
1457 386 1468 406 ‚
1498 369 1660 396 accom-

108 436 317 486 modatae3
345 448 449 489 quae
474 433 769 486 interpretatio,
801 431 838 470 si
861 428 1137 469 observaveris
1156 427 1314 466 Horatii
1341 426 1513 464 aliorum
1535 426 1660 463 verba

108 519 183 546 suo
203 505 331 558 ipsius
351 502 475 542 modo
494 515 696 555 sensuque
719 497 1009 551 interpretandi
1037 509 1181 545 usum,
1215 502 1262 534 ut
1295 496 1361 544 10,
1387 495 1454 535 12.
1485 496 1552 544 16,
1572 497 1658 544 78.,

109 580 150 613 et
166 574 331 613 notione
350 573 437 610 veri
456 570 623 625 (Heind.
643 568 695 607 ad
709 569 795 608 Sat.
819 569 858 617 1,
883 568 924 615 3,
944 568 1015 607 97.
1070 563 1239 604 Ruhnk.
1262 562 1316 601 ad
1338 564 1465 602 Rutil.
1489 565 1593 616 Lup.
1615 578 1658 616 p.

109 643 180 684 92.
201 648 243 680 et
257 640 438 680 Ellendt.
466 639 518 677 ad
540 640 622 678 cic.
649 639 763 676 Brut.
791 650 833 689 p.
855 635 967 688 163)
1004 641 1044 672 et
1068 635 1154 672 fere
1182 633 1340 672 Horatii
1367 632 1495 683 ipsius
1525 632 1658 670 verbis

110 711 241 764 Epist.
262 711 308 759 1,
335 712 376 758 6,
398 708 465 750 15.
485 710 553 750 16.
577 706 642 756 18,
663 707 703 747 8.
724 706 765 746 9.
795 706 955 756 egregie
972 703 1167 741 firmatur.
1189 725 1247 731 —-
1274 707 1420 739 custos.
1482 700 1550 738 Sic
1570 701 1658 738 An-

106 780 254 832 tipater
274 777 466 818 Sidonius
486 783 642 829 septem
667 774 869 826 sapientes
895 767 1168 825 σωφροσύνας
1197 765 1386 822 φύλακας
1414 770 1594 822 appellat
1616 771 1659 807 in

108 848 263 886 Delect.
285 847 411 900 epigr.
431 859 491 898 gr.
513 844 576 884 ed.
596 843 757 883 Jacobs.
779 856 820 894 p.
843 842 940 882 119.
971 841 1137 878 Aristot.
1157 838 1292 877 Ethic.
1313 839 1360 887 5,
1387 839 1428 879 6.
1465 839 1547 879 ἔστι
1567 837 1609 880 δὲ
1635 834 1659 881 ὅ

110 913 246 968 ἅρχων
272 912 406 967 φύλαξ
432 916 508 955 τοῦ
529 913 701 954 δικαίου.
734 933 792 940 --
825 909 1063 962 rigidusque
1091 907 1263 946 satelles.
1327 908 1570 960 Quanquam
1605 922 1659 947 ex

107 984 322 1022 Piscatoris
349 982 548 1021 sententia
574 979 651 1020 hoc
671 977 879 1032 epitheton
898 979 1120 1016 satellitum
1147 984 1309 1030 gestum
1326 974 1486 1014 videtur
1503 984 1656 1026 notare,

110 1053 181 1104 qui
204 1057 335 1090 erecto
358 1051 608 1103 minimeque
625 1049 734 1087 flexo
755 1049 860 1086 collo
886 1046 1103 1096 incedunt,
1140 1046 1245 1084 bene
1265 1052 1404 1083 tamen
1423 1051 1463 1082 et
1486 1058 1572 1082 rem
1590 1046 1658 1097 ip-

107 1132 195 1158 sam
212 1119 385 1171 attingit.
427 1117 511 1158 Sed
530 1131 657 1172 quum
674 1118 786 1170 rig-or
802 1117 1006 1155 irremissa
1027 1118 1224 1171 propositi
1250 1118 1391 1170 regula
1410 1116 1485 1164 sit,
1508 1118 1656 1165 errant,

107 1188 179 1241 qui
196 1186 263 1226 hic
274 1194 537 1239 praeceptum
557 1187 692 1224 omnia
704 1192 876 1237 peccata
893 1185 1118 1238 aequaliter
1125 1188 1304 1238 puniens
1320 1185 1546 1224 inveniunt.
1574 1186 1659 1222 Ea-

108 1254 203 1294 dem
219 1256 304 1294 fere
324 1257 522 1293 sententia
539 1255 625 1294 Sat.
648 1256 690 1303 2,
709 1255 747 1303 1,
768 1254 840 1295 70.
869 1255 960 1292 Liv.
972 1254 1042 1303 39,
1065 1252 1136 1296 40.
1173 1255 1437 1293 Cato-invicti
1452 1268 1480 1291 a
1499 1253 1660 1305 capidi-

109 1322 260 1361 tatibus
274 1325 404 1361 animi
421 1331 460 1361 et
468 1323 626 1375 rigidae
645 1323 907 1360 innocentiae.
942 1323 1085 1361 Senec.
1098 1324 1228 1376 Epist.
1243 1325 1315 1365 71.
1344 1322 1563 1361 Flex-nram
1579 1336 1660 1360 non

107 1393 250 1443 recipit
269 1390 449 1444 (virtus),
473 1392 609 1444 rigida
628 1397 702 1437 eat,
721 1391 900 1442 amplius
918 1391 1072 1429 intendi
1087 1405 1168 1429 non
1179 1397 1326 1442 potest.
1387 1391 1448 1430 Id.
1471 1391 1524 1429 ad
1539 1393 1659 1431 Helv.

110 1461 177 1500 12.
211 1460 434 1498 Stoicorum
453 1460 589 1513 rigida
604 1473 655 1498 ac
674 1459 806 1497 virilia
825 1461 1037 1511 sapientia.
1070 1461 1225 1498 Lucan.
1244 1461 1284 1509 2,
1299 1459 1396 1500 389.
1420 1456 1563 1513 (Cato)
1579 1460 1660 1498 Ju-

108 1529 239 1566 stitiae
259 1535 407 1574 custos,
433 1529 561 1581 rigidi
579 1535 756 1566 servator
770 1527 925 1566 honesti·
935 1544 952 1577 ;
981 1530 1119 1582 ibique
1142 1528 1324 1578 Cortius,
1357 1530 1428 1582 qui
1450 1530 1570 1581 plura
1593 1530 1659 1567 af·-

106 1597 222 1635 feret.
241 1595 383 1636 Sidon.
411 1597 593 1648 Apollin.
607 1597 739 1635 Carm.
750 1597 791 1637 7.
810 1611 850 1649 p.
868 1597 968 1639 315.
997 1595 1187 1635 Ehnenh.
1209 1597 1412 1649 Rigiclnm
1431 1599 1490 1635 sic
1500 1598 1658 1650 Pyrrhe

105 1663 270 1702 videbas
287 1663 535 1703 Fabricium.
572 1666 654 1703 Cic.
677 1663 727 1703 de
748 1666 837 1703 Fin.
860 1667 910 1714 2,
933 1666 986 1706 12
999 1695 1010 1715 ,
1028 1665 1098 1707 37.
1128 1666 1658 1717 ΕΡίοιινί-νίνίιιιεε-νοίιιρ-

107 1738 238 1770 tatum
259 1731 462 1770 satellites.
496 1734 632 1772 Simili
654 1735 854 1785 elegantia
876 1741 1021 1786 poetae
1049 1730 1199 1788 (Epist.
1214 1735 1254 1783 2,
1282 1736 1309 1776 2
1322 1764 1332 1784 ,
1353 1729 1475 1788 230.)
1498 1736 1658 1773 virtutis

106 1800 259 1838 aeditui
272 1807 479 1839 vocantur.
499 1824 558 1831 —
577 1803 764 1841 Cetermn
789 1809 893 1840 errat
912 1801 979 1840 hic
998 1803 1127 1841 bonus
1158 1803 1375 1849 Gesnerus,
1405 1816 1533 1856 quum
1554 1805 1658 1856 rigi—

107 1869 184 1908 dus
194 1867 246 1907 ad
259 1875 476 1922 utrumque
487 1870 784 1909 substantivum
793 1871 843 1909 ob
857 1872 1098 1923 particulam
1117 1885 1194 1923 que
1210 1871 1350 1909 referri
1367 1872 1567 1923 opinetur.
1596 1874 1659 1910 De

107 1938 195 1989 ipsa
209 1937 414 1986 relatione,
435 1950 539 1990 quae
555 1940 634 1976 alia
642 1939 692 1978 de
701 1952 821 1977 causa
830 1939 917 1977 fieri
930 1947 1064 1992 potest
1079 1938 1302 1979 secundum
1318 1946 1454 1978 annot.
1466 1939 1518 1978 ad
1526 1941 1658 1991 v.41.,

107 2016 216 2042 nunc
230 2016 314 2042 non
329 2016 491 2057 quaero,
511 2012 553 2043 at
565 2008 840 2047 collocationis
854 2010 995 2061 partic.
1007 2023 1084 2061 que
1102 2010 1181 2047 alia
1193 2015 1254 2046 est
1265 2009 1365 2046 ratio
1379 2021 1389 2056 3
1412 2008 1495 2046 vid.
1509 2010 1658 2049 Heind.

109 2070 163 2109 ad
182 2071 267 2109 Sat.
290 2072 327 2120 1,
349 2074 390 2121 6,
406 2070 488 2122 43„
508 2085 631 2125 quem
651 2089 803 2114 errasse
818 2079 953 2115 minus
970 2085 1078 2115 recte
1098 2084 1234 2115 censet
1253 2078 1415 2115 Dissen.
1434 2077 1486 2114 ad
1506 2079 1600 2116 Tib.
1619 2081 1656 2128 1,

113 2140 150 2187 1,
169 2138 238 2180 51·.
273 2139 336 2176 ef.
353 2138 473 2177 eund.
493 2139 545 2178 ad
558 2141 595 2190 1,
611 2143 678 2192 10,
691 2142 759 2184 51.
791 2142 918 2182 Bach.
930 2144 1028 2183 ibid.
1052 2147 1090 2195 1,
1109 2147 1146 2194 1,
1166 2142 1236 2186 40.
1257 2145 1390 2195 Sillig.
1407 2144 1459 2182 ad
1469 2146 1548 2184 Cir.
1557 2146 1657 2187 325.

108 2214 148 2244 et
167 2207 238 2260 qui
257 2208 552 2246 accuratissime
578 2207 629 2246 de
651 2208 728 2248 hac
746 2225 789 2249 re
818 2210 1037 2263 disputavit
1071 2213 1297 2251 Wllauer.
1321 2214 1365 2251 in
1381 2212 1588 2251 Additam.
1605 2214 1658 2252 ad

108 2274 263 2315 Vechn.
287 2276 492 2314 Hellenol.
521 2277 565 2314 in
586 2277 776 2317 Seebodii
803 2277 969 2318 Archiv.
990 2279 1113 2321 1832.
1134 2282 1176 2329 Ι,
1195 2281 1236 2322 3.
1254 2294 1295 2332 p.
1312 2278 1398 2322 394
1419 2294 1509 2334 sqq.
1529 2303 1581 2311 -—
1600 2304 1658 2311 -—-

219 2345 269 2383 V.
291 2343 359 2384 18.
382 2345 448 2385 19.
478 2344 606 2382 Nunc
621 2347 666 2383 in
681 2346 1064 2399 Aristippi-conor.
1124 2349 1250 2387 Poeta
1268 2363 1380 2386 nunc
1397 2362 1470 2388 suo
1494 2351 1657 2390 arbitrio

106 2412 263 2466 sibique
283 2415 419 2452 vivere
451 2412 643 2469 (Passov.
666 2415 696 2452 1.
719 2416 750 2453 l.
774 2428 837 2453 nr.
859 2412 950 2470 63.)
981 2414 1118 2455 dicens
1148 2417 1318 2466 Stoicis,
1350 2420 1422 2469 qai
1448 2433 1529 2456 non
1559 2419 1656 2467 sibi,

105 2482 178 2519 sed
189 2483 262 2519 toti
274 2484 430 2534 genitos·
447 2497 488 2520 se
505 2482 718 2521 credebant
734 2483 884 2521 mando
906 2483 1079 2536 (Lucan.
1100 2486 1128 2525 2
1139 2514 1150 2534 ,
1170 2485 1275 2536 383)
1297 2488 1461 2538 opponit
1478 2489 1656 2542 Aristip-

105 2562 227 2601 pum,
248 2551 319 2602 qui
336 2564 413 2588 nec
430 2565 592 2604 magna,
613 2565 689 2590 nec
708 2565 831 2604 parva
852 2565 996 2591 curans
1016 2553 1094 2591 sibi
1111 2554 1183 2591 uni
1210 2553 1398 2593 studebat
1422 2557 1572 2610 quique
1589 2572 1654 2595 re-

105 2631 197 2655 rum
214 2620 389 2670 imperii-5
408 2619 693 2673 hominumque
723 2622 797 2658 Tot
813 2622 1014 2674 tanti-sque
1038 2625 1168 2671 major
1187 2621 1418 2674 incedebat,
1452 2632 1498 2663 ut
1523 2629 1654 2666 omnis

105 2699 197 2723 eum
215 2687 367 2724 deceret
384 2687 491 2726 color
509 2696 548 2726 et
566 2697 695 2728 statas
715 2697 754 2727 et
768 2704 832 2728 res
850 2688 1000 2746 (Epist.
1014 2693 1051 2741 1,
1070 2693 1137 2740 17,
1154 2691 1224 2733 23.
1243 2691 1295 2729 cf.
1310 2692 1396 2731 Sat.
1412 2694 1452 2743 2,
1472 2695 1513 2744 3,
1533 2696 1651 2746 100).

104 2755 208 2792 Ηί110
229 2755 394 2793 festive:
424 2756 525 2795 mihi
544 2771 624 2806 res,
653 2772 734 2797 non
756 2773 819 2797 me
840 2759 958 2808 rebus
975 2761 1004 2798 i.
1027 2775 1064 2798 e.
1095 2773 1171 2812 ego
1196 2759 1250 2798 ad
1268 2761 1380 2800 illius
1399 2765 1650 2815 exemplum,

105 2822 178 2875 qui
203 2822 436 2874 Sapientem
455 2828 591 2864 omnia
609 2841 685 2865 sua
704 2841 831 2865 eausa
839 2829 985 2880 faeere
1009 2828 1188 2880 dicebat,
1219 2831 1382 2880 „omnia
1403 2830 1455 2869 ad
1473 2846 1540 2871 me
1556 2840 1651 2871 tan—

106 2903 230 2943 quam
245 2892 373 2930 lineas
393 2891 445 2930 ad
467 2901 648 2934 centrum
667 2909 858 2936 conversa
874 2898 983 2947 volo,
1007 2911 1091 2936 non
1107 2912 1175 2937 me
1195 2898 1246 2938 ad
1265 2901 1442 2950 omnia,“
1472 2914 1535 2940 res
1555 2901 1651 2940 du]-

106 2972 170 2998 ces
189 2966 229 2998 et
241 2959 440 3011 jucundas
457 2963 600 3004 intimo
610 2972 752 3004 tenens
765 2966 973 3019 amplexu.
1002 2968 1132 3006 Aliter
1144 2969 1379 3020 Lambinus,
1401 2982 1524 3023 quem
1541 2970 1649 3010 vide.
