2054 3268
205 249 580 292 COMMENTARH
603 248 659 287 IN
687 245 910 286 HORATn
938 243 1113 284 EPIST.
1141 245 1287 283 PRIM·
1319 244 1422 282 LIB.
1450 244 1484 282 1.
1588 238 1644 283 47

95 366 197 407 bene
215 363 316 404 vidit
333 362 534 402 Huberus.
590 363 694 400 Nam
715 357 940 399 secundum
959 359 1115 410 Digest.
1137 359 1210 397 lib.
1227 359 1373 398 XXVI.
1413 356 1500 395 Tit.
1520 357 1554 393 1.
1578 355 1646 396 18.

95 435 289 472 Feminae.
307 439 453 470 tutores
471 431 565 468 dari
590 444 670 468 non
687 435 882 481 possunt:
913 428 1012 479 quia
1027 426 1075 464 id
1093 441 1242 465 munus
1263 425 1537 465 masculinum
1564 431 1643 461 est.-

95 504 176 542 ιιίσὶ
200 516 228 540 a
239 501 428 554 principe
435 500 625 549 filiorum
646 497 814 537 tutelam
839 495 1066 548 specialiter
1078 495 1300 546 postulent.
1362 495 1426 533 ef.
1452 492 1552 532 cod.
1572 493 1646 531 lib.

94 573 142 612 V.
156 572 241 610 Tit.
264 571 426 608 XXXV.
449 571 487 611 1.
523 571 640 606 Hunc
661 574 797 606 autem
814 566 952 605 locum
966 565 1166 616 imprimis
1182 565 1387 604 illustrant
1406 566 1528 604 verba
1546 563 1646 603 eod.

95 642 124 679 l.
146 642 176 679 l.
207 641 294 678 Tit.
311 639 456 677 XLIX.
481 639 520 678 1.
559 636 760 674 Educatio
770 634 1026 686 pupillorum
1043 640 1204 670 tuorum
1217 633 1327 671 nulli
1344 635 1496 687 magis,
1521 647 1647 687 quam

94 709 217 753 matri
242 721 404 754 eorum,
435 707 473 743 si
499 719 579 743 non
604 706 790 743 vitricum
808 705 863 741 eis
887 702 1119 748 induxerit,
1149 702 1432 740 committenda
1449 709 1519 740 est.
1579 702 1648 739 De

88 777 265 830 pupillis
285 774 367 815 vid.
388 775 544 826 Digest.
568 774 640 811 lib.
660 775 710 810 L.
740 773 826 810 Tit.
853 773 958 811 XVI.
982 770 1082 812 239.
1105 778 1145 808 et
1167 770 1217 808 de
1242 771 1389 808 tutelae
1406 771 1486 808 fine
1506 773 1538 808 Ι.
1560 771 1646 808 Tit.

94 848 223 885 XXII.
261 845 534 897 Ulp.Fragm.
553 844 630 891 XI,
666 843 735 883 28.
777 842 882 878 Hinc
902 840 1058 878 Seneca
1091 838 1144 876 ad
1172 841 1297 876 Marc.
1317 837 1388 880 24.
1446 839 1648 891 Pupillus

99 915 259 953 relictus
274 912 348 952 suh
374 918 548 949 tutorum
567 924 666 948 eura
691 923 818 961 usque
839 909 900 946 ad
915 909 1115 946 decimum
1143 915 1334 960 quartum
1357 922 1513 945 annum
1524 908 1645 959 fuit.-

99 983 174 1023 sub
197 984 338 1021 matris
357 979 537 1018 custodia
556 992 721 1030 semper.
782 977 898 1016 Idem
927 990 1091 1015 mecum
1119 978 1264 1025 sentit,
1306 984 1352 1014 ut
1377 989 1486 1014 nunc
1514 975 1646 1025 video,

98 1053 220 1090 Rein.
251 1052 295 1089 in
318 1050 421 1088 libro
449 1049 562 1086 utili:
605 1049 723 1097 „Das
743 1049 860 1085 Rom.
881 1043 1133 1084 Privatrecht
1150 1044 1236 1083 und
1254 1044 1325 1083 der
1343 1045 1646 1097 Civilprocess“

94 1141 152 1148 —-·
170 1121 269 1171 Lps.
293 1118 417 1159 1836.
437 1131 478 1168 p.
495 1114 594 1157 244.
629 1116 831 1167 Cruquius
847 1116 1112 1167 Piscatorque
1133 1115 1368 1166 intelligunt
1390 1127 1584 1152 novercas
1606 1120 1647 1151 et

94 1186 372 1237 Haberfildus
379 1193 555 1224 matrum
567 1185 868 1237 parsimoniam,
888 1196 968 1236 qua
984 1182 1141 1222 dandae
1151 1185 1317 1236 pupillis
1333 1186 1377 1222 in
1388 1181 1646 1236 quotidianos

93 1261 278 1307 sumptus
293 1257 488 1307 pecuniae
506 1254 771 1306 pepercerint.
805 1255 935 1290 Immo
955 1252 1079 1299 dura,
1108 1259 1155 1289 ut
1169 1260 1311 1303 patres
1327 1253 1423 1290 duri
1439 1253 1524 1291 Sat.
1547 1254 1585 1302 1,
1604 1255 1646 1302 2,

97 1325 166 1365 17.
184 1332 224 1360 et
248 1322 366 1361 Ovid.
389 1325 486 1360 Met.
511 1323 557 1371 9,
593 1320 692 1362 555.
751 1321 902 1372 Gierig.
929 1321 1001 1359 ibi.
1059 1320 1150 1358 Nec
1170 1335 1242 1358 nos
1269 1329 1344 1358 aut
1363 1321 1491 1359 durus
1503 1329 1647 1373 pater-

94 1390 322 1442 impedient.
382 1392 437 1428 Ut
462 1388 530 1427 hic
557 1389 684 1427 durus
710 1389 844 1438 facili,
873 1390 931 1427 sic
951 1389 1109 1427 duritas
1127 1391 1344 1442 opponitur
1371 1392 1551 1429 comitati
1579 1404 1646 1443 ap.

95 1459 179 1497 Cic.
204 1457 255 1496 de
279 1459 439 1497 Senect.
462 1459 529 1507 18,
554 1458 623 1499 65.
644 1456 765 1512 (ibiq.
789 1455 973 1510 Gemh.).
1016 1459 1172 1496 Premit
1191 1459 1259 1496 vel
1279 1466 1448 1508 coercet,
1468 1461 1646 1511 imagine

94 1528 144 1565 ab
165 1528 279 1580 equis
303 1526 515 1565 domandis
533 1527 728 1565 translata
752 1524 928 1581 (Koenig
948 1525 1001 1564 ad
1020 1528 1131 1567 Pers.
1153 1526 1194 1575 5,
1212 1523 1316 1581 39.),
1346 1529 1413 1565 vel
1430 1541 1554 1566 sensu
1572 1541 1647 1579 ge-

92 1596 305 1634 nemliori:
347 1594 568 1632 circumdat
611 1609 774 1633 omnem
806 1595 1057 1648 pupillorum
1091 1594 1256 1641 vivendi
1289 1597 1488 1634 rationem
1527 1598 1647 1649 eique

93 1665 222 1717 quasi,
254 1677 308 1702 ne
327 1664 491 1702 liberius
512 1665 647 1702 vivere
664 1665 840 1715 possint,
864 1663 1043 1701 incubat.
1101 1663 1164 1701 Cf.
1186 1662 1349 1702 Mitsch.
1370 1662 1423 1701 ad
1442 1662 1516 1702 Od.
1542 1666 1581 1713 1,
1603 1662 1645 1713 4,

94 1733 162 1773 16.
219 1733 356 1780 Qualis
381 1739 512 1770 cetera
530 1738 707 1769 matrum
734 1731 934 1770 educandi
957 1733 1058 1769 ratio
1080 1732 1223 1781 fuerit,
1257 1734 1360 1771 bene
1385 1733 1572 1771 observat
1595 1734 1644 1772 L.

91 1799 262 1839 Roeder.
281 1802 326 1838 in
345 1801 517 1838 Dissert.
543 1800 594 1838 de
617 1801 818 1839 Scholast.
842 1801 1023 1838 Roman.
1050 1800 1306 1838 Institutione
1322 1815 1364 1854 p.
1385 1801 1427 1842 5.

203 1870 252 1908 V.
275 1869 346 1910 23.
364 1867 435 1910 24.
476 1869 546 1907 Sic
566 1868 815 1915 mihi—-id,
845 1870 966 1920 quod.
995 1892 1048 1898 —-
1069 1869 1188 1907 tarda
1197 1870 1346 1920 fluunt
1371 1876 1568 1920 tempora,
1599 1878 1646 1908 ut

93 1935 209 1974 Ovid.
231 1937 395 1976 Hel-oid.
423 1940 461 1986 1,
483 1938 526 1978 8.
584 1938 674 1975 ,Nee
692 1951 873 1989 quererer
889 1938 1024 1976 tardos
1046 1939 1103 1975 ire
1120 1938 1261 1975 relicta
1288 1938 1385 1976 dies.
1447 1938 1515 1976 Sic
1538 1939 1648 1976 tardi

95 2017 244 2042 menses
261 2005 313 2043 ob
336 2007 498 2044 aestatis
518 2007 722 2058 longiores
753 2006 839 2044 dies
866 2020 931 2058 ap.
952 2008 1062 2058 Virg.
1084 2007 1158 2044 Ge.
1181 2007 1204 2046 1
1219 2035 1230 2055 ‚
1254 2006 1326 2047 32.
1355 2006 1497 2043 tardae
1514 2014 1647 2044 noctes

95 2071 244 2121 ibid.2,
259 2071 357 2113 482.
391 2073 506 2111 Ovid.
519 2087 572 2111 ex
582 2075 700 2113 Pont.
712 2075 759 2123 2,
775 2071 816 2122 4,
834 2075 903 2115 26.
917 2075 1120 2126 (321).-—
1132 2075 1281 2125 fluunt
1282 2103 1299 2121 ,
1323 2074 1373 2112 de
1393 2076 1505 2112 lento
1517 2082 1646 2123 motu,

96 2146 142 2178 ut
151 2140 293 2190 defluit
300 2148 412 2178 aetas
421 2144 509 2179 Iuv.
522 2142 608 2180 Sat.
619 2145 661 2191 7,
674 2143 743 2183 32.
755 2143 813 2180 ibi
827 2144 991 2194 Rupert.
1031 2144 1093 2181 Cf.
1106 2141 1231 2181 Bach.
1253 2142 1305 2179 ad
1323 2143 1419 2180 Tib.
1434 2156 1474 2194 p.
1485 2142 1584 2185 333.
1607 2150 1647 2181 et

95 2209 273 2247 Gronov.
292 2208 345 2246 ad
354 2211 444 2247 Liv.
458 2211 526 2258 27,
551 2212 618 2259 17,
638 2208 680 2250 4.
703 2232 762 2238 —
779 2211 1022 2262 ingrataque
1037 2218 1217 2262 tempora
1229 2240 1239 2259 ,
1261 2217 1307 2247 ut
1327 2211 1458 2261 Epist.
1470 2212 1510 2259 2,
1531 2213 1568 2260 1,
1588 2210 1647 2261 4.)

98 2277 148 2314 Si
163 2277 283 2329 longo
300 2291 477 2315 sermone
490 2291 619 2315 morer
638 2285 710 2315 tua
732 2284 927 2328 tempora,
953 2279 1114 2316 Caesar.
1147 2277 1264 2317 Ovid.
1283 2281 1442 2316 Amorr.
1457 2279 1494 2326 1,
1517 2281 1557 2327 6,
1576 2279 1646 2319 55.

94 2351 272 2396 tempora
290 2347 417 2383 noctis
436 2354 543 2384 eunt.
577 2346 637 2384 Id.
652 2347 750 2383 Met.
770 2347 810 2394 8,
831 2348 872 2386 2.
903 2347 997 2384 Tib.
1017 2349 1065 2394 2,
1087 2344 1128 2394 4,
1149 2347 1216 2387 12.
1253 2346 1403 2384 Omnia
1422 2359 1519 2382 nam
1544 2347 1648 2383 tristi

93 2420 268 2465 tempora
274 2414 382 2466 fille
396 2416 572 2452 madent.
595 2417 685 2467 Ipse
695 2415 846 2466 Cic-pr.
856 2413 978 2452 Arch.
989 2418 1097 2466 poet.
1111 2415 1150 2462 6,
1165 2414 1233 2455 13.
1255 2421 1453 2466 quantum
1469 2415 1528 2452 ad
1540 2414 1647 2452 alias

89 2481 316 2532 voluptates
322 2505 380 2512 —
389 2484 616 2521 conceditur
625 2491 863 2535 temporum,
873 2496 995 2536 quem
1004 2483 1140 2521 locum
1147 2483 1330 2534 pluribus
1342 2485 1542 2536 exemplis
1552 2485 1646 2522 vin-

93 2548 242 2588 dicavit
252 2551 432 2590 Ciceroni
442 2553 781 2604 Stuerenburgius
799 2567 840 2604 p.
851 2553 920 2593 97.
949 2553 1010 2589 De
1021 2553 1095 2589 tali
1112 2552 1331 2603 pluralium
1346 2565 1424 2589 usu
1433 2566 1645 2604 perperam

92 2631 212 2670 saepe
221 2620 421 2671 explicato
431 2621 608 2660 dicemus
618 2620 669 2659 ad
679 2623 810 2673 Epist.
822 2623 862 2670 2,
875 2622 916 2662 9.
928 2643 982 2651 —
991 2623 1039 2659 V.
1050 2619 1119 2661 24.
1140 2620 1638 2660 Consilium—morantur.

93 2690 140 2726 In
160 2687 266 2726 hanc
284 2703 369 2727 rem
388 2691 460 2728 illa
477 2692 585 2728 valet
607 2689 660 2728 ad
676 2691 857 2728 Lollium
877 2686 938 2744 (2,
961 2686 1037 2743 40)
1062 2687 1311 2727 adhortatio:
1345 2688 1494 2741 Sapere
1510 2690 1616 2728 aude
1623 2706 1641 2739 ;

93 2758 245 2808 Incipe.
295 2758 377 2809 Qui
393 2766 494 2796 recte
511 2759 676 2797 vivendi
687 2765 883 2810 prorogat
899 2758 1060 2803 horam,
1087 2757 1282 2794 Rusticus
1300 2765 1522 2808 exspectat,
1544 2759 1643 2797 dum

2 2831 9 2840 '
91 2826 246 2876 defluat
262 2827 395 2864 amnis
405 2834 477 2864 etc.
508 2828 622 2865 Licet
639 2835 775 2865 autem
794 2828 953 2874 mirari,
985 2839 1065 2878 quo
1088 2825 1329 2863 aberraverit
1347 2838 1518 2864 acumen
1538 2828 1642 2865 Cru-

93 2895 192 2947 quii,
214 2908 341 2947 quum
358 2895 479 2933 verba
499 2897 689 2947 gnaviter
707 2895 861 2947 agendi
879 2897 936 2932 sic
956 2896 1304 2946 interpretaretur:
1324 2896 1533 2946 „equidem
1550 2910 1642 2933 ma-

93 2963 184 3009 tim,
207 2965 398 3015 gnaviter
411 2977 548 3015 agere,
575 2965 846 3015 interpretari,
869 2962 966 3013 hene
993 2963 1154 3014 quidem
1170 2964 1298 3001 vivere
1307 2991 1326 3010 ,
1355 2963 1428 3001 sed
1439 2965 1499 3002 ad
1515 2966 1642 3003 vitam
