2028 3268
157 256 185 296 3
606 252 748 291 LIBRI
790 252 817 289 l.

879 249 1145 290 EPISTOLA
1175 250 1241 289 Vl.

1631 247 1712 290 271

227 381 326 438 Quo
361 380 599 439 spectando
635 381 791 440 modo,
839 393 921 438 quo
958 391 1090 422 sensu
1125 376 1266 421 credis
1302 380 1346 421 et
1382 375 1493 422 ore?

229 461 315 518 Qui
356 462 478 505 timet
512 461 578 504 his
615 462 831 519 adversa,
877 458 972 503 sere
1002 459 1185 502 miratur
1221 456 1391 517 eodem,

225 541 324 597 Quo
361 543 538 600 cupiens
574 544 728 602 paeto3
762 553 902 600 pavor
933 541 1000 582 est
1039 538 1266 596 utrobique
1301 538 1526 595 molestus.

157 730 310 776 Quiritis
336 730 452 775 posito
486 730 585 764 unius
614 731 748 765 tenoris
773 734 855 764 sunt
878 727 913 760 in

155 789 236 824 edd.
265 788 376 833 Cruq.
404 788 519 822 Bond.
548 788 654 822 Talb.
681 787 786 821 Tart.
811 786 913 820 Cam—

153 857 235 891 pen.
254 845 452 890 Chai-pent.
470 845 516 880 al.
568 846 730 881 Ludicra
747 850 794 879 et.
842 843 911 877 Ed.

153 903 268 948 princ.
297 914 355 948 ap.
382 905 493 938 Gesn.
534 923 579 929 —
625 902 800 948 Quirini?
841 900 911 934 Ed.

154 962 291 996 Biedm.
315 961 397 997 599.

200 1021 245 1055 V.
274 1021 309 1054 8.
344 1023 521 1066 spectata.
570 1017 640 1051 Ms.
663 1017 730 1050 Fe.
753 1017 785 1059 3,
812 1016 839 1048 f.
871 1034 915 1039 —

152 1079 271 1113 cordis
302 1089 368 1123 pro
401 1075 517 1111 credis
548 1087 613 1110 ms.
641 1074 754 1108 Orell.
790 1073 826 1107 b.
869 1093 915 1097 —

151 1136 221 1171 Hic
248 1136 406 1180 demum,
437 1139 477 1168 ut
501 1135 634 1168 verba:
681 1132 768 1178 quid
794 1142 915 1165 censes

150 1205 304 1229 munera
330 1214 376 1219 —-
409 1193 500 1227 ore?
539 1203 639 1225 unam
672 1189 832 1224 efficiant
862 1189 914 1223 in-

152 1251 454 1297 terrogationem,
497 1250 631 1295 signum
669 1247 913 1292 interrogandi

151 1314 290 1355 ponunt
337 1309 417 1343 edd.
458 1308 561 1343 Jahn.
602 1308 683 1343 827.
752 1305 913 1340 Hoched.

152 1368 288 1412 Orell.‚
314 1371 461 1402 tuentur
489 1365 694 1410 Koenig.p.
716 1365 771 1400 14.
821 1363 913 1397 Doe-

151 1426 241 1461 derl.
279 1425 315 1459 in
339 1425 428 1469 Syn.
455 1424 503 1457 II.
548 1435 584 1468 p.
608 1424 666 1458 31.
723 1421 848 1455 Jacob.
879 1420 914 1454 in

151 1483 310 1519 Seebod.
343 1482 439 1517 Krit.
480 1481 574 1515 Bibl.
621 1481 722 1516 1829.
764 1490 800 1523 p.
830 1479 911 1513 417.

151 1543 215 1576 Fr.
231 1542 375 1576 Jacobs.
390 1540 413 1574 l.
432 1539 455 1573 l.
479 1551 516 1584 p.
536 1538 613 1574 154.
625 1564 635 1580 ‚
660 1537 848 1571 laudantur
866 1535 913 1570 si-

150 1601 243 1635 milia
268 1599 369 1634 huius
392 1596 684 1642 interrogationis
709 1593 913 1638 multiplicis

150 1664 189 1694 et
218 1657 470 1704 interjectione
505 1654 745 1689 nonnullorum
783 1653 913 1686 verbo-

149 1728 225 1752 rum
250 1726 443 1762 suspensae
467 1712 647 1758 exempla,
689 1722 779 1756 quae
805 1710 911 1744 colle-

149 1780 278 1821 gerunt
293 1773 424 1809 Matth.
443 1773 486 1807 ad
505 1773 582 1806 Cic.
597 1783 654 1816 pr.
666 1770 772 1804 Rosc.
790 1768 909 1802 Amer.

151 1836 205 1878 17,
230 1833 289 1870 49.
336 1831 456 1867 Beier.
482 1834 519 1864 et
534 1830 676 1874 Zumpt.
704 1827 749 1861 ad
769 1827 847 1860 Cic.
864 1826 909 1859 de

149 1892 258 1926 offic.
268 1893 300 1934 2,
311 1893 346 1934 7,
360 1891 418 1927 25.
442 1889 534 1923 idem
551 1887 609 1921 ille
627 1887 672 1921 ad
691 1885 768 1920 Cic.
787 1885 908 1919 Oratt.

147 1949 291 1993 Fragm.
331 1959 368 1992 p.
397 1947 474 1982 144.
534 1944 646 1980 Giese
681 1943 726 1978 ad
752 1942 830 1976 Cic.
865 1942 909 1976 de

149 2005 269 2042 Divin.
295 2008 337 2048 2,
371 2005 411 2048 9,
447 2003 504 2040 23.
566 2001 708 2036 Ramsh.
743 2002 809 2035 Gr.
846 1999 908 2034 lat.

150 2068 184 2108 5.
212 2063 290 2099 174.
316 2074 352 2106 p.
375 2062 456 2097 707.
486 2060 543 2093 ed.
573 2062 605 2095 2.
667 2058 781 2101 Quid,
816 2057 910 2102 quod

149 2120 250 2156 addit
262 2118 434 2162 Orellius‚
451 2117 663 2151 sententiam
681 2127 780 2149 esse:
798 2126 909 2159 „quo-

148 2179 254 2214 modo
285 2175 480 2223 spectanda
513 2186 638 2208 censes
667 2183 810 2208 munera
836 2178 909 2205 ter-

148 2247 223 2280 rae,
249 2257 294 2261 -
313 2255 359 2259 —
386 2244 453 2278 quo
471 2243 588 2275 sensu,
615 2231 706 2275 dico,
732 2236 771 2265 et
787 2229 909 2264 ore?“

148 2294 269 2328 Paene
293 2291 376 2326 dedi
400 2302 531 2325 manus.
579 2289 628 2322 At
651 2300 755 2334 quum
775 2288 809 2322 in
827 2298 909 2321 con-

149 2356 257 2387 ventu
280 2351 339 2385 illo
357 2349 525 2384 Gothano
553 2348 648 2380 forte
670 2347 813 2381 fortuna
831 2356 908 2379 ser-

149 2422 203 2444 mo
235 2410 272 2443 in
304 2407 453 2454 quodam
486 2407 674 2440 amicorum
706 2402 836 2437 circulo
871 2401 907 2435 in

148 2469 239 2502 hunc
261 2466 447 2501 incidisset
471 2464 604 2508 locum,
629 2462 823 2497 See—hodius
839 2460 908 2494 tui-

149 2531 206 2561 tus
238 2527 296 2559 est
335 2522 595 2558 distinctionem
638 2525 819 2565 receptam
851 2523 909 2552 ut-

150 2588 237 2629 pote
267 2579 554 2616 sermocinationi
585 2579 732 2613 maxime
772 2588 908 2612 accom-

151 2640 327 2675 modatam
351 2642 389 2671 et
409 2637 480 2681 ita,
507 2641 548 2671 ut
564 2636 849 2682 quaestiunculae
866 2634 908 2668 il—

150 2697 226 2732 lae:
261 2696 349 2742 quid
366 2707 545 2729 censes—
570 2695 720 2730 terrae?
759 2715 804 2719 -—
845 2694 906 2728 In-

151 2755 244 2790 dos?
281 2753 379 2798 quasi
406 2752 497 2786 viam
521 2752 696 2786 munirent
722 2751 766 2786 ad
795 2751 906 2785 inter-

150 2812 370 2858 rogationem
391 2810 520 2856 ipsam:
550 2813 629 2854 Quo
646 2810 844 2855 spectanda
863 2828 903 2833 -—-

151 2871 241 2905 ore?
288 2869 550 2912 Bernhardyus
573 2868 650 2912 ille,
677 2878 745 2913 qua
771 2873 827 2902 est
851 2878 906 2902 sa-

153 2928 309 2972 gacitate
345 2931 382 2961 et
413 2926 578 2960 memoria
609 2925 777 2971 singulari
810 2924 904 2958 illico

153 2984 309 3021 laudavit
326 2985 544 3020 Gronovium
568 2984 610 3018 ad
628 2983 744 3018 Plaut.
763 2981 904 3018 Curcul.

1661 539 1715 580 10

963 729 1000 768 1,
1033 729 1072 768 1,
1099 727 1156 761 59.
1199 726 1328 762 similes
1361 726 1529 761 sermonis
1553 727 1716 761 formulas

961 783 1266 827 suppeditantem3
1307 786 1398 820 adde
1422 784 1562 819 Ruhnk.
1581 785 1625 819 ad
1644 785 1717 820 Te-

960 846 1053 874 rent.
1071 842 1181 876 Andr.
1206 844 1238 885 5,
1261 846 1292 885 2,
1313 845 1368 879 12.
1395 848 1432 877 et
1449 842 1525 876 Cic.
1543 843 1645 877 Brut.
1659 844 1716 885 58,

960 901 1040 935 212.
1103 900 1199 942 Quid
1229 901 1422 943 Crassum,
1455 900 1626 945 inqua-m,
1667 903 1717 936 il-

959 958 1035 990 lum
1049 957 1197 990 censes?
1220 957 1322 991 Hanc
1338 957 1600 994 distinctionem
1617 966 1717 994 tuen-

962 1018 1022 1047 tur
1042 1014 1239 1049 Schmidius
1265 1016 1308 1049 ad
1332 1016 1366 1049 h.
1391 1016 1414 1050 l.
1433 1023 1470 1051 et
1492 1017 1527 1050 in
1548 1018 1626 1051 Jen.
1644 1018 1716 1052 Lit.

962 1071 1058 1106 Zeit.
1090 1072 1179 1117 Erg.
1209 1073 1263 1106 Bl.
1292 1075 1399 1110 1829.
1432 1074 1479 1108 Ν.
1497 1076 1555 1110 38.
1581 1087 1617 1120 p.
1636 1077 1717 1112 304.

962 1130 1133 1164 Groebel.
1161 1130 1205 1163 ad
1229 1130 1262 1164 h.
1291 1131 1313 1165 1.
1342 1136 1378 1165 et
1401 1132 1509 1166 Bach.
1536 1133 1572 1167 in
1597 1134 1719 1168 Zimm.

960 1188 1140 1222 Zeitschr.
1168 1188 1270 1223 1834.
1308 1200 1343 1233 p.
1374 1191 1476 1226 1055.
1514 1192 1558 1224 cf.
1587 1192 1717 1227 Heind.

960 1246 1005 1279 ad
1023 1246 1100 1279 Cic.
1115 1246 1164 1280 N.
1177 1245 1220 1279 D.
1246 1249 1276 1288 1,
1306 1248 1361 1289 29,
1380 1248 1437 1283 82.
1486 1249 1578 1282 Nolo
1603 1256 1718 1284 autem

962 1314 1124 1348 premere
1141 1310 1383 1347 argumentum
1399 1305 1494 1350 illud,
1522 1308 1616 1352 quod
1632 1321 1718 1343 non-

960 1361 1042 1394 nulli
1068 1361 1111 1395 ab
1138 1361 1354 1406 interposito
1380 1365 1492 1398 verbo
1520 1367 1636 1401 credis
1662 1379 1719 1402 su—

960 1425 1078 1462 munt3
1104 1420 1233 1454 etenim
1258 1421 1404 1456 verbum
1432 1423 1515 1457 illud
1538 1430 1621 1469 post
1643 1425 1719 1459 lon—

961 1477 1098 1522 giorem
1123 1478 1312 1513 verborum
1340 1479 1645 1524 intercapedinem
1662 1481 1719 1515 hic

961 1535 1128 1572 substitui
1146 1536 1198 1569 uti
1218 1537 1457 1580 homonymum
1473 1539 1718 1582 potuit35imi-

959 1594 1044 1628 liter
1068 1605 1207 1639 quoque
1233 1594 1385 1628 iteratur
1402 1595 1474 1629 οἴει
1497 1607 1553 1640 ap.
1570 1597 1663 1630 Plat.
1682 1597 1718 1631 in

958 1652 1050 1696 Rep.
1068 1654 1102 1695 7,
1120 1653 1153 1686 8.
1178 1664 1213 1696 p.
1234 1654 1310 1689 125.
1330 1653 1385 1687 ed.
1403 1653 1531 1688 Stallb.
1555 1660 1592 1689 et
1608 1654 1719 1689 inter—

958 1710 1107 1755 rogandi
1124 1710 1246 1745 verbis
1262 1708 1445 1753 πότερον,
1472 1711 1573 1756 πῶς,
1607 1710 1720 1753 πόσος

956 1767 1232 1813 interponuntur
1255 1768 1401 1810 δοκεῖς,
1435 1768 1599 1812 δοκεῖτε,
1634 1769 1717 1813 οἴει,

956 1825 1028 1859 vid.
1054 1826 1205 1860 Valken.
1233 1826 1278 1859 ad
1302 1825 1429 1870 Eurip.
1456 1826 1602 1872 Hippoi.
1634 1827 1716 1865 446.

956 1883 1091 1918 Contra
1107 1884 1347 1929 Bentlejanam
1374 1883 1711 1928 interpunctionem:

957 1942 1045 1985 quid
1062 1953 1193 1987 censes,
1211 1963 1256 1967 —
1281 1942 1429 1976 terrae?
1454 1946 1494 1976 ut
1517 1942 1548 1975 si
1564 1953 1718 1976 munera

955 2005 1096 2042 terrae,
1143 2001 1275 2043 maris,
1318 2000 1464 2034 ludicra
1492 1998 1594 2044 reliq.
1630 2011 1716 2044 pen-

958 2055 1067 2089 deant
1091 2068 1111 2091 a
1137 2058 1247 2091 verbo
1266 2057 1400 2090 credis:
1431 2066 1499 2100 quo
1519 2056 1616 2090 vultu
1633 2068 1715 2101 spe-

957 2113 1086 2146 ctanda
1126 2115 1242 2148 credis
1275 2125 1418 2148 munera
1449 2119 1570 2148 terrae
1601 2115 1714 2159 reliq„

956 2169 1117 2214 disputat
1142 2170 1277 2206 Bauer.
1312 2171 1356 2204 ad
1386 2172 1510 2205 Sanct.
1546 2171 1635 2205 Min.
1666 2173 1713 2206 II.

955 2240 991 2272 p.
1018 2229 1098 2264 223.
1133 2227 1306 2270 vulgatam
1331 2227 1490 2262 retinens
1515 2229 1715 2263 distinctio-

955 2297 1033 2319 nem
1062 2286 1128 2318 hac
1153 2285 1352 2320 sententia:
1394 2285 1501 2330 „quid
1530 2298 1654 2320 censes
1669 2287 1714 2321 de

954 2343 1154 2377 muneribus
1187 2349 1307 2377 terrae
1338 2343 1470 2376 etc.‘.2“
1527 2343 1713 2378 Sententia

952 2402 1032 2447 ipsa
1044 2401 1182 2435 minime
1193 2405 1376 2445 repugnat,
1398 2401 1582 2435 dummodo
1597 2412 1649 2445 ea,
1669 2402 1713 2436 de

955 2471 1022 2506 qua
1033 2471 1141 2505 supra
1152 2459 1235 2502 dixi,
1253 2458 1392 2492 ratione
1409 2459 1542 2492 veritas
1559 2458 1710 2493 limetur.

1000 2518 1044 2551 V.
1070 2519 1104 2553 9.
1135 2520 1189 2553 10.
1236 2517 1304 2550 hiis
1321 2518 1405 2552 adv.
1446 2517 1516 2550 Ms.
1536 2517 1655 2551 Guelf.
1679 2521 1710 2553 1.

952 2576 983 2609 is
1001 2577 1082 2613 adv.
1114 2575 1184 2610 Ms.
1204 2577 1336 2609 Graev.
1361 2594 1405 2598 —
1422 2577 1525 2618 serre
1541 2574 1710 2609 miratur.

953 2633 1011 2667 Ms
1034 2632 1154 2666 Guelf.
1184 2636 1215 2668 1.
1250 2652 1294 2656 —
1335 2632 1366 2665 is
1390 2632 1468 2665 mir.
1524 2631 1613 2666 Mss.
1642 2632 1710 2666 duo

952 2690 1089 2724 Valart.
1130 2710 1175 2714 —
1212 2695 1390 2724 mutatur.
1439 2689 1650 2723 Ms.Jaeck.
1675 2690 1708 2725 4.

953 2770 997 2773 —
1027 2748 1097 2792 Qui
1119 2748 1238 2793 timet,
1274 2747 1329 2781 his
1347 2748 1428 2782 adv.
1438 2750 1519 2791 sere
1534 2746 1613 2785 mir.
1650 2747 1711 2782 Sic

953 2806 1096 2850 disting.
1117 2805 1197 2839 edd.
1213 2805 1292 2838 Ald.
1309 2806 1389 2841 519.
1426 2805 1507 2839 Bas.
1522 2805 1603 2840 531.
1639 2806 1710 2839 Co—

951 2866 1023 2898 lon.
1048 2863 1128 2899 541.
1187 2864 1270 2897 Bas.
1295 2863 1376 2899 555.
1401 2864 1458 2899 80.
1499 2863 1608 2897 Fabr.
1627 2865 1706 2900 578.

952 2922 1153 2957 Pulm.581.
1171 2919 1394 2956 Biedm.599.
1414 2940 1457 2945 —
1479 2921 1523 2954 V.
1545 2925 1599 2958 10.
1630 2924 1708 2965 Quo

950 2986 1059 3026 pacto
1091 2979 1248 3024 capiens.
1313 2978 1401 3013 Mss.
1445 2979 1563 3013 Guels.
1605 2982 1637 3015 2.
1672 2980 1706 3014 4.

1227 3035 1312 3077 18*
1350 3037 1440 3089 (1*)
