2028 3268
634 270 776 311 LIBRI
805 271 835 310 Ι.
893 267 1158 310 EPISTOLA
1184 269 1250 308 VI.

1628 260 1714 305 277

229 397 400 445 Lucum
427 396 576 458 lignaz
624 410 734 442 cave
763 410 819 442 ne
846 398 996 457 portus
1030 396 1214 455 occupet
1240 394 1370 454 alter,

230 477 303 523 Ne
334 475 618 538 Cibyratica,
654 490 710 522 ne
740 476 936 535 BIthyna
966 476 1150 537 negotia
1184 473 1370 535 perdas3

162 671 263 708 Junt.
288 666 370 706 514.
396 670 454 705 19.
494 669 599 704 Glar.
625 670 760 705 Muret.
792 669 918 704 Lamb.

163 727 253 774 xyl.
285 728 399 773 Cruq.
429 727 544 762 Pulm.
578 728 718 762 Bersm.
749 727 860 762 Talb.
883 730 921 760 et

165 785 214 821 al.
240 785 413 831 complut.
446 796 467 818 e
494 788 651 819 recentt.
674 785 808 820 Buher.
835 785 918 819 Jon.

163 842 321 879 Haberf.
338 842 461 876 Wetz.
488 842 656 876 Praedic.
683 843 809 888 Camp.
826 840 920 875 zell.

167 900 288 935 Schm.
309 899 449 933 Groeb.
470 899 636 934 Hoched.
654 899 814 934 Braunh.
849 898 923 933 Re-

167 959 311 1003 ceptam
348 956 564 1002 scripturam
608 957 732 991 laudat
771 955 921 990 Saresb.

168 1013 344 1049 Polior-at.
365 1014 401 1058 7,
426 1014 483 1049 12.
517 1017 667 1048 tuentur
690 1018 839 1060 praeter
864 1025 923 1047 ce·—

168 1075 272 1106 teros
286 1069 461 1117 Rappolt.
482 1081 520 1116 p.
536 1069 617 1107 592.
659 1071 742 1105 Jon.
766 1070 922 1106 Haberf.

170 1127 329 1162 Wetzel.
369 1127 539 1162 Wieland
568 1128 664 1172 (not.
687 1128 760 1173 b.).
802 1128 922 1163 Schm.

171 1185 312 1219 Groeb.
338 1184 451 1219 Bach.
467 1184 505 1219 in
521 1185 722 1220 Zimmerm.
739 1185 922 1220 zeitschr.

170 1238 276 1278 1834.
308 1253 346 1287 p.
371 1240 477 1277 1035.
519 1242 567 1276 cf.
603 1243 669 1276 Fr.
699 1243 846 1278 Jacobs.
880 1242 926 1277 ad

168 1298 345 1334 Blumenl.
365 1298 415 1332 Π.
440 1311 478 1345 p.
497 1297 577 1335 255.
620 1305 728 1344 putas
757 1305 809 1335 tu.
853 1300 926 1334 Ms.

169 1355 272 1391 Mon.
294 1368 326 1390 c.
368 1360 477 1401 putas
498 1361 541 1391 et.
580 1356 671 1398 Μεξ.
688 1357 803 1392 Pulm.
833 1357 867 1391 1.
892 1358 926 1392 2.

168 1413 207 1448 3.
223 1410 260 1448 4.
305 1412 446 1447 Bersm.
472 1423 532 1447 un.
594 1413 750 1448 Torent.
788 1413 928 1460 optimi.

170 1469 296 1506 Bentl.
307 1468 396 1516 alqt.
425 1470 506 1504 val.
522 1470 719 1516 duodevig.
736 1471 863 1506 Comb.
882 1471 926 1505 C.

169 1525 217 1562 F.
243 1527 312 1561 Fe.
331 1527 364 1571 1,
380 1538 413 1561 a.
429 1527 466 1561 d.
482 1538 527 1561 m.
569 1529 603 1572 2,
619 1539 652 1562 a.
674 1541 706 1563 c.
723 1528 759 1562 d.
776 1541 810 1564 e.
825 1529 861 1563 h.
892 1529 927 1572 6,

170 1595 194 1619 a
208 1584 250 1629 (a
262 1585 296 1618 1.
311 1584 390 1628 m.).
431 1584 557 1619 Jaeck.
579 1588 620 1618 ut
637 1585 810 1620 videntur
835 1597 927 1620 omn.

169 1644 211 1676 et
223 1641 326 1675 Pott.
345 1641 432 1685 [22]
464 1641 580 1676 Orell.
604 1654 623 1675 c
638 1646 677 1677 et
693 1643 720 1676 S
749 1643 841 1687 [sed
869 1642 929 1677 hic

170 1709 353 1744 superscr.
368 1699 428 1743 ut)
459 1699 581 1732 Guelf.
602 1699 638 1733 3.
670 1701 776 1735 Gott.
795 1701 828 1735 1.
858 1700 930 1734 Be-

171 1755 242 1791 rol.
259 1755 294 1790 1.
316 1755 358 1800 (a
372 1756 406 1789 1.
421 1757 488 1801 m.)
530 1755 634 1801 Lips.
653 1758 686 1791 1.
703 1758 736 1792 2.
763 1757 849 1802 (sed
870 1756 929 1791 hic

172 1823 356 1859 superscr.
376 1813 434 1858 ut)
471 1814 607 1847 Graev.
635 1813 724 1859 (nisi
738 1815 930 1849 Broukhu-

171 1869 248 1905 sius
276 1869 417 1904 erravit
437 1869 476 1905 in
492 1871 596 1904 verb.
611 1871 738 1917 putas)
767 1872 870 1906 Mon.
889 1872 927 1906 b.

171 1927 200 1962 f.
231 1927 329 1962 Edd.
344 1927 464 1962 Merv.
481 1928 618 1962 Sandb.
634 1929 800 1963 Francis.
817 1929 928 1964 Bask.

173 1983 329 2030 Dorigh.
365 1983 434 2018 Fe.
469 1984 551 2030 (qui
578 1985 762 2030 defendit)
803 1986 928 2021 Jaeck.

173 2041 279 2076 Pott.
324 2040 430 2074 Jahn.
470 2041 581 2075 Web.
619 2041 781 2076 Meinek.
814 2042 930 2077 Orell.

175 2096 259 2143 (qui
283 2096 377 2140 def.)
402 2102 507 2142 putes
535 2102 588 2131 ut.
638 2098 730 2132 Mss.
755 2099 868 2145 Cruq.
899 2100 932 2142 1,

175 2166 290 2190 a—c.
315 2155 350 2190 6.
373 2153 410 2188 3.
448 2155 587 2188 Bersm.
613 2154 697 2188 duo.
727 2155 853 2189 Comb.
884 2157 931 2189 G.

175 2211 245 2246 Fe.
257 2211 294 2255 3,
307 2223 339 2245 c.
355 2211 390 2254 7,
407 2222 429 2245 a
444 2211 484 2256 (a
501 2211 611 2255 Lm.)
641 2212 748 2245 Dess.
774 2214 808 2248 2.
834 2212 931 2246 Edd.

175 2269 286 2303 Baxt.
333 2268 424 2302 Cun.
467 2269 581 2302 Gesn.
627 2268 756 2302 Oberl.
804 2269 931 2302 Comb.

175 2325 269 2362 Bad.
311 2325 458 2359 Wakef.
496 2325 611 2359 Hune.
658 2326 772 2359 Zeun.
822 2325 931 2360 Both.

176 2383 290 2418 Doer.
325 2381 474 2428 Bipont.
508 2383 589 2418 828.
644 2382 783 2418 Contra
809 2382 933 2428 dispu-

176 2443 260 2474 tant
278 2439 431 2474 Haberf.
473 2439 631 2473 Schmid.
652 2440 699 2474 ad
726 2441 762 2474 h.
784 2439 808 2473 l.
835 2443 872 2474 et
895 2439 935 2474 in

178 2497 276 2542 Aug.
300 2496 497 2531 Schulzeit.
521 2497 625 2531 1828.
650 2497 699 2531 Π.
723 2497 772 2530 N.
784 2497 844 2532 92.
869 2509 936 2542 pu-

179 2559 233 2590 tes
261 2557 308 2587 et.
356 2554 447 2588 Mss.
477 2554 598 2587 Bentl.
633 2555 667 2587 1.
707 2553 795 2598 [22]
836 2555 871 2589 6.
896 2551 933 2588 4.

181 2609 310 2644 Comb.
330 2609 374 2643 A.
403 2610 470 2644 Fe.
489 2611 522 2654 1,
543 2611 580 2644 b.
611 2612 645 2655 2,
668 2611 705 2645 b.
736 2611 772 2656 3,
794 2612 820 2645 f.
849 2610 882 2654 5,
901 2622 934 2645 a.

183 2666 306 2701 Guelf.
321 2662 357 2700 4.
385 2672 489 2712 putes
503 2677 594 2702 unus
612 2679 754 2714 quoque
776 2679 841 2702 ms.
862 2669 936 2702 Va-

183 2723 290 2768 lani,
319 2723 384 2757 sed
405 2734 476 2758 non
497 2724 600 2759 addit
622 2728 740 2760 utrum
759 2731 801 2760 ut
819 2738 863 2759 an
887 2730 932 2759 et.

183 2780 281 2815 Edd.
311 2779 432 2814 Bentl.
464 2781 569 2826 Traj.
604 2782 650 2816 ad
693 2782 809 2817 Rhen.
851 2781 933 2818 713.

184 2835 402 2872 Paris.752.
450 2837 573 2872 Maitt.
609 2839 696 2873 San.
731 2839 826 2874 Phil.
856 2839 936 2873 Val.

184 2894 297 2929 Dan-u.
321 2895 455 2939 Charp.
483 2898 532 2939 et,
563 2898 658 2929 teste
677 2895 767 2940 Fea,
795 2897 936 2930 Bodon.

185 2951 230 2986 In
267 2951 333 2985 hac
370 2951 512 2997 quidem
549 2951 730 2998 scriptura
767 2954 936 2997 Bentlejo

188 3007 423 3054 praeiverunt
454 3013 492 3043 et
512 3009 692 3055 Cruqm'us
705 3036 715 3055 ,
743 3010 804 3057 qui
819 3016 934 3056 putas,

966 671 1006 704 et
1028 668 1270 713 Torrentius,
1303 667 1365 715 qui
1394 673 1432 704 et
1453 666 1527 714 legi
1549 664 1718 702 malebat.

965 725 1015 762 At
1044 737 1149 772 quum
1175 727 1357 771 Bentlejus
1377 730 1480 772 putes
1510 724 1650 760 mollius
1683 727 1722 758 et

965 784 1206 819 verecundius
1237 783 1310 817 dici
1332 783 1511 828 affirmet,
1540 782 1567 817 i.
1589 794 1622 816 e.
1654 792 1721 827 po-

966 846 1072 876 tesne
1089 840 1298 876 existimare
1318 844 1359 876 ut
1379 842 1413 886 1,
1426 841 1462 885 7,
1477 839 1551 885 63„
1578 849 1722 874 errasse

967 898 1149 946 putandus
1170 902 1238 933 est.
1281 899 1413 944 Neque
1433 898 1526 932 enim
1546 895 1723 932 Horatius

969 956 1173 991 Numicium
1190 956 1402 1001 redarguit,
1435 955 1500 990 sed
1523 954 1563 988 in
1586 964 1724 999 genere

969 1013 1161 1058 vitiosum,
1208 1013 1268 1047 vel
1299 1013 1423 1059 potius
1454 1013 1570 1047 verbo
1615 1015 1726 1058 putas

968 1082 1036 1117 pro
1068 1070 1220 1105 formula
1253 1069 1465 1106 transeundi
1500 1069 1635 1112 utitur,
1684 1069 1728 1101 ut

967 1129 1065 1163 infra
1085 1128 1255 1163 dicemus.
1285 1127 1472 1162 Particula
1491 1132 1525 1162 et
1544 1125 1631 1161 mihi
1647 1124 1726 1170 qui-

971 1186 1051 1220 dem
1082 1198 1154 1220 non
1177 1186 1284 1220 valde
1315 1184 1543 1220 sollicitanda
1568 1183 1727 1226 videtur,

971 1242 1168 1290 particulas
1201 1247 1320 1277 autem
1349 1248 1384 1278 et
1413 1246 1523 1288 atque
1547 1246 1588 1276 ut
1617 1251 1729 1286 saepe

973 1300 1145 1335 confundi
1175 1304 1342 1343 constat,
1379 1300 1456 1334 vid.
1485 1299 1649 1343 interpp.
1681 1297 1730 1331 ad

974 1359 1047 1393 Od.
1066 1359 1099 1403 1,
1115 1358 1152 1402 3,
1168 1359 1202 1393 8.
1234 1358 1313 1392 Sat.
1336 1358 1369 1400 1,
1385 1358 1419 1402 6,
1436 1357 1495 1391 31.
1526 1355 1569 1390 A.
1585 1355 1629 1389 P.
1644 1352 1728 1389 355.

974 1416 1088 1450 Drak.
1105 1416 1151 1450 ad
1171 1415 1237 1449 Sil.
1255 1414 1289 1458 5,
1305 1415 1386 1450 217.
1416 1414 1567 1448 Weber.
1589 1412 1636 1446 ad
1655 1411 1728 1445 Lu-

975 1485 1054 1507 can.
1077 1473 1126 1506 11.
1154 1484 1192 1517 p.
1214 1471 1296 1507 539.
1334 1470 1471 1506 Hauth.
1494 1471 1540 1506 ad
1562 1471 1668 1504 Pers.
1691 1466 1728 1512 5,

976 1532 1058 1566 121.
1082 1530 1207 1563 Klotz.
1230 1530 1276 1563 ad
1296 1528 1375 1562 Cic.
1400 1529 1513 1563 Tusc.
1534 1524 1571 1572 4,
1593 1528 1651 1572 20,
1667 1521 1727 1560 46.

974 1587 1095 1622 Hand.
1112 1587 1223 1620 Turs.
1248 1586 1296 1620 ΙΙ.
1323 1598 1361 1631 p.
1383 1585 1466 1620 539.

1031 1644 1077 1678 V.
1097 1644 1156 1678 32.
1173 1642 1233 1677 33.
1261 1645 1378 1677 lacum
1398 1642 1532 1688 ligna?
1564 1641 1628 1675 Sic
1645 1650 1730 1673 mss.

974 1701 1089 1736 Pulm.
1108 1711 1200 1735 omn.
1225 1699 1322 1734 Edd.
1340 1699 1504 1744 exceptis
1521 1702 1613 1733 vett.
1629 1697 1730 1741 vulg.

975 1758 1083 1792 etiam
1111 1756 1233 1792 Bentl.
1264 1757 1388 1802 ligna:
1410 1756 1476 1800 (ς)
1498 1767 1595 1790 cave.
1632 1753 1731 1788 Edd.

974 1815 1080 1851 Jahn.
1119 1811 1239 1848 Schm.
1280 1814 1385 1848 Pass.
1421 1814 1530 1847 Web.
1571 1811 1731 1847 Braunh.

974 1872 1137 1908 Meinek.
1186 1870 1271 1905 Vid.
1300 1874 1423 1905 annot.
1453 1871 1500 1905 ad
1533 1881 1570 1904 v.
1595 1869 1653 1904 29.
1691 1867 1733 1902 li-

975 1941 1104 1977 gnum.
1141 1925 1214 1962 Ms.
1229 1927 1331 1962 Mon.
1352 1939 1384 1962 c.
1413 1927 1555 1973 lingua.
1581 1927 1653 1960 ΜΞ.
1676 1926 1733 1959 Ik.

976 1989 1017 2022 6..
1053 1991 1088 2020 et
1115 1984 1214 2020 Lusa
1241 1985 1368 2030 digna.
1418 1985 1480 2018 Sic
1511 1983 1667 2028 conjecit
1697 1982 1732 2016 J.

978 2043 1143 2077 Clericus
1174 2043 1266 2076 hanc
1289 2041 1528 2086 interponens
1549 2041 1734 2085 interpre-

976 2099 1169 2134 tationem:
1212 2098 1349 2143 „digna
1374 2110 1466 2143 quae
1482 2098 1578 2142 jocis
1598 2101 1636 2130 et
1657 2096 1734 2130 risu

980 2155 1250 2201 excipiantur,“
1293 2155 1332 2189 in
1367 2166 1470 2200 quam
1504 2167 1578 2188 rem
1610 2153 1735 2187 laudat

979 2213 1116 2247 Arnob.
1134 2212 1183 2245 Π.
1204 2210 1287 2256 Ρ.3.
1324 2216 1364 2245 ut
1380 2224 1439 2256 ea,
1470 2223 1561 2255 quae
1581 2211 1736 2255 offerun-

978 2275 1039 2305 tur
1068 2281 1090 2303 a
1113 2268 1273 2311 christo,
1307 2269 1431 2302 ludum
1452 2273 1557 2311 atque
1585 2266 1737 2312 ineptias

979 2326 1151 2360 nomines.
1218 2324 1350 2358 Mirum
1384 2336 1491 2368 sane,
1529 2324 1625 2370 quod
1652 2324 1734 2357 viro

977 2383 1032 2417 illi
1072 2381 1161 2416 nihil
1193 2381 1363 2426 frigidius
1395 2382 1552 2415 lectione
1584 2384 1736 2426 recepta

980 2440 1095 2474 visum
1117 2442 1185 2473 est.
1227 2458 1275 2464 —
1321 2439 1367 2472 V.
1388 2439 1448 2473 33.
1490 2438 1565 2474 Nec
1583 2458 1633 2463 —
1658 2450 1736 2472 nec.

979 2497 1052 2531 Ms.
1068 2497 1170 2530 Mon.
1196 2507 1228 2530 e.
1255 2496 1326 2530 Ed.
1349 2496 1500 2540 Mutet„
1530 2499 1627 2530 teste
1649 2493 1736 2529 Pul-

979 2565 1129 2597 manno,
1156 2553 1300 2587 Rodell.
1332 2572 1381 2578 —
1424 2554 1534 2597 Cibyr.
1557 2552 1652 2587 cibir.
1684 2563 1737 2596 cy-

980 2617 1051 2646 rat.
1095 2609 1197 2654 cybir.
1238 2609 1415 2644 cimberat.
1459 2610 1567 2644 cibur.
1612 2609 1735 2644 tibrat.

982 2668 1046 2702 Sic
1061 2667 1207 2701 variant
1221 2678 1305 2701 mss,
1324 2667 1454 2701 nostri.
1484 2667 1635 2712 GJbirat.
1673 2666 1737 2700 Sic

982 2725 1065 2760 edd.
1095 2728 1186 2757 vett.
1208 2724 1287 2757 fere
1309 2736 1400 2758 omn.
1441 2743 1491 2749 —-
1531 2729 1567 2758 et
1589 2724 1736 2758 himina.

981 2783 1053 2816 Ms.
1076 2781 1197 2815 Guelf.
1218 2777 1254 2814 4.
1290 2781 1437 2815 himina.
1474 2781 1537 2815 Sic
1559 2793 1644 2815 mss.
1665 2781 1736 2815 Be-

984 2839 1052 2873 rol.
1077 2839 1109 2872 1.
1137 2839 1244 2872 Dess.
1266 2838 1300 2872 1.
1321 2840 1355 2874 2.
1385 2839 1497 2873 Goth.
1518 2838 1621 2885 Lips.
1644 2850 1736 2872 omn.

986 2897 1123 2929 GraeV.
1144 2895 1245 2929 Mon.
1264 2895 1291 2929 f.
1318 2895 1468 2940 bithyna.
1496 2896 1568 2930 Ms.
1582 2897 1688 2930 Gott.
1703 2897 1736 2931 2.

982 2953 1072 2996 byth.
1117 2951 1189 2986 Ms.
1209 2952 1333 2987 Berol.
1362 2954 1396 2989 2.
1433 2955 1538 2988 Gott.
1565 2954 1598 2988 1.
1638 2953 1735 2987 Edd.

981 3013 1075 3044 vett.
1117 3013 1266 3056 praeter
1299 3010 1413 3045 Loch.
1483 3011 1576 3045 Post
1606 3012 1739 3056 perdas
