2054 3268
398 248 453 289 60
539 251 901 289 COMMENTARII
930 253 983 289 IN
1010 251 1226 289 HORATII
1254 251 1422 288 EPIST.
1453 251 1591 289 PRIM.
1621 252 1718 288 LIB.
1747 253 1780 288 1.

398 363 603 398 Praeterea
629 374 680 398 ex
708 362 942 411 scriptorum
967 374 1076 398 more
1103 361 1271 406 colenti,
1303 374 1382 398 non
1410 360 1562 397 cultaro
1583 360 1795 398 dicendum
1813 366 1908 397 erat.

408 428 574 466 Cultura
593 435 725 464 autem
749 434 806 463 est
831 426 1050 476 disciplina,
1077 426 1253 465 doctrina
1267 429 1392 478 Epist.
1415 429 1451 475 1,
1477 428 1540 474 18,
1559 428 1652 467 100.
1683 428 1763 464 cic.
1784 427 1905 464 Tusc.

398 495 439 541 2,
467 492 506 532 5.
573 493 738 530 Cultura
763 499 894 529 autem
920 494 1047 530 animi
1063 494 1316 544 philosophia
1343 501 1410 530 est.
1469 493 1566 530 Sall.
1589 495 1684 543 Jug.
1711 495 1751 533 2.
1813 500 1913 529 cete-

399 573 488 596 rum
507 561 711 610 ingenium
733 579 788 584 —
808 557 963 595 incultu.
986 566 1103 610 atque
1119 562 1296 598 socordia
1318 567 1526 609 torpescere
1546 560 1694 596 sinant.
1737 556 1911 596 Brunck.

399 627 542 663 Gnom.
564 640 604 676 Ρ.
627 626 723 664 320.
773 621 981 672 ”Απαντας
1008 624 1036 676 ’ἡ
1057 627 1261 673 παίδευσις
1280 624 1453 678 ’ἡμέρους
1477 629 1592 665 ποιεῖ.
1631 624 1833 662 Plutarch.
1865 623 1914 661 de

397 693 503 729 Puer
552 692 679 728 Instit.
709 689 757 737 3,
789 691 856 730 21.
921 690 1083 739 Φύσεως
1111 691 1181 744 μὲν
1203 691 1278 744 γάρ
1303 687 1444 745 ἀρετὴν
1473 692 1696 744 διαφθείρει
1720 692 1915 748 ῥᾳθυμία,

400 757 626 809 φαυλότητα
646 755 687 797 δὲ
716 753 940 810 ἐπανορθοῖ
956 755 1109 809 διδαχή.
1165 758 1225 796 Id.
1258 758 1306 796 de
1337 758 1473 796 Audit.
1501 760 1567 797 VI.
1591 771 1631 809 p.
1657 758 1750 798 138.
1776 780 1832 786 --
1863 754 1915 797 ἂν

401 820 448 880 ἐᾷ
467 840 524 871 τις
543 823 715 875 ἀφέτους
744 821 853 873 (scil.
876 820 944 871 τὰς
966 819 1030 874 ἐφ’
1049 820 1202 876 ἡδονὴν
1228 821 1375 876 ὃρμᾶς)
1397 817 1426 879 ᾗ
1445 822 1645 875 πεφύκασι
1671 827 1823 876 χωρεῖν,
1849 822 1916 864 καὶ

399 888 454 942 μή
486 887 617 943 λόγοις
645 895 824 941 χρηστοῖς
849 886 1057 941 ἀφαιρῶν,
1101 886 1128 941 ἢ
1158 889 1420 944 παρατρέπων
1452 887 1651 947 καταρτύῃ
1679 887 1752 941 τήν
1777 886 1916 941 φύσιν,

401 952 475 997 οὐκ
493 956 596 997 ἔστιν
616 952 641 995 ὃ
661 957 742 995 ταῖν
761 958 919 1008 θηρίων
944 951 1020 996 ov’n
1043 953 1094 996 ἂν
1118 953 1361 1010 ἡμερώτερον
1384 954 1605 1011 ἀνθρώπου
1629 957 1784 1009 φανείη.
1841 957 1916 994 Ce—

400 1031 530 1060 terum
549 1024 734 1074 frequens
766 1031 824 1060 est
850 1023 984 1070 animi,
1015 1025 1083 1074 qui
1110 1023 1342 1075 disciplinae
1361 1038 1402 1062 se
1425 1025 1598 1075 praebet,
1634 1037 1725 1060 cum
1746 1024 1916 1074 agricul-

400 1096 488 1127 tura
509 1089 762 1140 comparatio.
819 1089 908 1128 vid.
930 1091 1059 1139 Epist.
1096 1091 1139 1138 1,
1175 1089 1244 1138 14,
1282 1089 1322 1131 4.
1379 1092 1460 1128 Sat.
1493 1092 1540 1139 1,
1569 1091 1608 1138 3,
1639 1090 1707 1130 37.
1765 1091 1846 1128 Cic.
1868 1089 1917 1127 de

401 1156 507 1192 Orat.
532 1156 572 1201 2,
591 1155 658 1202 30,
682 1155 775 1195 131.
833 1156 996 1201 Quintil.
1016 1158 1112 1195 Inst.
1134 1157 1173 1203 2,
1203 1156 1267 1203 19,
1293 1157 1334 1194 2.
1357 1156 1404 1203 8,
1427 1157 1476 1204 3,
1504 1157 1570 1197 75.
1628 1157 1767 1195 Senec.
1788 1158 1916 1208 Epist.

400 1222 469 1261 73.
527 1223 706 1258 Lactant.
729 1224 824 1258 lust.
851 1223 897 1270 6,
936 1221 1010 1270 15,
1035 1221 1075 1260 8.
1131 1221 1331 1259 Plutarch.
1361 1221 1409 1258 de
1428 1221 1563 1259 Audit.
1585 1224 1650 1260 VI.
1673 1237 1714 1274 p.
1750 1223 1842 1263 138.
1868 1221 1918 1259 de

400 1288 561 1325 Pueror.
584 1289 679 1324 Inst.
700 1287 739 1336 3,
763 1289 828 1327 17.
886 1289 947 1325 Cf.
968 1290 1153 1326 Kuinoel.
1174 1289 1225 1325 ad
1243 1287 1384 1325 Matth.
1404 1289 1555 1338 Evang.
1579 1289 1652 1337 15,
1680 1287 1744 1327 13.
1765 1308 1816 1315 —-
1853 1287 1918 1324 Ad

401 1352 643 1388 locutionem
672 1366 760 1390 aur.
790 1355 979 1391 commod.
1020 1355 1070 1391 cf.
1103 1354 1215 1392 Ovid.
1246 1356 1383 1391 Amor.
1411 1356 1454 1401 1,
1483 1355 1530 1402 8,
1563 1356 1629 1394 86.
1691 1354 1919 1391 Commodat

401 1417 533 1454 illusis
557 1420 724 1455 numina
745 1419 867 1456 surda
898 1421 943 1458 V
934 1435 1042 1458 enas.
1103 1422 1250 1459 Arnob.
1275 1419 1313 1460 4.
1333 1434 1373 1470 p.
1395 1419 1486 1460 149.
1536 1420 1581 1458 V
1572 1433 1614 1456 os
1630 1433 1745 1457 altre-5·
1759 1422 1919 1470 pallen-

402 1484 571 1520 tissimus
590 1485 855 1522 commodatis.
888 1488 1023 1524 Firmii
1044 1489 1208 1525 Matern.
1229 1489 1296 1527 26.
1318 1500 1357 1536 Ρ.
1377 1486 1443 1525 98.
1465 1485 1527 1523 ed.
1550 1487 1603 1522 Μ.
1623 1507 1671 1512 —
1693 1494 1919 1523 sanctarum

402 1551 561 1586 aurium
578 1551 679 1587 milti
695 1552 934 1589 commodate
944 1555 1194 1603 patientiam,
1225 1554 1294 1590 ubi
1308 1555 1500 1589 Muenter.
1519 1553 1596 1588 alia
1614 1551 1761 1590 laudat.
1798 1555 1919 1603 Legi-
1972 1599 1973 1602 Ἴ

402 1623 467 1652 tur
486 1617 617 1664 etiam,
646 1617 753 1669 quod
779 1620 964 1656 nonnulli
990 1619 1104 1657 codd.
1132 1619 1196 1657 hic
1226 1617 1386 1664 habent,
1416 1631 1530 1654 altres
1544 1619 1836 1657 accommodare
1855 1634 1919 1671 ap.

402 1683 549 1719 Arnob.
573 1685 622 1719 II.
646 1697 685 1734 Ρ.
710 1682 778 1723 47.
806 1686 939 1737 ibique
960 1684 1146 1722 Elmenh.
1171 1700 1210 1736 p.
1232 1683 1299 1725 64.
1355 1685 1539 1722 Horatius
1564 1686 1682 1735 paulo
1700 1687 1812 1723 aliter
1834 1686 1919 1723 Sat.

407 1750 454 1796 1,
486 1749 530 1797 1,
559 1750 627 1788 22.
645 1749 817 1799 facilem
841 1774 896 1778 —
925 1753 1024 1787 votis
1047 1759 1094 1788 ut
1113 1750 1301 1801 praebeat
1324 1764 1473 1787 aurem.
1534 1750 1598 1788 Ad
1623 1765 1707 1788 rem
1731 1758 1769 1788 et
1800 1765 1919 1789 sensu

404 1822 444 1852 et
463 1816 751 1854 constructione
778 1818 950 1854 similem
972 1819 1166 1868 imprimis
1192 1819 1389 1869 pertinent
1411 1816 1528 1853 verba
1559 1817 1698 1856 senec.
1721 1817 1769 1854 de
1797 1820 1858 1855 Ira
1878 1820 1917 1867 2,

406 1883 471 1922 12.
493 1883 626 1934 Atqui
645 1881 749 1918 nihil
765 1891 821 1919 est·
838 1891 920 1920 tam
942 1884 1102 1934 difficile
1120 1890 1156 1919 et
1176 1884 1365 1928 arduam,
1390 1881 1499 1932 qaod
1514 1896 1592 1919 non
1615 1883 1794 1920 humana
1811 1898 1920 1922 mens

403 1950 555 1994 vincat,
584 1956 621 1985 et
649 1949 691 1983 in
708 1946 1035 1997 familiaritatem
1055 1950 1251 2000 perducat
1278 1949 1440 1985 assidua
1472 1949 1670 1986 meditatio
1685 1964 1696 1985 :
1741 1950 1920 2002 nullique

404 2021 498 2050 sant
517 2022 598 2052 tam
609 2015 697 2066 seri
714 2021 751 2050 et
763 2016 944 2062 suijuris
963 2016 1146 2068 affectas,
1180 2022 1225 2051 ut
1242 2029 1321 2052 non
1345 2013 1558 2063 disciplina
1582 2017 1798 2054 domentur.
1858 2017 1919 2056 Id.

404 2081 529 2131 Epist.
549 2081 617 2120 50.
648 2102 704 2108 —-
730 2094 801 2117 nee
830 2083 1019 2119 indurata
1044 2082 1214 2130 despero.
1274 2080 1397 2117 Nihil
1415 2088 1470 2116 est
1492 2083 1599 2132 quod
1621 2097 1700 2120 non
1726 2093 1921 2135 expugnet

401 2147 586 2196 pertinax
605 2159 723 2195 opera
751 2154 787 2183 et
811 2148 960 2185 intenta
979 2163 1029 2185 ac
1051 2148 1221 2198 diligens
1244 2161 1340 2184 cura
1350 2162 1367 2194 ;
1395 2148 1465 2184 ubi
1482 2150 1658 2187 Muretus
1670 2151 1766 2187 Hor.
1786 2152 1920 2189 locum

405 2220 620 2264 comparat.
650 2211 771 2264 (Opp.
790 2216 859 2251 ΙΙΙ.
884 2228 923 2265 Ρ.
943 2213 1029 2265 49.)
1060 2213 1118 2251 Id.
1133 2214 1202 2253 25.
1219 2235 1275 2241 —
1298 2213 1403 2250 malo
1424 2228 1642 2252 successum
1660 2216 1775 2261 milti,
1798 2231 1918 2268 quam

394 2281 524 2328 fidem
541 2280 690 2317 deesse.-
723 2294 793 2316 nee
811 2280 1116 2331 desperandum,
1152 2281 1270 2317 etiam
1295 2280 1466 2318 diutinos
1489 2294 1606 2331 agros
1625 2292 1740 2332 posse
1764 2286 1918 2328 sanari,

406 2349 442 2383 si
459 2354 530 2383 etc.
569 2347 672 2382 Plin.
692 2347 819 2397 Epist.
841 2349 866 2388 8
880 2377 890 2396 ,
913 2345 953 2387 4.
986 2347 1107 2383 Nihil
1128 2353 1199 2391 est,
1229 2347 1336 2396 qaod
1354 2361 1432 2384 non
1453 2354 1536 2384 arte
1563 2361 1752 2398 curaque,
1781 2351 1817 2385 si
1840 2363 1920 2386 non.

400 2420 529 2462 potest
555 2414 661 2449 vinci
672 2440 685 2457 ,
715 2414 926 2463 mitigetur.
987 2414 1195 2450 Horatium
1223 2414 1399 2451 imitatus
1431 2412 1586 2450 videtur
1612 2415 1840 2453 Lactantius
1871 2416 1920 2453 de

408 2481 522 2515 Mort.
547 2481 701 2516 Perseo.
725 2480 766 2519 3.
787 2502 842 2507 —-
871 2480 987 2517 nulla
1015 2479 1181 2528 denique
1208 2481 1315 2515 natio
1340 2487 1421 2515 tam
1435 2480 1541 2530 feris
1566 2479 1738 2517 moribus
1767 2484 1919 2528 vivens,

409 2551 454 2580 ut
473 2558 550 2580 non
569 2552 742 2595 suscepto
762 2545 843 2581 Dei
862 2546 971 2583 cultu
988 2545 1045 2582 ad
1053 2545 1237 2591 justitiae
1268 2557 1384 2594 opera
1409 2547 1632 2583 mitesceret.
1665 2571 1714 2575 —
1746 2548 1848 2594 Quid
1871 2549 1920 2587 de

409 2611 495 2660 ipsa
508 2612 650 2648 virtute
663 2613 860 2659 Horatius,
883 2619 1015 2649 utrum
1035 2610 1210 2648 doctrina
1221 2610 1483 2662 comparanda
1503 2625 1551 2648 an
1568 2621 1706 2651 natura
1725 2614 1919 2665 donanda,

409 2676 497 2712 loco
519 2677 695 2712 omnium
715 2677 1043 2728 philosophorum
1062 2678 1285 2725 communi,
1315 2679 1490 2726 senserit,
1513 2681 1670 2730 planius
1689 2684 1920 2733 perspicitur

410 2754 464 2778 ex
482 2740 555 2778 Od-
576 2739 615 2788 4,
635 2741 661 2781 4
676 2772 685 2789 ,
710 2744 778 2783 33.
796 2743 865 2784 34.
922 2746 1117 2783 Doctrina
1139 2744 1210 2781 ‚sed
1225 2745 1306 2780 vim
1320 2754 1522 2793 promovet
1543 2748 1702 2784 insitam
1726 2756 1797 2786 etc.
1857 2750 1919 2786 Cf.

412 2806 591 2846 Sclunid.
616 2808 666 2845 ad
687 2810 812 2859 Epist.
839 2812 875 2858 1,
899 2813 963 2860 18,
993 2813 1085 2853 100.
1142 2812 1376 2862 Ceteroquin
1396 2812 1480 2862 ipsa
1505 2814 1625 2850 animi
1649 2815 1752 2853 bona
1771 2816 1818 2852 ab
1841 2815 1918 2853 ho-

412 2875 590 2923 miuum,
619 2888 701 2913 non
733 2875 851 2913 deum
878 2885 1070 2929 potestate
1098 2877 1290 2930 proficisci
1314 2877 1519 2917 arbitratus
1547 2887 1617 2918 est.
1673 2881 1762 2920 vid.
1787 2883 1917 2920 Bentl.
