2028 3268
456 1116 1343 1198 COMMENTARII

880 1281 934 1315 IN

130 1396 443 1445 HORA'I'II
491 1399 690 1447 LIBRI
740 1402 777 1447 Ι.
847 1395 1276 1447 EPIS'POLAM
1321 1394 1677 1443 TERTIAM.

131 1707 277 1776 Quum
304 1731 480 1771 Tiberius
501 1731 666 1784 Augusti
691 1736 867 1789 auspiciis
894 1735 1058 1775 exercitu
1082 1731 1380 1783 proficisceretur
1406 1730 1446 1767 in
1470 1730 1680 1784 Orientem,

131 1798 336 1852 Tigranem
353 1801 393 1838 in
410 1813 569 1852 regnum
588 1801 791 1844 Armeniae
810 1805 1065 1852 deducturus,
1086 1800 1226 1838 multos
1249 1811 1378 1837 secum
1396 1798 1504 1836 duxit
1524 1801 1679 1838 comites

129 1879 198 1906 seu
218 1869 420 1907 amicorum
437 1869 652 1923 cohortem,
678 1873 717 1910 in
737 1885 812 1924 qua
830 1876 912 1912 erat
931 1871 1069 1909 Julius
1088 1869 1247 1906 Floras.
1290 1867 1406 1906 Hunc
1423 1867 1539 1917 igitur
1560 1867 1681 1907 Poeta

130 1940 374 1988 percontatur
405 1937 635 1977 familiariter
642 1970 653 1990 r
682 1941 746 1979 ubi
771 1944 895 1979 castra
921 1939 1062 1978 habeat
1081 1937 1283 1987 Tiberius,
1307 1935 1398 1986 quid
1420 1940 1539 1985 agant
1560 1937 1682 1988 amici,

131 2003 225 2054 quid
241 2004 324 2054 ipse
342 2007 502 2056 tractet,
532 2010 595 2056 et,
624 2009 826 2059 proposita
854 2009 1017 2057 quadam
1035 2007 1085 2044 ad
1110 2005 1279 2043 studium
1306 2004 1514 2055 sapientiae
1544 2005 1682 2043 adhor-

131 2071 298 2122 tatione,
324 2075 450 2110 utrum
474 2085 558 2111 cum
577 2074 771 2126 Munatio,
799 2075 985 2113 communi
1013 2074 1154 2123 amico,
1190 2072 1229 2109 in
1251 2072 1415 2122 gratiam
1436 2072 1589 2110 redierit
1612 2086 1683 2112 nec

131 2153 191 2178 ne.
247 2139 424 2191 Epistola
441 2140 555 2191 haec,
583 2153 679 2190 quae
697 2142 912 2193 Scaligero,
932 2142 1048 2192 judici
1073 2152 1151 2178 non
1170 2151 1318 2190 semper
1344 2151 1466 2188 aequo
1493 2139 1684 2192 bonoque,

126 2220 238 2259 pura
257 2207 477 2245 admodum
496 2210 735 2260 minimeque
752 2208 966 2246 ambitiosa
982 2212 1084 2246 recte
1102 2207 1259 2257 dicitur,
1288 2218 1334 2243 ex
1361 2218 1406 2243 eo
1428 2218 1567 2255 genere
1590 2206 1684 2258 Epi-

131 2274 314 2314 stolarum
354 2280 436 2327 est,
483 2288 580 2326 quae
610 2290 634 2315 a
655 2276 804 2315 Latinis
823 2275 1062 2328 familiares
1093 2273 1343 2327 appellantur.
1403 2273 1684 2312 Sententiarum

133 2341 228 2379 ordo
251 2342 568 2395 simplicissimus,
594 2345 724 2384 limata
751 2348 791 2382 et
819 2344 1018 2382 verborum
1043 2347 1083 2382 et
1106 2355 1231 2380 rerum
1252 2341 1439 2391 tenuitas,
1467 2340 1684 2392 plenissima

134 2412 175 2447 et
193 2410 359 2448 caritatis
385 2414 425 2449 et
448 2412 691 2451 humanitatis
717 2416 801 2451 tota
822 2411 1018 2463 Epistola,
1041 2412 1081 2449 in
1109 2423 1185 2460 qua
1210 2410 1350 2448 multos
1374 2409 1600 2461 interpretes
1626 2412 1683 2449 di-

135 2477 244 2514 cendi
269 2477 332 2516 illa
359 2477 533 2518 libertate
562 2485 731 2519 veterum
752 2481 979 2531 scriptorum
1001 2478 1158 2530 propria
1186 2477 1352 2516 offensos
1374 2490 1456 2516 esse
1472 2480 1610 2517 nemini
1628 2482 1684 2519 vi-

136 2543 287 2582 debitur
322 2546 466 2586 mirum.
531 2549 679 2594 Quodsi
712 2549 926 2599 quaeritur,
971 2548 1064 2598 quid
1104 2546 1288 2584 Horatius
1323 2546 1363 2582 in
1402 2546 1472 2584 hac
1509 2546 1683 2599 Epistola

137 2612 374 2664 potissimum
399 2619 549 2654 secutus
569 2617 641 2667 sit,
677 2618 703 2657 i.
727 2630 759 2655 e.
784 2620 910 2654 utrum
932 2616 1070 2654 amicos
1095 2613 1178 2652 illos
1208 2613 1434 2651 dissidentes
1460 2612 1512 2667 (v.
1529 2614 1618 2668 30.)
1641 2617 1681 2655 in

137 2679 299 2731 gratiam
328 2680 489 2720 voluerit
521 2695 719 2735 revocare,
746 2685 803 2722 uti
822 2685 1027 2735 opinantur
1045 2681 1260 2719 Rodellius
1279 2684 1319 2719 et
1345 2682 1603 2732 Schmidizis‚
1631 2698 1681 2724 an

137 2760 297 2798 munus,
333 2749 437 2798 quod
465 2751 514 2788 ad
543 2751 668 2803 ipsum
697 2751 805 2790 multi
827 2752 1068 2801 deferebant,
1097 2763 1157 2788 res
1178 2749 1226 2788 ab
1249 2749 1425 2800 Augusto
1451 2755 1580 2802 gestas
1600 2767 1681 2792 car-

138 2815 238 2853 mine
256 2815 404 2855 heroico
423 2816 633 2856 celebrandi
658 2822 757 2858 tecte
782 2824 820 2858 et
851 2819 1130 2871 perhumaniter
1159 2818 1369 2857 detrectare
1391 2818 1444 2872 (v.
1470 2818 1550 2872 3.)‚
1582 2821 1622 2859 id
1642 2822 1681 2860 in

140 2883 255 2922 dubio
278 2883 523 2935 relinquitur,
552 2897 766 2937 quanquam
785 2888 878 2938 hoc,
907 2900 983 2926 non
1004 2887 1098 2925 illud
1122 2886 1391 2930 affirmaverim.
1441 2887 1504 2928 Ad
1519 2890 1681 2928 eundem

140 2949 293 2990 Florum
324 2952 503 2993 decennio
532 2953 647 2993 ferme
668 2960 758 3008 post
789 2956 891 2995 misit
908 2955 1093 2996 Horatius
1112 2954 1324 3008 Epistolam
1343 2957 1391 3008 2,
1423 2958 1470 3005 23
1500 2957 1639 2996 etenim
1655 2958 1680 2995 ii
