2054 3268
261 264 634 305 COMMENTARII
661 266 717 304 IN
744 265 966 306 HORATII
993 264 1165 306 EPIST.
1194 266 1338 306 PRIM.
1375 267 1477 305 LIB.
1505 268 1540 305 1.
1634 264 1688 307 51

147 377 199 417 de
219 377 570 431 ophthalmologia
589 386 768 418 veterum
788 393 830 432 p.
861 378 942 420 130
964 391 1053 432 sqq.
1111 379 1231 431 Lippi
1257 379 1583 431 inunguebantur
1604 380 1690 418 col-

146 449 278 502 lyrfis,
318 462 421 502 quae
444 455 624 486 recenset
643 447 783 487 Celsus
805 447 851 494 6,
884 446 926 486 6.
957 447 1010 484 cf.
1034 447 1142 484 Plin.
1160 449 1211 485 H.
1236 450 1285 486 Ν.
1311 449 1389 497 28,
1412 449 1480 489 11.
1519 449 1597 498 21,
1618 448 1689 489 20.

145 517 325 556 Dioscor.
344 519 376 566 I,
393 519 434 558 2.
453 524 493 555 et
510 518 682 569 interpp.
702 514 754 553 ad
771 513 938 566 Apocal.
955 514 995 563 3,
1028 516 1094 556 18.
1124 511 1363 569 κολλούριον
1392 514 1574 570 ἕγχρισον
1597 512 1692 565 τούς

146 579 386 637 ὄφθαλμούς
409 598 498 626 σου.
555 586 616 622 De
635 585 760 637 ipsius
778 583 934 622 Horatii
955 582 1198 635 lippitudine
1218 597 1257 622 v.
1278 584 1451 637 interpp.
1473 582 1525 621 ad
1545 584 1631 623 Sat.
1651 585 1689 632 1,

146 653 187 700 5,
208 652 278 694 30.
317 654 480 691 Hieron.
500 654 624 704 Magii
641 654 754 691 Misc.
775 652 812 701 1,
835 651 902 691 11.
921 651 964 688 in
984 652 1145 690 Gruteri
1163 654 1307 704 Lamp.
1326 653 1414 691 crit.
1434 653 1485 690 Π.
1504 666 1545 704 Ρ.
1564 651 1689 693 1288.

147 728 187 760 et
207 722 274 759 Fr.
292 722 470 760 Jacobsii
499 719 782 771 „Vermischte
803 718 966 758 Schrift.
981 723 1005 741 “
1034 722 1083 759 V.
1107 734 1149 773 Ρ.
1171 721 1270 762 306.
1294 734 1356 774 sq.

259 791 306 829 V.
334 789 404 831 30.
432 790 502 831 31.
560 791 719 829 Nec—
746 789 955 840 cheragra.
998 788 1243 840 Glyconem‚
1272 789 1537 828 fortissimum
1568 789 1689 828 illum

147 855 362 906 athletam,
407 859 456 896 ab
484 860 642 896 Acrone
675 865 714 896 et
742 857 879 897 Schol.
910 857 1076 910 Cruquii
1106 856 1351 907 indicatmn,
1387 859 1542 910 primus
1569 858 1688 896 nobis

146 927 302 978 aperuit
321 927 557 979 Les-cingius
574 924 726 982 (Verm.
746 926 911 966 schrift.
935 928 975 975 I,
999 939 1039 977 p.
1058 921 1171 979 325)
1195 938 1248 963 ex
1267 924 1518 978 Anthologia
1544 939 1688 978 graeca

146 991 207 1048 (v.
226 993 403 1032 Brunck.
429 996 547 1033 Anal.
577 997 628 1033 Π.
657 1010 697 1047 p.
718 996 812 1036 126.
840 1010 874 1034 s.
900 995 1062 1034 Jacobs.
1084 991 1251 1032 Anthol.
1278 996 1330 1031 II.
1352 1008 1395 1046 Ρ.
1420 991 1543 1048 113),
1575 996 1688 1046 cujus

145 1063 322 1114 vestigiis
340 1063 484 1101 institit
503 1062 761 1102 Eielzstadius
783 1063 833 1102 ad
858 1077 938 1101 van
958 1064 1133 1101 Olmner.
1162 1075 1203 1114 p.
1222 1063 1321 1103 211.
1378 1064 1556 1116 Uterque
1584 1077 1623 1101 v.
1647 1062 1686 1101 d.

143 1131 367 1183 Glyconem
384 1132 532 1170 Poetae
557 1132 640 1169 fere
660 1133 783 1171 fuisse
814 1133 1026 1185 aequalem
1054 1129 1356 1169 demonstravit.
1393 1130 1612 1184 Epitheton
1633 1133 1688 1170 il-

141 1198 216 1238 lud
244 1200 386 1237 invicti
410 1202 584 1239 illustrat
605 1202 771 1239 ultimus
792 1212 953 1239 versus:
983 1196 1007 1241 ὅ
1024 1197 1156 1240 πάντα
1175 1201 1299 1240 νικῶν
1315 1193 1454 1252 Ἀΐδης
1475 1197 1687 1255 ἆνέτραπε.

141 1269 269 1308 Aliter
285 1270 498 1316 Heinsius,
518 1271 629 1321 cujus
647 1277 785 1308 tamen
805 1269 854 1307 de
873 1271 1034 1322 Lycone
1064 1267 1202 1318 [etiam
1217 1268 1412 1320 Glycone]
1440 1266 1686 1321 philosopho

142 1337 418 1389 Peripatetico,
447 1338 582 1389 (Diog.
600 1340 733 1377 Laert.
754 1338 792 1387 5,
814 1340 884 1379 66.
907 1337 994 1388 67.)
1016 1337 1214 1375 sententia
1235 1349 1258 1373 a
1276 1335 1520 1376 Ruhnkenio
1538 1337 1590 1375 ad
1600 1340 1687 1376 Ru-

141 1406 203 1442 til.
223 1406 326 1457 Lup.
350 1419 392 1457 p.
425 1406 520 1446 100.
549 1419 632 1444 non
661 1408 907 1459 improbata,
939 1419 1047 1443 nunc
1078 1419 1150 1458 pro
1182 1406 1350 1456 explosa
1374 1413 1507 1458 potest
1531 1404 1686 1445 haberi.

142 1474 189 1512 V.
210 1473 280 1515 31.
310 1473 485 1511 Bothim
499 1472 551 1511 ad
568 1475 691 1511 Feam
710 1473 759 1512 de
781 1473 951 1512 arcenda
973 1474 1164 1526 cheragra
1184 1481 1371 1512 annotat:
1395 1476 1531 1523 „Quae
1550 1482 1592 1513 te
1614 1489 1685 1514 oc-

141 1542 302 1594 cupabit
322 1555 463 1594 corpus
484 1555 564 1580 non
579 1546 872 1581 exercenteln.“
902 1546 955 1582 At
975 1543 1085 1582 aliud
1104 1542 1203 1596 quid
1223 1543 1357 1581 animo
1372 1545 1521 1581 Poetae
1539 1544 1685 1582 obver-

139 1618 272 1649 satum
290 1609 526 1648 crediderim
539 1641 549 1659 ,
580 1613 640 1648 uti
660 1619 824 1664 apparet
842 1625 894 1650 ex
922 1613 1100 1651 Senecae
1117 1613 1247 1664 Epist.
1277 1609 1347 1652 24.
1379 1610 1564 1649 libidine-s·
1579 1611 1685 1664 affe-

138 1686 234 1716 runt
244 1678 415 1730 pedum,
443 1692 642 1716 manuum
662 1680 925 1718 articulorum
945 1682 1124 1719 omnium
1142 1681 1460 1731 depravationes.
1494 1681 1556 1718 Cf.
1575 1681 1682 1719 cels.

138 1749 186 1786 R.
203 1749 259 1785 M.
289 1746 338 1797 4,
367 1745 436 1788 24.
467 1754 507 1785 et
524 1749 589 1785 Fr.
609 1749 770 1787 Jacobs.
793 1748 846 1786 ad
862 1751 1017 1787 Delect.
1037 1750 1175 1801 Epigr.
1195 1750 1289 1797 VII,
1317 1748 1386 1789 65.
1404 1762 1446 1801 p.
1463 1746 1564 1789 249.
1577 1778 1588 1797 ,
1612 1749 1683 1786 ubi

136 1817 338 1854 Lucianus
360 1815 582 1868 podagram
603 1816 790 1855 describit
816 1817 1008 1856 delicatae
1026 1820 1133 1856 vitae
1158 1818 1361 1855 comitem.
1419 1816 1588 1854 Nodos-a
1608 1830 1683 1869 ap-

136 1885 264 1936 prime
282 1891 447 1922 vocatur
469 1883 657 1938 cheragra
681 1886 785 1930 (Sat.
802 1887 845 1935 1,
875 1887 921 1936 7,
948 1884 1058 1941 16.),
1085 1885 1195 1939 quod
1221 1884 1390 1924 humore
1420 1898 1552 1923 crasso
1582 1885 1681 1924 nodi

138 1953 253 2004 quasi
270 1959 310 1990 et
326 1952 480 2004 lapides
500 1954 543 1991 in
564 1955 741 1992 articulis
770 1962 1051 2004 concrescunt3
1081 1954 1177 1993 hinc
1204 1954 1390 2006 lapidosa
1410 1966 1475 2005 ap.
1499 1955 1611 1991 Pers.
1640 1953 1681 2002 5,

137 2019 207 2059 58.
226 2020 362 2072 ibique
379 2021 652 2060 Casaubonus.
682 2024 765 2061 Alii
783 2025 921 2073 aliterr,
944 2023 1017 2062 sed
1030 2031 1172 2076 poetae
1194 2035 1395 2062 summam
1417 2021 1476 2060 rei
1493 2028 1681 2074 tangunt.

137 2088 198 2126 De
220 2089 420 2127 locutione
436 2089 646 2140 prohibere
666 2113 723 2119 —
748 2090 852 2129 dixit
871 2093 1006 2130 Bentl.
1029 2091 1082 2130 ad
1102 2091 1176 2131 Od.
1199 2093 1222 2132 1
1235 2121 1245 2140 ,
1265 2091 1339 2138 27,
1360 2089 1402 2130 3.

247 2157 295 2194 V.
313 2155 383 2196 32.
440 2157 515 2193 Est
529 2179 587 2185 --
604 2157 726 2196 ultra.
760 2159 866 2206 Quid
882 2159 932 2197 de
953 2158 1029 2197 hac
1047 2173 1090 2197 re
1109 2160 1278 2198 senserit
1297 2160 1348 2195 H.
1361 2187 1371 2206 ,
1398 2156 1561 2208 planius
1581 2170 1677 2208 per-

137 2223 303 2275 spicitur
321 2237 373 2261 ex
392 2238 433 2262 v.
453 2226 508 2265 27
529 2232 566 2263 et
586 2224 655 2266 41.
713 2227 871 2265 Similia
903 2229 1094 2279 leguntur
1122 2240 1186 2278 ap.
1209 2227 1382 2278 Epictet.
1401 2225 1608 2262 Dissertat.
1641 2227 1678 2274 1,

133 2293 176 2332 2.
238 2292 286 2332 Τι’
304 2284 391 2338 οὖν,
417 2289 554 2345 ἐπειδὴ
576 2289 717 2345 α’φυής
732 2294 830 2346 εἰμι,
862 2290 1025 2336 οἷποστῶ
1041 2297 1114 2347 τῆς
1131 2294 1354 2347 ἐπιμελείας
1371 2287 1515 2333 τούτου
1534 2292 1677 2343 ἕνεκα;

132 2356 188 2412 μή
207 2361 372 2414 γένοιτο.
427 2356 671 2414 Ἐπίκτητος
690 2361 887 2414 κρείσσων
906 2358 1151 2416 Σωκράτους
1170 2360 1244 2403 οὐκ
1260 2362 1385 2403 ἔστιν·
1407 2360 1444 2401 εἰ
1458 2359 1500 2402 δὲ
1519 2357 1595 2414 μή,
1626 2359 1676 2404 οὔ

130 2430 286 2482 χείρων,
302 2425 420 2470 τοῦτό
434 2445 503 2481 μοι
523 2427 667 2470 ἴκανόν
689 2424 808 2470 ἔστιν.
842 2425 947 2472 Ου’δὲ
963 2428 1040 2485 γὰρ
1058 2431 1206 2471 Μίλων
1223 2429 1376 2482 ἔσομαι,
1395 2427 1464 2469 καὶ
1481 2425 1588 2481 ὅμως
1599 2426 1678 2473 οὔκ

131 2492 266 2548 ἀμελοῖ
282 2499 356 2538 τοῦ
374 2493 574 2548 σώματος·
607 2493 700 2539 ου’δὲ
711 2501 908 2550 Κροῖσος,
926 2499 995 2541 καὶ
1014 2497 1120 2552 ’ὅμως
1138 2494 1216 2540 οὐκ
1233 2492 1366 2551 ἇμελῶ
1383 2499 1456 2549 τῆς
1475 2493 1650 2550 κτσήεως
1663 2510 1672 2520 ·

131 2561 218 2606 οὐδ’
237 2563 370 2614 ἅπλῶς
390 2563 513 2606 ἄλλου
534 2562 646 2614 τινὸς
659 2567 731 2618 τῆς
751 2563 988 2618 ἐπιμελείας,
1005 2566 1072 2608 Bw}
1087 2563 1163 2621 τὴν
1181 2562 1416 2621 ἀπόγνωσιν
1425 2569 1506 2606 τῶν
1521 2564 1672 2620 ἄκρων,

131 2627 402 2685 ἆφιστοὲμεθα.
433 2635 580 2686 (Quem
605 2636 741 2673 locum
769 2648 860 2672 cum
885 2638 1103 2674 Horatiano
1128 2642 1330 2687 comparat
1353 2631 1528 2672 Gataker
1547 2634 1599 2674 ad
1616 2637 1672 2674 M.

130 2703 322 2740 Antonin.
334 2703 372 2751 5,
393 2704 432 2743 5.
448 2717 489 2755 p.
510 2701 625 2753 144.)
644 2701 808 2740 Euchir.
820 2704 887 2753 50,
905 2705 946 2744 3.
960 2701 1008 2744 σύ
1030 2702 1096 2753 δέ,
1123 2703 1160 2744 εἰ
1173 2701 1241 2742 καὶ
1253 2697 1372 2754 μήπω
1389 2700 1428 2745 εἶ
1437 2703 1672 2757 Σωκράτης,

130 2767 410 2824 αἷς-Σωκράτης
429 2785 471 2824 γε
491 2767 594 2810 εἶναι
617 2767 880 2823 βουλόμενος,
904 2767 1078 2822 ὀφείλεις
1098 2772 1229 2824 βιοῦν.
1251 2772 1307 2808 Μ.
1326 2772 1520 2810 Antonin.
1540 2773 1579 2822 9,
1599 2773 1670 2813 29.

129 2835 320 2891 ὅρμησον,
339 2835 413 2879 ἐὰν
431 2839 604 2884 διδῶται,
618 2836 752 2891 καὶμὴ
773 2839 1026 2894 περιβλέπου,
1047 2841 1087 2882 εἷ’
1097 2856 1155 2888 τις
1177 2839 1340 2881 εἴσεται·
1358 2839 1458 2893 μηδὲ
1474 2837 1548 2893 τὴν
1560 2838 1672 2881 1120?-

127 2921 253 2954 τωνος
277 2908 478 2949 πολιτείαν
498 2907 642 2958 ἔλπιζε,
663 2905 760 2949 ἆλλά
779 2903 928 2963 ἆρκοῦ,
949 2909 987 2949 εἰ
1001 2905 1044 2950 τὸ
1054 2904 1301 2962 βραχύτατον
1319 2904 1484 2962 πρόεισι.
1517 2909 1670 2947 Seneca

129 2975 322 3014 Vit.beat.
339 2977 405 3018 17.
436 2975 566 3027 Exth
581 2977 848 3028 itaqueame,
869 2991 949 3016 non
965 2984 1010 3015 ut
1027 2979 1185 3030 optimis
1193 2991 1275 3029 par
1287 2978 1384 3024 sim,
1404 2977 1531 3016 sedat
1548 2977 1669 3015 malis

1285 3042 1315 3084 4
1343 3042 1362 3063 ²&
