2028 3268
159 253 226 294 ·31
316 249 702 291 COMMENTARII
729 250 788 291 IN
814 249 1046 291 HORATII
1060 249 1163 294 LIB.
1179 250 1206 291 1.
1233 249 1400 291 EPIST.
1419 250 1581 292 TERT.
1639 248 1724 292 221

173 378 354 429 sanguis,
382 378 431 416 de
457 391 534 429 quo
554 378 647 416 dixit
664 378 822 429 Forbig.
850 379 900 416 ad
918 378 1026 430 Virg.
1046 376 1145 417 Aen.
1166 377 1216 430 5,
1241 377 1341 419 395.
1369 399 1427 408 —·
1451 391 1586 415 rerum
1601 378 1726 415 insci-

173 447 231 483 tia
262 446 412 485 videtur
437 459 520 485 esse
546 459 671 485 rerum
700 447 908 499 imperitia,
936 442 1100 498 ἀπειρία
1129 449 1212 486 τῶν
1242 442 1519 501 ἀνθρωπίνων
1545 441 1725 499 πραγμά-

173 530 274 564 των,
307 515 411 565 quod
438 528 530 553 sane
557 516 683 554 nescio
711 529 777 554 cur
805 516 843 553 in
873 515 1029 553 dubium
1048 519 1156 553 vocet
1183 515 1386 562 Ordinis,
1416 516 1480 566 qui
1510 515 1725 566 „Missver-

172 583 418 622 sffindnisse“
436 584 595 635 intelligi
613 583 768 624 mavult.
828 582 888 621 De
907 597 977 622 usu
997 596 1079 622 voc.
1109 584 1159 623 cf.
1182 584 1265 624 Sat.
1286 586 1337 636 2,
1369 585 1416 635 1,
1445 585 1515 625 81.
1559 590 1704 621 sancta

171 666 263 689 rum
288 653 449 689 inscitia
475 652 622 703 legum.
653 653 736 691 Sat.
760 652 809 701 2,
830 651 881 703 3,
901 649 969 692 43.
1002 653 1162 689 inscitia
1188 654 1282 689 veri.
1331 652 1417 690 Alia
1437 653 1590 702 quidem
1608 650 1725 701 signi-

170 720 346 758 ficatione
379 720 511 759 Cicero
543 734 694 772 quoque
713 721 760 758 de
783 719 851 759 Or.
876 720 921 770 1,
951 720 1026 770 22,
1054 720 1123 758 99.
1166 721 1327 758 inscitia
1354 734 1487 758 reram
1512 722 1630 772 dixit,
1653 719 1725 758 nisi

170 788 223 826 ibi
242 789 446 840 legendum
467 793 526 827 est
546 791 770 827 inscientia.
799 787 886 825 Vid.
907 787 1037 826 Hand.
1060 788 1109 825 ad
1129 789 1272 839 Wopk.
1292 788 1419 830 Lectt.
1441 789 1545 828 Tull.
1566 803 1606 841 p.
1629 787 1724 829 185.

171 861 211 894 et
241 870 337 907 quos
365 857 498 896 laudat
524 859 668 895 Haase
700 858 750 895 ad
777 857 955 908 Reisigii
980 885 1015 902 „
1032 857 1076 893 V
1070 856 1350 908 orlesungen“
1382 862 1455 896 etc.
1477 873 1516 910 p.
1541 858 1636 898 118.
1674 855 1724 894 Ν.

174 925 268 966 118.
290 948 346 953 —
366 934 495 963 vexat.
531 927 595 964 Sic
615 925 736 977 Epist.
758 926 806 974 2,
828 925 876 974 2,
899 924 967 964 90.
1015 925 1096 974 Qui
1119 927 1254 962 minus
1279 933 1446 978 argutos
1470 932 1587 963 vexat
1599 925 1728 977 ficror

171 994 245 1030 iste
258 993 432 1044 poetas?
460 995 543 1032 Sat.
566 995 587 1033 1
602 1021 615 1044 ,
635 995 683 1044 7,
703 993 770 1034 50.
807 993 844 1030 si
865 992 1067 1030 discordia
1094 1001 1206 1030 vexet
1223 995 1378 1034 inertes.
1400 1016 1457 1022 —
1484 993 1530 1031 V.
1552 990 1620 1033 34.
1651 992 1726 1029 In—

170 1062 322 1100 domita
341 1063 490 1099 cervice
494 1061 624 1113 seros.
659 1061 725 1099 Cf.
747 1061 862 1100 ovid.
884 1060 978 1101 Met.
1002 1061 1079 1112 13,
1099 1058 1195 1102 444.
1252 1062 1458 1111 Achilles,
1507 1062 1594 1111 Quo
1609 1061 1726 1112 ferus

170 1131 319 1179 injusto
335 1131 456 1181 petiit
485 1130 796 1182 Agamemnona
819 1131 945 1181 ferra.
1004 1128 1110 1167 Pers.
1142 1130 1191 1181 5,
1236 1131 1331 1171 171.
1392 1130 1520 1166 IVzmo
1536 1129 1659 1181 jerus
1690 1136 1727 1164 et

169 1198 332 1239 violens.
395 1199 553 1237 Indom.
575 1212 678 1235 cerv.
703 1199 751 1236 de
771 1198 900 1248 equis,
928 1210 1086 1247 quorum
1117 1199 1275 1236 cervices
1305 1211 1419 1236 manu
1445 1197 1575 1236 blandi
1606 1197 1725 1248 magi-

168 1268 238 1306 stri
267 1267 447 1320 palpatae
481 1267 676 1319 imperium
708 1279 786 1304 non
818 1266 1026 1318 patiuntur.
1086 1266 1170 1305 Vid.
1191 1270 1323 1305 annot.
1354 1267 1403 1304 ad
1426 1266 1472 1316 1,
1508 1267 1553 1315 2,
1583 1262 1650 1306 64.
1682 1279 1724 1317 p.

171 1335 264 1376 185.
322 1336 468 1374 Auson.
487 1335 614 1386 Epist.
637 1332 714 1386 24,
749 1336 818 1377 21.
878 1335 1071 1387 Namque
1094 1349 1164 1386 ego
1185 1349 1338 1385 semper
1364 1335 1556 1372 Contenta
1576 1335 1727 1370 cervice

156 1403 314 1455 fitam.
375 1403 493 1445 Prud.
514 1403 650 1444 Perist.
674 1404 749 1454 11,
777 1403 845 1443 90.
899 1403 1013 1454 Ῐὶ·εηι“
1030 1404 1185 1455 Ignara
1197 1432 1214 1449 ,
1245 1405 1397 1440 insueto
1426 1401 1594 1439 subdere
1620 1401 1727 1439 colla

156 1474 265 1524 jugo
288 1493 346 1501 ——-
362 1487 498 1523 pavor
519 1472 711 1509 indomito
733 1471 848 1508 corde
866 1472 1032 1522 ferinus
1065 1473 1164 1524 agit.
1223 1471 1410 1511 Lambino
1441 1470 1639 1510 translatio
1671 1471 1727 1509 vi-

168 1541 280 1578 detur
308 1541 510 1592 desumpta
543 1552 625 1578 esse
653 1553 677 1578 a
695 1539 817 1578 bobus
837 1539 1057 1591 indomitis,
1087 1553 1183 1590 quos
1205 1541 1340 1579 Graeci
1361 1536 1658 1592 σκληραύχενας
1686 1543 1727 1578 et

168 1607 416 1662 ζυγομοὶχους
447 1613 597 1647 vocant.
656 1607 746 1646 Non
784 1607 902 1659 male,
951 1609 1090 1647 etenim
1127 1610 1182 1648 sic
1221 1609 1336 1646 Ovid.
1376 1607 1472 1646 Met.
1510 1608 1584 1659 13,
1625 1609 1723 1648 798.

171 1677 341 1714 Saevior
360 1669 567 1714 indomitis
586 1677 724 1714 eadem
756 1676 932 1714 Galatea
942 1678 1150 1725 juvencis.
1187 1699 1244 1705 —-
1283 1676 1331 1714 V.
1353 1675 1422 1717 35.
1455 1675 1636 1726 indigni,
1665 1674 1725 1712 vel

166 1745 302 1795 quibus
323 1758 400 1783 non
419 1745 614 1795 convenit,
642 1745 701 1783 vel
721 1758 817 1794 quos
837 1758 915 1783 non
945 1750 1098 1796 oportet
1126 1746 1151 1784 i.
1182 1757 1217 1782 e.
1251 1745 1350 1796 „die
1384 1743 1489 1782 nicht
1513 1743 1725 1794 berechtigt

164 1814 300 1864 sind“,
330 1818 373 1851 ut
394 1813 626 1851 Graecorum
647 1809 722 1854 οὔκ
752 1808 870 1862 ἐξίοι.
911 1813 1024 1853 Hanc
1037 1813 1350 1865 significationem
1369 1812 1539 1864 pluribus
1558 1813 1724 1851 illustra-

164 1882 219 1920 vit
240 1882 430 1934 Silligrius
446 1883 495 1921 ad
514 1881 620 1933 Virg.
642 1882 721 1920 Cir.
745 1882 840 1922 103.

277 1951 324 1988 V.
347 1950 416 1990 36.
476 1951 669 1988 Pascitur
689 1973 746 1979 —-
763 1953 961 2000 juvenca.
1022 1950 1122 1988 Mira
1151 1963 1243 1988 sane
1266 1954 1326 1988 est
1350 1948 1535 2001 Acronis,
1571 1949 1630 1988 cui
1660 1961 1722 1987 as—

164 2018 327 2056 sentitur
350 2017 475 2056 Schol.
506 2018 650 2069 Cruq.,
682 2018 816 2057 horum
841 2018 1042 2056 verborum
1073 2019 1361 2069 interpretatio:
1397 2018 1536 2064 „Aut
1561 2031 1724 2054 carmen

157 2100 235 2137 pro
255 2093 381 2122 vestro
401 2086 530 2122 redita
552 2086 772 2132 scribetur,
801 2093 875 2123 aut
891 2086 1107 2123 immolabo
1122 2101 1201 2137 pro
1222 2086 1332 2123 vobis
1339 2089 1580 2134 juvencam.
1609 2085 1724 2122 Nam

164 2155 307 2205 Lyrici
327 2157 548 2200 juvencam
575 2154 870 2200 immolabant,
920 2155 1121 2205 Tragoedi
1144 2155 1330 2199 hircum,
1369 2154 1446 2190 alii
1460 2153 1605 2204 poe'lae
1630 2160 1724 2190 tazi—

163 2226 305 2258 rum.‘'‘
366 2221 487 2271 Eam,
524 2222 627 2270 quod
659 2222 825 2272 mireris,
864 2221 1057 2273 amplexus
1077 2226 1137 2259 est
1162 2221 1432 2258 Burmannus
1450 2223 1500 2259 ad
1519 2221 1626 2271 Virg.
1643 2220 1723 2261 Ecl.

163 2290 214 2341 3,
240 2290 307 2330 86.
368 2290 610 2341 Significatur
638 2291 766 2342 potius
789 2303 937 2328 sacrum
969 2303 1039 2340 pro
1071 2290 1167 2327 felici
1204 2290 1406 2328 amicorum
1434 2289 1558 2327 reditu
1585 2289 1723 2327 facien·

163 2359 276 2408 dum,
305 2361 349 2395 ut
371 2358 446 2398 od.
468 2359 488 2397 1
504 2385 516 2408 ‚
542 2358 621 2408 36,
651 2358 692 2398 3.
723 2356 770 2409 4,
793 2360 815 2400 2
829 2386 842 2410 ,
873 2358 927 2398 53
947 2370 1034 2408 sqq.
1052 2362 1090 2395 et
1111 2358 1162 2395 ibi
1182 2358 1336 2396 Mitsch.
1362 2357 1423 2395 Ita
1441 2357 1548 2408 Virg.
1574 2357 1656 2398 Ecl.
1682 2357 1723 2407 3,

164 2426 232 2467 85.
269 2426 381 2479 (ibiq.
413 2424 545 2477 Voss.)
591 2427 792 2475 Pierides,
841 2426 1014 2464 vitulam
1054 2427 1191 2464 lectori
1222 2428 1380 2477 pascite
1406 2432 1547 2463 restro.
1608 2426 1722 2463 Ovid.

163 2492 297 2532 Amor.
331 2496 378 2545 2,
410 2495 486 2544 11,
519 2491 588 2533 46.
649 2495 732 2531 Pro
760 2494 894 2532 redita
926 2495 1091 2532 victima
1120 2503 1212 2532 vola
1242 2495 1368 2533 cadet.
1427 2493 1536 2544 Virg.
1566 2491 1662 2530 Aen.
1683 2495 1723 2545 2,

166 2561 235 2601 17.
299 2563 446 2600 Votum
466 2576 546 2613 pro
571 2562 704 2599 redita
733 2563 943 2601 simulant.
1008 2563 1070 2604 Cf.
1090 2563 1254 2616 Rupert.
1284 2564 1333 2600 ad
1352 2563 1438 2600 Juv.
1462 2562 1536 2612 12,
1569 2562 1722 2602 1-15.

165 2628 307 2680 Gierig.
341 2631 391 2668 ad
421 2631 534 2671 Ovid.
561 2630 657 2668 Met.
683 2631 734 2681 7,
765 2631 862 2671 159.
919 2631 1092 2684 Interpp.
1125 2633 1174 2669 ad
1204 2631 1322 2670 Mart.
1352 2630 1402 2680 9,
1426 2626 1504 2680 41,
1528 2631 1567 2670 3.
1600 2634 1638 2668 et
1671 2632 1722 2668 ad

164 2697 466 2749 Sueton.Calig.
489 2696 557 2738 14.
617 2698 793 2737 Saubert.
826 2700 874 2736 de
906 2700 1061 2740 sacrific.
1094 2714 1127 2737 c.
1160 2701 1197 2741 2.
1230 2713 1268 2750 p.
1305 2699 1373 2740 32.
1433 2698 1532 2736 Hinc
1567 2699 1720 2744 ιὀίίνα,

163 2769 208 2803 ut
239 2765 316 2806 od.
350 2767 399 2818 2,
443 2767 519 2817 17,
559 2767 630 2807 31.
661 2767 778 2804 aedes
805 2770 954 2808 votiva.
1014 2767 1074 2806 De
1103 2767 1211 2805 simili
1242 2768 1319 2806 sere
1345 2766 1541 2818 relegitur
1559 2780 1622 2819 ap.
1642 2767 1721 2806 Sct.

134 2855 147 2859 -
167 2830 318 2884 Evang.
338 2832 434 2874 Luc.
457 2833 534 2885 15,
564 2834 633 2875 23.
653 2831 724 2875 τόν
754 2831 905 2889 μόσχον
935 2834 1000 2875 niv
1039 2833 1214 2877 σιτευτὸν
1244 2833 1413 2876 θύσατε.
1447 2856 1497 2864 —
1530 2836 1723 2873 Pascitur

166 2900 205 2939 in
224 2914 264 2939 re
282 2915 389 2940 sacra
409 2901 612 2952 usitatum,
639 2902 715 2942 vid.
736 2903 834 2943 Jani.
855 2906 904 2943 ad
927 2906 1002 2944 Od.
1026 2905 1073 2956 3,
1095 2905 1173 2955 23,
1201 2903 1240 2942 9.
1251 2932 1265 2955 ,
1295 2903 1464 2943 simfliter
1483 2905 1622 2941 crescit
1642 2904 1720 2942 Od.

168 2968 220 3020 3,
251 2969 327 3021 23,
360 2971 450 3022 11„
471 2972 699 3017 juvenescit
721 2973 766 3010 in
793 2988 883 3012 mea
904 2982 998 3011 vota
1017 2973 1094 3012 Od.
1115 2969 1166 3025 4,
1195 2974 1244 3025 2,
1274 2972 1344 3014 55.
1370 2971 1515 3012 Locum
1533 2973 1588 3011 ita
1605 2973 1722 3011 vertit
