2028 3268
130 246 189 291 29
275 217 657 285 COM'MENTARII
684 243 742 284 IN
766 240 995 283 HORATII
1014 241 1115 284 LIB.
1130 242 1160 283 Ι.
1196 240 1362 282 EPIST.
1385 240 1547 281 TERT.
1598 238 1684 280 219

131 379 211 421 est,
243 372 324 409 nisi
350 371 516 408 accessit
538 368 801 421 philosophia
833 376 871 406 et
898 368 1016 406 illum
1037 368 1232 418 respirare
1251 379 1382 404 rerum
1406 374 1578 404 naturae
1595 381 1686 418 spe-

133 439 289 478 ctae-ulo
297 439 427 487 jussit
435 467 450 484 ,
481 445 518 474 et
544 453 570 475 a
593 438 756 475 terrenis
776 437 928 474 dimisit
956 437 1015 474 acl
1032 436 1186 474 divina.
1224 456 1282 463 --
1324 434 1495 485 Sapiens
1514 443 1688 484 assecta-3

133 515 270 560 torque
293 508 514 557 sapientiae
545 507 802 558 cogitationes
829 519 925 542 suas
952 505 1011 542 acl
1036 503 1226 541 sublimia
1251 503 1434 542 intendit.
1483 503 1541 544 Id.
1559 504 1685 555 Epist.

132 575 202 616 -75,
268 575 433 626 Optima
464 582 501 611 et
530 588 634 611 noxa
667 573 848 610 carentia
880 579 1108 623 exspectant
1127 585 1198 608 nos
1214 599 1230 617 ,
1258 573 1295 608 si
1314 586 1359 609 ex
1383 572 1462 610 hac·
1471 573 1587 624 faece
1608 571 1687 609 ali-

130 643 294 696 quando
326 644 369 680 in
397 643 507 680 illud
532 642 741 680 evadimus
760 640 929 678 sublime
950 649 987 678 et
1005 640 1226 678 excelsum:
1257 639 1533 690 tranquillitas
1558 641 1689 677 animi

133 718 170 748 et
209 711 384 762 expulsis
422 710 618 748 erroribus
652 709 838 747 absoluta
871 708 1047 749 libertas.
1111 707 1225 759 Diog.
1255 706 1383 746 Laert.
1409 708 1456 759 3,
1487 709 1556 751 63.
1603 709 1688 765 ἰδίᾳ

131 778 281 834 (Plato)
322 777 364 819 δὲ
406 779 556 830 σοφίαν
595 777 662 818 καὶ
699 775 775 830 τήν
814 778 1066 828 φιλοσοφίαν
1105 780 1236 824 καλεῖ,
1290 771 1424 826 ὄρεξιν
1463 770 1590 818 οὖσαν
1617 780 1689 829 τῆς

132 849 251 896 θείας
281 848 438 899 σοφίας.
497 845 557 884 De
579 846 762 884 dictione:
806 846 892 896 Quo
911 868 970 875 -—
989 847 1065 882 ires
1079 874 1095 892 ,
1139 845 1298 883 laudant
1314 845 1438 896 Epist.
1461 846 1509 896 2,
1539 847 1588 897 2,
1619 845 1688 888 37.

134 919 182 965 I,
213 918 311 956 bone
321 947 335 964 ,
364 931 441 968 quo
463 917 589 952 virtus
610 922 681 952 tua
702 922 738 951 te
759 922 887 952 vocat.

243 986 292 1028 V,
318 986 385 1027 28,
422 985 517 1020 Hoc
534 1005 589 1012 —-
612 982 752 1034 ampli.
811 982 856 1020 In
879 995 958 1020 rem
982 980 1108 1033 Epist.
1137 981 1184 1031 1,
1216 980 1262 1030 1,
1295 979 1362 1022 25.
1428 980 1548 1030 Quod
1563 994 1689 1032 aeque

124 1053 376 1105 pauperibus
401 1051 579 1102 prodest,
613 1050 878 1102 locupletibus
907 1063 1043 1101 aeque.
1067 1071 1119 1078 —
1133 1050 1262 1100 parvi
1285 1054 1323 1087 et
1349 1049 1505 1100 ampli,
1536 1055 1578 1088 ut
1604 1050 1687 1091 Sat.

132 1123 183 1172 2,
212 1123 263 1172 6,
298 1121 366 1162 95.
403 1119 547 1171 IVeque
569 1119 658 1157 ulla
685 1126 743 1156 est
766 1121 860 1156 Aut
882 1132 1033 1169 magno
1056 1124 1130 1154 aut
1146 1131 1283 1168 parvo
1309 1117 1379 1155 leti
1383 1117 1513 1169 suga.
1568 1117 1690 1156 Recte

133 1193 260 1228 autem
305 1187 482 1227 Orellius
521 1201 557 1225 v.
589 1202 690 1239 opus
719 1189 768 1226 ad
802 1187 1012 1236 actionem,
1055 1185 1234 1223 studium
1267 1186 1317 1223 ad
1353 1186 1532 1239 θεωρίαν
1559 1188 1689 1237 refert,

133 1258 442 1296 dissentientibus
472 1257 553 1295 aliis
569 1284 581 1307 ,
610 1260 654 1294 ut
688 1255 905 1293 Chabotio:
937 1267 1122 1305 „summa
1152 1266 1226 1305 ope
1255 1255 1439 1305 nitamur,
1468 1267 1517 1292 ne
1539 1256 1692 1294 morda-

134 1327 240 1365 cibus
257 1327 354 1364 curis
375 1325 590 1363 ambitionis
606 1329 645 1362 et
665 1324 885 1376 cupiditatis
901 1323 1046 1361 animos
1068 1326 1222 1360 nostros
1238 1322 1516 1361 conficiamus.“
1544 1322 1630 1361 Alia
1651 1323 1691 1361 in

134 1407 214 1432 rem
242 1395 355 1433 affert
381 1393 640 1438 Schmidius,
669 1392 733 1443 qui
762 1393 862 1431 idem
891 1406 928 1432 v.
956 1391 1024 1433 29.
1092 1391 1142 1429 Si
1165 1392 1329 1442 patriae
1351 1413 1408 1420 --
1444 1392 1533 1428 cari
1557 1395 1693 1430 contra

133 1460 309 1500 Lambini
323 1461 692 1513 interpretationem:
727 1460 807 1498 sibi
829 1474 970 1497 earum
991 1473 1073 1497 esse
1101 1461 1126 1498 i.
1146 1473 1177 1498 e.
1195 1461 1360 1511 jucunde
1384 1463 1424 1499 et
1441 1459 1609 1498 hilariter
1634 1461 1691 1498 vi-

132 1542 246 1580 vere,
272 1530 479 1569 rectissime
498 1529 684 1581 disputat.
742 1529 803 1568 Cf.
834 1528 951 1569 orell.
1011 1527 1070 1567 De
1102 1541 1143 1566 re
1169 1529 1275 1579 ipsa,
1305 1541 1403 1578 quae
1429 1528 1489 1566 hic
1507 1529 1691 1580 praecipi-

134 1601 217 1646 tur,
245 1598 322 1636 vid.
342 1597 552 1638 Weland.
583 1601 623 1635 et
637 1596 883 1648 Habetseld.
943 1596 1235 1635 Observandum
1256 1600 1382 1635 autem
1402 1601 1486 1647 est,
1510 1597 1568 1635 his
1597 1597 1690 1648 ipsis

130 1665 256 1704 verbis
273 1664 432 1704 Poetam
448 1665 555 1715 quasi
568 1666 666 1704 viam
691 1665 763 1703 sibi
784 1666 835 1703 ad
853 1665 1150 1704 reconciliandos
1164 1665 1303 1704 amieos
1323 1665 1422 1703 inter
1436 1678 1479 1703 se
1503 1666 1690 1704 dissiden-

132 1737 191 1772 tes
209 1737 299 1785 apte
313 1734 526 1771 munivisse.

242 1801 291 1843 V.
312 1802 382 1842 30.
403 1803 471 1843 31.
518 1800 653 1839 Debes
682 1800 757 1839 hoe
781 1824 831 1829 -—
857 1801 1127 1839 rescinditur?
1183 1801 1311 1840 Schol.
1346 1802 1488 1853 Cruq.‚
1526 1813 1689 1851 quocum

131 1870 320 1909 consentit
347 1868 498 1921 Acron,
528 1898 564 1917 „
576 1871 686 1907 Mire
698 1898 714 1916 ‚
747 1869 892 1921 inquit,
922 1872 1042 1922 quasi
1069 1871 1189 1907 etiam
1218 1869 1328 1907 aliae
1346 1883 1493 1907 causae
1510 1869 1689 1908 scriben-

131 1938 208 1975 dae
242 1939 350 1983 sint,
390 1953 516 1990 quam
553 1938 939 1976 reconciliationis.“
999 1939 1182 1977 Horatius
1210 1938 1350 1989 igitur,
1390 1942 1434 1976 ut
1466 1951 1595 1976 eorum
1627 1942 1689 1977 est

131 2005 282 2056 opinio,
307 2005 378 2044 hac
396 2006 569 2057 Epistola
598 2010 689 2045 ante
712 2006 837 2045 omnia
859 2007 900 2043 id
914 2007 1015 2058 egit,
1045 2011 1088 2044 ut
1114 2006 1271 2044 Florum
1294 2010 1334 2045 et
1355 2006 1594 2058 Munatium,
1623 2008 1688 2058 qui

131 2073 343 2111 simultates
372 2075 535 2124 odiaque
562 2075 748 2124 quaedam
776 2078 1011 2123 exercerent,
1040 2075 1317 2125 reconciliaret,
1351 2075 1399 2112 de
1427 2088 1503 2125 qua
1535 2088 1576 2113 re
1603 2075 1690 2113 licet

132 2141 308 2180 dubitari.
366 2143 586 2179 Munatius
615 2142 696 2179 sine
720 2141 835 2178 dubio
863 2142 936 2179 fuit
959 2141 1055 2179 filius
1085 2141 1134 2184 L,
1158 2142 1323 2180 Munatii
1346 2141 1496 2194 Planci,
1526 2143 1690 2181 consulis

132 2223 168 2248 a.
198 2210 251 2248 U.
276 2210 323 2250 C.
347 2210 427 2251 712
444 2238 456 2261 ,
485 2211 543 2248 cui
569 2210 753 2248 Horatius
778 2209 969 2260 inscripsit
993 2209 1069 2249 Od.
1103 2210 1151 2260 1,
1177 2211 1217 2250 7.
1277 2210 1353 2256 Qui
1378 2212 1555 2260 quoniam
1585 2213 1691 2263 apud

132 2277 351 2328 Augustum
380 2277 539 2315 multum
573 2277 696 2328 gratia
728 2277 845 2317 valuit
878 2283 918 2317 et
941 2277 1187 2326 auctoritate,
1230 2278 1366 2316 mirum
1395 2291 1472 2316 non
1501 2282 1580 2328 est,
1608 2279 1689 2329 ejus

132 2345 249 2383 fllium
270 2345 386 2383 fuisse
413 2346 453 2383 in
473 2346 616 2384 Tiberii
636 2346 806 2384 cohorte.
864 2347 927 2385 Sic
944 2350 1046 2384 recte
1065 2359 1148 2383 cum
1169 2345 1250 2383 aliis
1269 2345 1406 2383 statuit
1436 2346 1690 2384 VVeielzertus

132 2412 159 2451 l.
190 2413 217 2452 l.
250 2427 292 2465 p.
320 2414 418 2454 377.
477 2414 708 2453 Scholiastes
737 2417 864 2453 autem
894 2414 1052 2466 Cruquii
1081 2426 1166 2451 eum
1194 2414 1309 2452 habet
1332 2427 1403 2466 pro
1430 2414 1548 2452 fratre
1572 2414 1690 2466 Flori,

133 2481 257 2520 verbis
279 2496 317 2520 v.
337 2482 393 2522 33
415 2482 580 2534 indigni
594 2483 832 2535 fraternum
852 2496 1035 2534 rumpere
1042 2482 1193 2534 foedus
1209 2482 1399 2519 inductus.
1455 2482 1691 2521 Scholiastae

136 2549 363 2587 sententiam
391 2554 602 2600 sequuntur
629 2551 871 2601 Lambinus,
902 2553 1014 2589 Min.
1030 2580 1047 2597 ,
1083 2548 1208 2587 Clzab.
1220 2577 1237 2595 ,
1268 2549 1378 2587 Dae.
1410 2554 1471 2602 et,
1499 2552 1689 2601 quomodo

137 2628 217 2654 rem
237 2617 440 2669 expediat,
473 2619 637 2657 incertus
667 2619 797 2658 haeret
829 2621 1006 2657 Mattius
1025 2619 1062 2656 in
1101 2619 1225 2669 Triga
1253 2617 1399 2668 Opuse.
1424 2622 1497 2657 etc.
1526 2632 1566 2670 p.
1591 2616 1688 2661 425.

135 2682 192 2721 At
219 2684 302 2734 quis
334 2689 416 2736 est,
456 2687 520 2736 qui
543 2687 839 2740 metaphoricam
863 2701 945 2727 voc.
967 2688 1144 2739 statem.
1176 2686 1489 2736 significationem
1510 2686 1690 2739 ignoret?

135 2750 272 2790 Fusius
299 2753 347 2790 de
371 2765 417 2791 ea
439 2766 480 2792 re
508 2754 596 2793 olim
611 2756 686 2794 dixi
707 2757 757 2794 ad
776 2756 902 2808 Epist.
921 2757 941 2795 1
954 2783 966 2806 ‚
988 2755 1064 2805 10,
1093 2751 1132 2792 4·
1153 2767 1193 2804 p.
1217 2754 1284 2795 11.
1309 2778 1367 2785 ——
1388 2757 1440 2793 sit
1460 2754 1534 2793 tibi
1549 2770 1687 2802 curae,

137 2823 181 2858 ut
195 2819 284 2859 Tib.
301 2820 351 2872 3,
382 2821 429 2871 1,
459 2822 526 2862 19.
585 2823 670 2861 Illa
687 2824 791 2862 mibi
810 2825 952 2876 reseret
964 2852 979 2870 ,
1010 2824 1047 2860 si
1064 2822 1191 2858 nostri
1206 2829 1350 2860 mutua
1374 2837 1473 2862 eura
1499 2832 1566 2862 est.
1615 2823 1689 2862 An

138 2888 294 2934 minor,
323 2902 379 2926 an
399 2896 476 2926 toto
487 2897 648 2940 pectore
668 2892 895 2933 deciderim.
954 2891 1068 2930 Ovid.
1091 2889 1246 2929 Heroid.
1278 2891 1354 2942 17,
1386 2892 1481 2934 160·
1540 2893 1599 2930 Et
1617 2892 1691 2930 tibi

139 2956 193 2993 sit
218 2969 337 2994 curae
380 2958 518 2995 Troius
549 2957 708 3011 hospes,
733 2963 804 3003 ait.
833 2983 891 2990 —-
916 2960 962 2999 In
986 2958 1129 2998 verbis:
1158 2972 1215 2997 an
1236 2958 1343 2997 male
1357 2982 1414 2990 —·
1429 2962 1688 3008 rescinditur,
