2028 3268
192 249 246 291 57

670 250 814 292 LIBRI
845 252 876 291 Ι.
930 253 1196 295 EPISTOLA
1223 254 1268 294 V.

1655 257 1740 301 247

258 374 458 438 Detinet,
493 391 738 440 assumam3
766 381 887 428 locus
923 387 992 428 est
1025 388 1069 429 et
1096 385 1289 444 pluribus
1322 385 1498 446 umbris,

260 453 354 502 Sed
387 459 511 503 nimis
547 464 643 504 arta
671 466 868 520 premunt
897 462 1040 508 olidae
1070 465 1267 509 convivia
1301 479 1473 526 caprae.

256 534 351 596 Tu,
388 541 541 596 quotus
577 552 675 584 esse
709 542 851 602 velis,
881 544 1095 603 rescribe,
1133 550 1177 590 et
1209 545 1339 590 rebus
1367 546 1534 591 omissis

1682 547 1740 589 30

234 614 383 660 -Atria
417 622 661 664 servantem
695 622 858 681 postico
895 621 1001 667 falle
1036 623 1250 668 clientem.

186 769 303 817 ning.,
340 772 403 807 sed
431 774 514 809 vide
537 774 753 810 Schmidinm
783 776 940 811 rectiora

185 828 382 867 docentem.

231 911 274 946 V.
294 912 350 948 28.
385 912 435 945 ad
456 923 630 946 summam
657 913 724 950 loc.
741 918 803 951 est.
847 913 938 949 Mss.

183 967 305 1013 quinq.
341 968 452 1004 Pulm.
493 981 583 1005 omn.
615 970 761 1015 Cruquii
793 977 938 1018 praeter

182 1036 289 1060 unum
317 1037 394 1060 cum
427 1028 504 1061 colo
539 1022 623 1073 post
654 1029 809 1072 detinet3
843 1041 934 1064 omn.

182 1074 309 1120 Comb.
342 1086 477 1118 tredec.
510 1086 592 1120 Val.
626 1086 746 1122 Guelf.
775 1089 807 1122 1.
835 1088 869 1124 3.
899 1090 934 1125 2.

183 1140 253 1183 (ad
284 1144 481 1187 summum)
516 1144 651 1180 GraeV.
689 1144 798 1178 Dorv.
835 1148 867 1182 1.
902 1149 935 1182 2.

183 1198 327 1233 Corbei.
343 1199 445 1236 Dess.
463 1203 496 1236 1.
513 1201 545 1236 2.
567 1201 664 1247 Lips.
681 1214 770 1239 omn.
789 1203 936 1238 Mentel.

181 1256 288 1291 Gott.
307 1258 338 1291 1.
362 1259 395 1292 2.
423 1258 533 1294 Goth.
554 1259 624 1303 (ad
646 1272 822 1294 summum
838 1261 940 1295 vide-

179 1317 240 1348 tur
261 1314 401 1359 legere)
431 1316 525 1352 Edd.
550 1323 625 1351 vet.
660 1330 717 1364 ap.
744 1319 867 1354 Maitt.
900 1324 937 1353 et

179 1370 272 1405 Ven.
296 1371 378 1410 479.
407 1375 463 1408 81.
492 1375 548 1411 83.
576 1376 631 1412 86.
647 1378 713 1412 92.
739 1377 837 1412 Flor.
853 1376 936 1415 482.

178 1429 290 1467 Loch.
316 1429 397 1468 498.
427 1431 526 1477 Lips.
549 1433 631 1468 492.
657 1434 715 1468 98.
737 1435 817 1474 516.
856 1436 934 1472 Ald.

178 1489 260 1523 501.
290 1508 338 1514 —-
368 1489 550 1534 Improbat
580 1491 783 1526 Ascensius.
828 1494 934 1538 Vulg.

180 1551 298 1581 autem
314 1547 416 1580 lectio
433 1551 489 1581 est
504 1547 538 1580 in
557 1548 637 1582 edd.
657 1549 822 1584 Ald.519.
841 1551 932 1584 Ven.

178 1606 259 1642 520.
285 1605 370 1639 Bas.
387 1604 469 1639 531.
506 1605 560 1638 De
583 1617 622 1639 re
647 1605 706 1640 illa
721 1606 796 1641 vid.
816 1612 936 1644 annot.

177 1663 222 1698 ad
246 1675 281 1699 v.
305 1663 358 1698 18.
386 1662 520 1696 Hauth.
552 1663 595 1696 ad
626 1663 727 1700 Pers.
746 1676 780 1710 p.
798 1665 879 1699 415.
897 1670 934 1699 et

175 1721 288 1757 Drak.
309 1720 354 1754 ad
370 1719 453 1755 Liv.
469 1720 516 1756 30
529 1747 538 1764 ,
556 1721 597 1763 5,
628 1721 660 1755 1.

222 1791 269 1826 V.
289 1790 344 1826 29.
386 1789 456 1823 Sed
472 1789 602 1824 minus.
643 1790 713 1826 Ms.
732 1790 798 1827 Fe.
817 1792 839 1826 7
853 1817 862 1834 ,
890 1791 928 1826 b.

177 1848 240 1883 Sic
251 1848 370 1882 minus
393 1851 430 1881 et
455 1847 542 1884 nim.
568 1852 825 1882 commutantur
849 1849 927 1886 Sat.

180 1909 212 1951 1,
234 1906 269 1951 5,
289 1907 321 1942 6.
343 1925 392 1931 -
414 1911 509 1942 arta.
533 1905 621 1943 Mss.
634 1917 726 1941 omn.
746 1917 802 1951 ap.
815 1907 924 1952 Cruq.

177 1976 269 2002 omn.
289 1964 409 2001 Guelf.
428 1963 531 2000 Dess.
555 1964 587 1998 1.
607 1966 640 2000 2.
668 1964 770 2009 Lips.
790 1966 822 2000 1.
842 1967 875 2002 2.
890 1966 926 2000 3.

178 2023 315 2056 Graev.
329 2022 446 2055 Berol.
459 2023 490 2056 1.
502 2024 608 2064 atque
619 2021 709 2055 haud
721 2022 795 2055 scio
806 2034 851 2056 an
868 2035 926 2068 ap.

176 2079 385 2124 plerosque,
412 2078 441 2112 si
466 2077 551 2113 talia
571 2076 797 2112 indicassent.
833 2079 927 2116 Edd.

178 2135 269 2170 Ven.
292 2134 372 2173 479.
398 2135 456 2171 81.
492 2134 602 2180 Cruq.
639 2134 722 2180 (qui
750 2135 926 2182 defendit)

985 777 1102 815 Bentl.
1129 779 1221 816 Cun.
1246 779 1399 814 Schmid.
1424 780 1529 819 Both.
1553 781 1656 818 Pas&
1686 783 1734 817 al.

985 841 1102 872 arcta.
1135 837 1228 873 Edd.
1259 839 1356 874 Flor.
1386 838 1466 876 482.
1503 838 1614 873 Loch.
1644 840 1736 878 Ven.

982 893 1066 930 483.
1101 895 1158 931 86.
1184 896 1241 932 92.
1280 896 1381 942 LiPS.
1409 898 1466 934 92.
1508 897 1588 931 Ald.
1612 897 1738 935 Lamb.

982 951 1095 986 Pulm.
1116 957 1184 986 etc.
1217 953 1271 987 De
1292 955 1407 988 forma
1432 959 1517 989 arta
1541 954 1615 992 vid.
1631 955 1738 990 Cort.

984 1009 1027 1043 ad
1046 1010 1132 1046 Sall.
1152 1011 1186 1046 J.
1207 1011 1270 1054 85,
1297 1012 1356 1047 34.
1382 1011 1499 1047 Kritz.
1521 1012 1565 1046 ad
1579 1012 1683 1046 eund.
1700 1012 1737 1050 J.

983 1067 1051 1109 52,
1082 1067 1116 1104 6.
1151 1067 1306 1103 Schmid.
1341 1069 1384 1104 ad
1418 1070 1454 1103 h.
1489 1070 1513 1104 l.
1540 1071 1670 1116 Wagn.
1700 1074 1740 1105 et

982 1124 1128 1170 Forbig.
1146 1126 1191 1160 ad
1204 1127 1304 1172 Virg.
1320 1128 1407 1162 Aen.
1425 1130 1463 1172 1,
1493 1128 1572 1164 293.
1597 1132 1634 1162 et
1650 1139 1737 1173 quos

981 1183 1106 1217 laudat
1131 1183 1210 1218 Jani
1236 1184 1279 1218 ad
1297 1184 1366 1222 od.
1388 1188 1404 1220 1
1420 1211 1430 1228 ,
1455 1186 1500 1220 38
1515 1211 1524 1229 ,
1544 1188 1578 1222 7.
1626 1185 1739 1220 Errat

982 1244 1097 1274 autem
1115 1241 1158 1278 C.
1177 1242 1346 1279 Schneid.
1363 1243 1398 1276 in
1407 1242 1569 1281 Elmntrl,
1587 1255 1624 1288 p.
1642 1243 1737 1290 449.‚

982 1310 1086 1343 quum
1104 1300 1229 1336 vocab.
1248 1305 1369 1334 artum
1392 1312 1412 1334 a
1425 1300 1616 1346 participio
1635 1300 1738 1335 verbi

983 1356 1128 1390 arcendi
1143 1357 1284 1392 ductum
1298 1363 1430 1393 censet.
1463 1359 1556 1394 alta.
1589 1358 1660 1393 Ms.
1679 1370 1739 1394 un.

981 1414 1115 1448 Bersm.
1132 1414 1266 1449 Eadem
1280 1416 1491 1462 permutatio
1519 1415 1588 1452 Od.
1607 1416 1646 1460 3,
1678 1417 1734 1460 12,

982 1474 1059 1515 11..
1092 1472 1153 1506 ubi
1175 1473 1329 1507 Orellius
1358 1473 1579 1508 librariorum
1607 1473 1736 1508 erratis

981 1529 1084 1563 fidem
1102 1530 1234 1565 habere
1250 1543 1320 1565 non
1335 1532 1498 1568 debebat.
1540 1531 1624 1568 Vid.
1645 1542 1735 1577 quos

981 1587 1025 1621 de
1048 1592 1198 1633 utroque
1223 1590 1398 1624 vocabulo
1431 1589 1554 1623 laudat
1579 1589 1735 1623 Ouwens

979 1643 1013 1677 in
1034 1644 1158 1681 Noctt.
1179 1646 1320 1691 Hagan.
1353 1649 1395 1691 3,
1429 1650 1485 1684 20.
1520 1658 1556 1691 p.
1577 1647 1658 1684 629.
1686 1665 1735 1671 --

978 1702 1092 1736 olidos
1104 1703 1264 1738 convivia
1281 1715 1422 1749 capros.
1439 1705 1508 1738 Ed.
1521 1703 1732 1743 Praedicov.

1024 1760 1068 1795 V.
1093 1761 1151 1797 30.
1170 1762 1228 1798 31.
1272 1762 1440 1796 rescribes
1458 1762 1600 1796 videtur
1622 1763 1734 1796 habu-

974 1816 1047 1851 isse
1070 1829 1134 1856 ms.
1161 1819 1285 1857 Oberl.
1316 1819 1362 1856 D.
1409 1831 1466 1854 res
1493 1819 1619 1854 scribe.
1658 1820 1731 1855 Ms-

974 1907 1076 1944 Dess.
1109 1909 1141 1945 2.
1183 1929 1230 1935 —
1279 1911 1322 1945 V.
1358 1911 1416 1946 31.
1453 1884 1560 1957 fall?
1582 1884 1730 1957 posticg‘.

973 1965 1042 2002 Ms.
1073 1967 1174 2003 Dess.
1209 1971 1242 2006 2.
1289 1981 1313 2004 a
1336 1969 1485 2014 postico.
1516 1970 1667 2004 Mentel.
1686 1989 1734 1995 —

978 2023 1159 2061 clientem.
1186 2025 1249 2059 Sic
1265 2027 1344 2060 edd.
1363 2027 1454 2061 Ven.
1471 2026 1552 2063 479.
1571 2027 1628 2062 81.
1649 2028 1730 2065 520.

973 2081 1051 2117 Ald.
1069 2080 1149 2116 501.
1166 2083 1271 2117 Hunc
1290 2094 1433 2119 versum
1448 2084 1568 2120 laudat
1579 2084 1730 2120 Servius

974 2137 1019 2171 ad
1036 2137 1138 2183 Virg.
1158 2140 1245 2174 Aen.
1267 2142 1306 2184 2,
1328 2141 1411 2179 453.
