2028 3268
131 246 186 287 77
244 241 615 284 COMMENTARII
643 242 697 279 IN
726 237 950 279 HORATII
978 234 1151 275 EPIST.
1174 232 1393 274 SECUND.
1419 230 1521 269 LIB.
1541 230 1572 272 1.
1605 223 1686 266 183

134 357 381 409 citharaque.
409 357 447 405 1,
471 355 540 404 37,
561 355 602 394 7.
621 353 760 406 funus
775 374 832 381 —-
851 351 1005 390 ruinas.
1027 351 1069 399 3,
1092 349 1158 399 18,
1178 349 1218 389 2.
1231 346 1342 396 fines
1356 351 1392 383 et
1411 345 1554 396 aprica
1569 355 1682 381 rura.

133 427 202 475 21,
224 427 290 467 17.
325 424 517 475 Viresqne
535 429 573 459 et
590 421 710 460 addis
728 434 892 459 cornua.
927 420 1014 458 Sat.
1039 418 1076 466 1,
1094 416 1135 465 3,
1169 415 1262 457 103.
1290 413 1411 453 verba
1432 435 1482 442 —
1502 412 1683 450 nomina.

134 494 175 544 5,
199 492 269 534 98.
295 493 399 530 risus
413 493 630 542 jocosque„
655 491 783 542 Epist.
820 490 858 538 1,
889 488 928 538 1,
959 486 1027 527 16.
1057 483 1182 536 agilis
1189 483 1253 534 fio
1274 490 1311 521 et
1328 496 1478 528 versor,
1505 480 1576 519 ubi
1603 478 1686 519 vid.

134 567 321 600 annotata
341 574 382 612 p.
400 557 484 608 42„
514 557 613 596 ibid.
630 556 699 600 34.
728 556 850 596 verba
871 562 909 593 et
927 567 1041 593 voces
1055 554 1234 605 itemque
1260 550 1385 589 condo
1413 557 1451 588 et
1469 563 1658 601 compono
1669 563 1687 597 ;

134 627 252 667 tarda
281 635 318 666 et
349 629 514 679 ingrata
541 633 717 678 tempora
726 641 745 675 ,·
773 639 861 677 spes
879 630 916 661 et
935 622 1159 661 consilium.
1193 622 1233 671 6,
1262 622 1302 662 1.
1333 633 1417 658 una
1433 641 1485 648 -
1507 618 1683 669 solaque.

134 697 202 738 59.
220 697 369 749 sorum
386 694 678 747 populumque.
712 695 752 743 7,
783 695 851 734 90.
886 690 1072 730 scabrum
1091 691 1385 741 intonsumque.
1418 686 1485 737 14,
1509 688 1550 728 8.
1579 700 1690 724 mens

133 767 460 816 —cmimusqua
496 763 562 812 15,
595 764 662 804 17.
694 763 761 810 16,
796 758 866 800 74.
890 760 1069 812 perferre
1092 760 1275 811 patique.
1312 756 1379 806 18,
1410 757 1503 798 103.
1551 755 1690 794 Secre-

136 840 220 871 tum
240 835 316 871 iter
340 841 376 871 et
391 832 584 885 fallentis
610 830 751 868 semita
785 829 904 866 vitae.
937 829 986 866 A.
1017 829 1064 866 P.
1092 827 1217 866 nubes
1240 834 1278 865 et
1297 827 1454 864 inania.
1482 822 1581 866 444.
1605 825 1691 861 sine

135 902 260 940 rivali
277 924 335 932 ——
351 901 474 939 solus.
536 900 596 938 Cf.
616 898 748 936 Bentl.
770 895 822 933 ad
839 897 970 948 Epist.
1001 897 1038 945 1,
1062 895 1102 945 3,
1123 897 1193 936 22.
1220 897 1264 934 C.
1282 897 1447 933 Passov.
1471 893 1524 932 ad
1544 893 1630 931 Sat.
1651 894 1690 942 1,

136 970 178 1019 3,
203 970 272 1010 85.
307 967 491 1007 Schmid.
522 967 574 1007 ad
602 968 730 1019 Epist.
757 967 798 1014 2,
830 965 869 1014 1,
899 965 967 1005 21.
995 971 1035 1002 et
1061 963 1224 1003 Mitsch.
1258 963 1310 1002 ad
1345 962 1419 1002 Od.
1444 964 1486 1013 3,
1517 962 1587 1012 29,
1623 963 1690 1003 12.

137 1038 348 1076 Praeterea
370 1035 467 1075 huic
492 1038 582 1076 loco
599 1037 734 1073 lucem
754 1032 869 1071 affert
887 1034 1054 1073 Aristot.
1074 1034 1219 1086 Topic.
1236 1031 1276 1084 4,
1298 1035 1337 1075 1.
1366 1027 1417 1074 ου’
1440 1028 1516 1086 γοῖρ
1542 1029 1573 1084 ἦ
1592 1025 1692 1086 ὀργή

136 1108 209 1159 τῆς
231 1101 378 1158 λύπης,
407 1101 498 1146 ἄλλ’
521 1103 550 1158 ἦ
571 1100 678 1156 λύπη
695 1105 770 1155 τῆς
788 1097 908 1156 ὀργῆς
927 1101 1048 1142 αἰτία.

249 1175 297 1213 V.
324 1174 392 1214 61.
424 1171 769 1211 Dum—inulto.
834 1171 911 1217 Qui
936 1169 1000 1207 od.
1034 1169 1185 1207 inculto
1211 1183 1284 1222 pro
1314 1168 1502 1208 Ablativo
1528 1166 1692 1218 habent,

137 1241 221 1279 fere
252 1242 309 1280 sic
333 1243 665 1294 interpretantur:
703 1238 959 1290 „Poenitebit
994 1251 1088 1275 eum
1120 1239 1219 1289 ejus,
1251 1237 1362 1292 quod
1390 1238 1549 1288 fecerit,
1581 1237 1692 1288 dum,

138 1316 184 1347 ut
203 1311 386 1347 animum
411 1310 613 1349 vindictae
632 1311 800 1361 plenum
826 1313 990 1355 saturet,
1017 1308 1100 1344 sive
1124 1308 1259 1346 animo
1279 1320 1360 1345 non
1380 1308 1537 1357 satiato,
1566 1305 1694 1346 vehe-

139 1386 298 1416 menter
322 1379 450 1416 fertur
476 1377 527 1416 ad
554 1378 817 1417 vindictam.“
885 1376 930 1413 C.
963 1376 1128 1414 Passov.
1162 1376 1234 1426 „in
1272 1377 1520 1428 entziigelter
1557 1374 1694 1415 Rach-

141 1444 300 1485 sucht.“
359 1447 435 1494 Qui
459 1460 532 1498 pro
553 1447 712 1495 Dativo,
747 1446 830 1483 fere
860 1445 940 1483 sic:
971 1443 1099 1494 „dum
1122 1445 1300 1483 violento
1317 1445 1474 1496 impetu
1495 1445 1694 1484 ultionem

141 1515 226 1565 ejus
254 1521 452 1567 properat,
483 1513 534 1552 ad
563 1513 782 1552 vindictam
814 1514 898 1564 ejus
934 1514 1074 1562 fertur,
1106 1525 1230 1566 quem
1261 1511 1388 1551 odit.“
1445 1514 1530 1551 Alii
1562 1515 1692 1564 aliter,

138 1581 223 1621 vid.
241 1583 385 1621 Lamb.
413 1589 452 1620 et
468 1581 648 1621 Hoched.
707 1585 841 1635 Atque
863 1580 975 1620 haud
993 1583 1090 1630 scio,
1120 1595 1171 1618 an
1194 1581 1341 1619 rectius
1366 1594 1449 1620 vox
1470 1583 1600 1621 inulto
1626 1584 1694 1621 in-

139 1656 222 1688 star
249 1650 457 1703 Partibipii
491 1651 591 1703 perf’.
619 1665 729 1703 pass.
761 1651 1052 1703 significatione
1078 1649 1292 1702 potentiali
1321 1649 1573 1702 intelligatur
1597 1653 1626 1690 i.
1658 1666 1695 1691 e.

140 1717 232 1758 odio
250 1720 482 1769 insatiabili,
513 1722 662 1769 animo,
693 1721 764 1772 qui
786 1721 942 1772 expleri
962 1720 1117 1772 nequit,
1148 1718 1243 1770 quia
1268 1717 1407 1755 odium
1425 1732 1501 1756 nec
1525 1719 1696 1759 modum

138 1800 214 1825 nec
242 1787 366 1825 finem
387 1786 522 1825 habet.
581 1790 641 1826 Ita
673 1788 746 1827 Od.
769 1790 807 1838 1,
833 1786 901 1838 24,
922 1790 961 1829 7.
994 1789 1227 1837 incorrupta
1237 1786 1350 1835 fides
1360 1801 1377 1835 ,·
1408 1785 1483 1825 Od.
1511 1790 1553 1838 2,
1580 1789 1621 1838 6,
1648 1790 1690 1830 2.

146 1855 345 1894 Cantaber
373 1856 574 1903 indoctus,
605 1865 643 1895 et
675 1870 778 1910 quae
805 1863 901 1895 sunt
925 1857 1086 1904 similia,
1121 1854 1171 1893 de
1194 1855 1340 1907 quibus
1362 1853 1554 1894 dixerunt
1581 1859 1696 1896 Heu-

141 1925 286 1976 singer.
314 1923 367 1962 ad
394 1925 476 1963 Cic.
505 1925 554 1963 de
584 1926 697 1964 Offic.
730 1927 768 1976 1,
802 1927 868 1975 17,
903 1926 944 1966 9.
975 1932 1014 1963 et
1034 1926 1160 1962 Kritz.
1188 1923 1241 1961 ad
1259 1924 1427 1963 Sallust.
1448 1926 1544 1977 Jug.
1563 1928 1634 1976 76,
1658 1929 1696 1968 1.

140 1994 188 2031 In
208 2005 372 2030 sensum
393 1992 509 2031 Ovid.
531 1995 627 2032 Met.
653 1994 692 2044 5,
723 1993 820 2034 668.
851 1992 1007 2031 Ibimus
1035 1994 1079 2030 in
1101 2007 1258 2044 poenas·
1281 1999 1335 2039 et,
1365 2007 1444 2044 quo
1468 2001 1586 2031 vocat
1614 1996 1696 2043 ira,

143 2073 365 2112 sequemur.
397 2059 499 2098 lbid.
522 2062 562 2110 6,
591 2062 686 2102 671.
731 2062 874 2099 Tereus
898 2061 1046 2099 dicitur
1073 2061 1206 2099 dolore
1232 2075 1304 2098 suo
1324 2075 1558 2114 poenaeque
1581 2065 1697 2115 cupi-

142 2128 235 2166 dine
260 2127 386 2166 velox.
420 2128 563 2167 senec.
593 2127 643 2166 de
670 2130 735 2166 Ira
761 2128 801 2177 3,
830 2130 870 2169 1.
907 2129 1044 2166 Cetera
1072 2130 1172 2166 vitia
1194 2129 1408 2179 impellunt
1430 2131 1604 2177 animos,
1633 2133 1698 2169 ira

139 2197 396 2248 praecipitat.
428 2195 488 2234 Id.
516 2197 554 2246 1,
587 2198 654 2238 16.
685 2198 748 2234 ira
767 2196 957 2248 festinat.
990 2198 1156 2236 Aristot.
1183 2195 1315 2234 Ethic.
1340 2196 1572 2236 Nicomach.
1594 2202 1634 2249 7,
1654 2201 1696 2241 7.

143 2263 170 2307 o‘
186 2263 335 2317 θυμός,
366 2261 433 2305 δια
458 2260 688 2318 θερμότητα
717 2263 786 2304 καὶ
806 2261 1003 2316 ταχύτητα
1024 2268 1096 2318 τῆς
1125 2261 1287 2317 φύσεως
1303 2260 1483 2313 ἀκούσας
1501 2265 1587 2318 μέν,
1621 2264 1698 2308 οὔκ

143 2330 337 2387 ἐπίταγμα
359 2330 404 2374 δὲ
421 2328 614 2382 οἷκούσας,
642 2332 746 2389 ὁρμᾷ
762 2329 866 2386 πρός
883 2330 959 2386 τήν
975 2333 1181 2386 τιμωρίαν.
1207 2331 1412 2385 Chrysost.
1431 2332 1480 2371 de
1499 2335 1694 2376 sacerdot.

145 2397 187 2451 3,
205 2399 271 2442 14·
299 2398 430 2454 θυμὸς
455 2398 625 2450 ἄτακτος
640 2401 708 2442 καὶ
731 2399 829 2454 μετοῖ
847 2403 996 2453 πολλῆς
1022 2396 1240 2454 φερόμενος
1260 2403 1332 2453 τῆς
1353 2396 1499 2455 ῥύμης.

256 2471 304 2509 V.
325 2471 394 2511 62.
424 2470 495 2508 Ira
503 2470 631 2522 saror
646 2469 776 2508 brevis
793 2476 862 2506 est.
923 2470 1102 2522 Antiqua
1121 2481 1204 2507 vox
1229 2475 1268 2506 et
1284 2470 1326 2506 in
1349 2482 1415 2508 ore
1432 2468 1570 2511 habita
1585 2474 1696 2513 mul..

145 2543 292 2576 torum.
348 2535 534 2576 Philemo
574 2537 637 2576 ed.
667 2536 845 2577 Meinek.
873 2551 915 2590 p.
943 2535 1041 2579 417.
1071 2532 1324 2589 Μαινόμεθα
1356 2536 1516 2591 πάντες,
1545 2539 1696 2584 ὁπόταν

148 2600 412 2658 ὀργιζόμεθα.
442 2607 557 2645 Plato
579 2606 628 2644 de
650 2608 777 2660 Legg.
802 2609 868 2649 12.
891 2621 931 2659 p.
951 2606 1047 2655 977,
1068 2607 1117 2643 D·
1138 2607 1350 2659 μαίνονται
1369 2606 1442 2660 μὲν
1460 2603 1536 2650 οὖν
1554 2610 1696 2652 πολλοὶ

147 2675 310 2720 πολλοῖς
329 2668 504 2726 τρόποις.
533 2694 591 2704 —
627 2675 702 2716 εἶσὶ
721 2674 764 2717 δὲ
783 2677 824 2717 οἳ
848 2672 915 2716 διοῖ
931 2676 1071 2728 θυμοῦ
1088 2672 1218 2727 κακήν
1238 2671 1368 2726 φύσιν
1388 2683 1463 2716 etc.
1492 2678 1577 2716 Cat.
1593 2679 1694 2718 min.

149 2753 213 2792 ap.
242 2739 353 2779 Stob.
379 2740 474 2790 175,
502 2742 594 2783 33.:
639 2741 720 2785 Τόν
742 2739 1004 2799 ὀργιζόμενον
1030 2737 1162 2795 νόμιζε
1195 2746 1272 2784 τοῦ
1294 2744 1537 2798 μαινομένου
1565 2744 1694 2804 χρόνῳ

149 2806 368 2861 διαφέρειν.
397 2810 476 2847 Nil.
509 2824 573 2863 ap.
603 2812 723 2852 Orell.
758 2814 788 2850 Ι.
822 2812 890 2853 60.
916 2825 957 2863 p.
980 2811 1077 2852 326.
1116 2808 1270 2861 Κόλαζε
1288 2809 1357 2854 τὸν
1375 2810 1522 2868 θυμόν,
1549 2817 1696 2869 μανίας

148 2870 226 2930 γάρ
250 2875 330 2916 ἔστι
356 2874 488 2931 πατὴρ
515 2875 561 2920 mi
594 2878 737 2934 μέτρον
761 2875 1026 2934 ἐξερχόμενος.
1057 2878 1223 2919 Macedo
1247 2880 1344 2920 ibid.
1364 2884 1397 2921 1.
1425 2897 1466 2936 p.
1481 2885 1579 2927 678.
1613 2887 1696 2939 Τῆς

150 2938 379 2996 ὄξνθυμίας
405 2942 448 2988 vd
478 2943 607 3000 ἄχθος
636 2948 773 3000 μανία.
802 2948 845 2988 S.
871 2949 987 2988 Nilus
1010 2947 1107 2986 ibid.
1137 2950 1189 2988 11.
1206 2963 1247 3004 p.
1264 2949 1386 2994 428.:
1413 2947 1533 3008 Ὀργῇ
1557 2950 1696 3003 πάθος
