2028 3268
130 240 187 284 47
243 237 629 281 COMMENTARII
646 239 706 279 IN
722 236 953 280 HORATII
977 237 1079 280 LIB.
1098 237 1129 277 I.
1150 235 1320 277 EPIST.
1341 234 1547 284 QUART.
1593 234 1679 278 237

132 379 208 418 que
238 370 366 405 tamen
387 376 514 403 errare
537 376 601 402 eos
621 367 731 414 puto,
758 363 822 413 qui
838 362 932 400 haee
949 360 1064 400 verba
1081 363 1131 401 ad
1148 362 1273 413 ipsum
1292 360 1486 400 Tibullum
1500 362 1682 414 referant,

133 448 246 486 quem
262 435 324 472 hic
344 432 520 483 castigari
536 431 747 482 complures
768 431 915 484 opinati
933 434 1024 468 sunt
1039 431 1266 482 interpretes
1283 430 1530 480 morosiores,
1559 430 1598 468 in
1616 430 1681 468 iis-

133 516 208 554 que
233 506 383 554 praeter
400 505 546 539 ceteros
575 500 788 537 Dacerius.
847 498 999 552 Etenim
1023 512 1120 548 quae
1144 499 1204 537 hic
1225 502 1561 538 commemorantur
1580 499 1682 537 vitae

131 571 391 621 incommoda,
425 582 473 607 ea
511 569 549 606 in
591 568 775 619 optimum
805 579 992 618 quemque
1023 568 1158 606 cadere
1196 568 1279 618 quis
1317 571 1377 606 est
1414 567 1480 617 qui
1509 566 1681 605 nesciat?

132 639 274 686 Quidni
303 639 343 676 in
363 635 557 675 Tibullum
583 636 786 687 malarum,
810 648 904 685 quas
931 648 1036 673 amor
1061 648 1171 674 curas
1202 636 1340 686 habet,
1370 648 1447 673 non
1479 633 1682 685 ignarum?

132 705 327 746 Sententia
349 706 465 756 igitur
482 708 602 742 esset:
631 732 657 755 „
667 705 729 755 Si,
755 715 1025 754 quemcumque
1045 703 1144 741 vitae
1165 704 1264 741 diem
1286 705 1337 741 dii
1368 703 1436 740 tibi
1460 703 1681 754 largientur,

132 787 218 812 eum
243 777 478 824 postremum
502 785 585 810 esse
612 772 785 823 putabis,
813 771 902 822 fiet,
933 774 976 808 ut
1007 774 1046 808 te
1069 784 1192 821 neque
1219 785 1344 809 rerum
1362 772 1572 810 futurarum
1591 784 1684 823 spes

133 842 291 881 timorve
314 841 563 892 perturbent,
589 853 712 890 neque
731 840 987 891 praesentium
1005 852 1094 877 cura
1111 843 1178 877 aut
1198 840 1306 878 dolor
1328 840 1567 878 conficiant.“
1596 841 1684 878 Sin-

133 909 224 960 gula
258 913 384 947 autem
416 908 531 946 verba
558 922 669 958 spem
697 922 913 960 curamque
936 912 1007 946 etc.
1031 908 1238 946 accuratius
1263 909 1486 959 Doerc'ngc'o
1506 908 1684 960 explicuit

132 977 362 1015 Scholiastes
394 976 575 1027 Cruquii,
605 988 716 1025 quem
739 977 817 1027 jam
842 977 882 1014 in
909 975 1156 1013 annotatione
1177 975 1304 1013 critica
1329 975 1485 1013 laudare
1507 988 1683 1013 necessa-

131 1047 227 1083 rium
246 1045 367 1082 visum
383 1047 455 1084 est.
514 1043 568 1081 At
588 1044 759 1094 argutius
783 1058 897 1094 quam
918 1044 1042 1081 verius
1062 1043 1296 1080 Hocheder:
1329 1044 1450 1092 „Nur
1470 1057 1579 1082 wenn
1596 1057 1684 1082 man

131 1115 235 1150 inter
253 1113 293 1150 in
314 1113 400 1150 dem
417 1112 535 1150 Sinne
554 1114 674 1164 fasst,
704 1114 792 1151 dass
811 1125 851 1149 es
869 1113 930 1150 die
951 1111 1166 1150 Mittellinie
1198 1111 1390 1160 benenne,
1421 1112 1482 1149 die
1499 1113 1686 1150 zwischen

131 1181 254 1231 Sorge
284 1181 362 1218 und
389 1181 593 1232 Hoffnung
624 1186 696 1220 etc.
724 1181 910 1231 hinlaust,
950 1181 1048 1218 ohne
1069 1193 1144 1218 von
1174 1181 1275 1218 einer
1296 1179 1418 1217 dieser
1436 1180 1685 1219 Storerinnen

130 1248 399 1288 menschlicher
428 1248 728 1300 Gliickseligkeit
765 1249 921 1287 beriihrt
950 1263 998 1287 zu
1029 1249 1202 1300 werden,
1243 1248 1366 1287 erhiilt
1400 1249 1469 1286 der
1500 1249 1687 1287 Gedanke

131 1318 282 1356 wahren
300 1317 633 1368 Zusammenhang
650 1318 719 1356 mit
736 1318 822 1355 dem
841 1317 1043 1356 Ganzen.“
1099 1318 1260 1356 Saniora
1280 1318 1328 1355 de
1347 1316 1460 1367 hujus
1478 1317 1688 1369 particulae

131 1386 408 1437 significatione
431 1386 542 1424 docet
564 1386 764 1424 Handius
781 1387 820 1424 in
839 1386 1000 1424 Tursell.
1020 1385 1086 1423 ΙΙΙ.
1104 1400 1143 1438 p,
1163 1383 1261 1426 405.

246 1453 293 1492 V.
330 1454 396 1494 13.
427 1450 493 1492 14.
559 1453 729 1491 Omnem
759 1455 872 1491 crede
897 1476 956 1482 —-
985 1453 1097 1497 hora,
1158 1454 1319 1505 Mortis,
1358 1464 1457 1503 quae
1494 1451 1556 1490 hic
1587 1456 1688 1492 tecte

131 1522 389 1573 significatur,
419 1521 600 1572 cogitatio
620 1523 703 1572 ipsa
725 1526 784 1561 est
801 1523 905 1574 apud
929 1526 1074 1560 veteres
1092 1523 1295 1574 scriptores
1313 1522 1372 1559 vel
1401 1521 1451 1558 ad
1474 1522 1688 1573 „capienda

131 1591 233 1629 dona
258 1591 471 1642 praesentis
497 1590 648 1629 horae“
677 1590 736 1628 vel
761 1592 812 1629 ad
844 1595 945 1628 recte
971 1591 1174 1629 vivendum
1203 1590 1424 1641 gravissima
1455 1591 1687 1632 adhortatio.

131 1658 194 1699 Cf.
213 1658 292 1698 Od.
322 1659 370 1706 1,
402 1655 451 1708 4,
489 1658 557 1698 13.
588 1671 674 1708 sqq·
711 1660 761 1708 2,
789 1658 836 1708 3,
859 1658 925 1699 13.
949 1671 1034 1709 sqq.
1059 1660 1110 1709 2,
1143 1659 1223 1709 11,
1252 1659 1320 1699 11.
1352 1659 1400 1707 2,
1422 1655 1496 1708 14,
1518 1659 1683 1709 10.sqq.

133 1727 184 1776 2,
214 1726 288 1775 18,
318 1725 386 1766 29.
415 1739 500 1776 sqq.
530 1726 578 1777 3,
610 1727 656 1776 1,
690 1726 756 1767 15.
788 1738 875 1776 sqq.
909 1726 960 1776 3,
991 1728 1042 1777 7,
1074 1725 1140 1766 14.
1171 1740 1258 1777 sqq.
1300 1726 1349 1776 3,
1380 1721 1459 1775 24,
1490 1726 1613 1767 1—8.
1645 1724 1688 1773 4,

134 1793 211 1844 12,
235 1793 302 1833 26.
337 1790 388 1843 4,
410 1795 459 1845 7,
479 1795 547 1836 21.
577 1795 661 1833 Sat.
691 1796 740 1845 2,
770 1794 819 1844 6,
859 1793 1043 1835 95—97.
1101 1794 1204 1834 Pers.
1238 1794 1286 1846 5,
1320 1794 1559 1835 151—-153,
1617 1795 1686 1834 Ja-

132 1860 233 1899 cobs.
270 1861 319 1899 ad
348 1859 494 1901 Delect.
531 1862 666 1914 Epigr.
715 1864 766 1911 7,
820 1862 887 1903 28.
927 1875 968 1912 p,
994 1863 1089 1903 236.
1136 1864 1200 1902 Sic
1225 1862 1389 1902 Martial.
1430 1860 1480 1913 4,
1529 1860 1608 1914 54,
1643 1864 1684 1904 3.

136 1929 185 1966 Si
210 1930 348 1980 sapis,
391 1932 519 1968 utaris
551 1933 641 1969 totis
651 1959 668 1978 ,
711 1929 848 1969 Coline
875 1929 1044 1978 diebus,
1078 1932 1394 1984 Extremumque
1431 1930 1506 1968 tibi
1533 1946 1687 1983 semper

132 1996 270 2034 adesse
280 2004 414 2047 pute-5.
472 1998 532 2038 Id.
553 2000 630 2050 10,
659 1996 736 2050 47,
764 1998 831 2039 13.
890 1999 1022 2038 Senec.
1037 1999 1162 2053 Epist.
1191 2001 1259 2041 61.
1308 2001 1365 2039 Id
1381 2014 1460 2052 ago
1474 2028 1489 2046 ‚
1520 2007 1566 2038 ut
1585 2001 1688 2038 milu'

134 2067 265 2103 instar
295 2066 415 2103 totius
443 2067 550 2104 vitae
579 2067 633 2103 sit
659 2067 754 2108 dies.
813 2067 913 2104 Non
933 2074 1132 2119 tanquam
1154 2069 1343 2107 ultimum
1363 2070 1479 2118 rapio
1495 2097 1512 2115 ,
1541 2070 1614 2107 sed
1630 2073 1690 2108 sic

133 2132 253 2170 illum
273 2134 424 2184 aspicio
441 2161 458 2179 ,
487 2141 684 2186 tanquam
701 2147 781 2171 esse
799 2135 866 2172 vel
885 2135 1053 2173 ultimus
1075 2138 1218 2186 possit.
1267 2137 1325 2176 Id.
1347 2137 1472 2188 Epist.
1497 2138 1564 2178 12.
1619 2139 1690 2176 Sic

134 2201 386 2239 ordinandus
408 2208 464 2239 est
483 2202 567 2239 dies
587 2203 741 2247 omnis,
771 2211 968 2255 tanquam
989 2211 1106 2256 cogat
1124 2216 1272 2253 agmen
1304 2210 1341 2239 et
1357 2197 1602 2242 consummet
1622 2213 1690 2243 at-

137 2284 215 2322 que
233 2270 390 2322 expleat
406 2272 544 2308 vitam.
611 2271 692 2321 Qui
710 2284 844 2308 omne-s·
866 2272 950 2309 dies
966 2278 1165 2323 tanquam
1193 2271 1383 2308 ultimum
1400 2273 1585 2319 ordinat,
1616 2288 1689 2312 neo

133 2347 248 2391 optat
275 2341 497 2377 crastinum
522 2352 594 2375 nec
624 2339 745 2378 timet.
801 2339 862 2376 Id.
893 2339 1018 2391 Epist.
1052 2339 1119 2379 93·
1179 2339 1278 2376 Nm
1306 2340 1365 2377 acl
1389 2354 1479 2377 eum
1502 2342 1606 2378 diem
1627 2355 1691 2378 me

137 2410 283 2459 aptavi
291 2437 308 2455 ,
339 2423 457 2460 quem
480 2407 670 2445 ultimum
685 2407 789 2445 mihi
803 2421 892 2458 spes
915 2409 1042 2445 arida
1056 2409 1324 2458 promiserat,
1348 2409 1421 2446 sed
1433 2410 1595 2447 nullum
1609 2423 1691 2448 non

137 2482 336 2528 tanquam
368 2477 559 2515 ultimum
585 2477 737 2527 aspexi.
795 2475 920 2526 Epist.
957 2477 1052 2516 101.
1116 2476 1186 2513 Sic
1214 2476 1445 2527 firmemus
1486 2479 1689 2525 animum,

139 2550 336 2594 tanquam
364 2546 423 2584 ad
445 2552 620 2583 extrema
651 2551 815 2583 ventum
842 2545 920 2592 sit;
962 2543 1070 2580 nihil
1099 2543 1363 2596 ‹lcfferamuae
1401 2545 1577 2596 quotidie
1598 2561 1690 2584 cum

137 2612 223 2649 vita
251 2614 378 2662 paria
407 2615 630 2665 faciamus.
688 2612 746 2652 Id.
781 2612 907 2664 Epist.
939 2610 1034 2654 114.
1066 2613 1113 2649 de
1140 2612 1202 2650 Ira
1229 2613 1277 2663 3,
1305 2611 1374 2655 42.
1434 2613 1586 2652 Petron.
1620 2615 1688 2656 99.

137 2678 250 2731 (ibiq.
269 2679 419 2733 Burm.)
475 2682 567 2734 Ego
589 2683 648 2719 sic·
667 2695 821 2732 semper
842 2688 879 2717 et
898 2679 1047 2732 ubique
1066 2681 1172 2726 rixi,
1210 2689 1256 2718 ut
1279 2682 1466 2719 ultimam
1488 2696 1690 2734 quamque

139 2748 286 2795 lucem,
311 2756 507 2801 tanquam
527 2764 608 2788 non
625 2751 864 2800 redituram,
897 2763 1178 2789 consumerem.
1207 2749 1373 2800 Epictet.
1393 2750 1543 2789 Enchir.
1568 2765 1599 2792 c.
1621 2752 1687 2793 21.

138 2817 197 2854 ed.
242 2817 368 2867 Heyn.
432 2814 616 2866 θάνατος
653 2815 733 2871 πρό
767 2814 997 2870 ὀφθαλμῶν
1041 2817 1138 2857 ἔστω
1180 2830 1243 2858 σοι
1283 2814 1378 2859 καθ’
1420 2818 1576 2874 ἡμέραν
1618 2818 1689 2861 καὶ

142 2878 263 2924 οὐδὲν
294 2883 491 2927 ου’δέποτε
519 2883 710 2927 ταπεινὸν
737 2883 1011 2939 ἐνθυμηθήσῃ
1041 2888 1112 2922 etc.
1178 2885 1297 2927 Marc.
1327 2886 1512 2929 Antonin.
1540 2890 1588 2938 7,
1619 2887 1687 2929 29.

138 2962 177 3000 P·
205 2950 299 2992 218·
335 2952 476 2991 Gatak·
515 2950 712 3008 ἐννόησον
753 2951 830 3006 τὴν
859 2951 1029 3006 ἐσχάτην
1058 2950 1182 3006 ὤραν.
1239 2954 1297 2993 Id.
1330 2958 1380 3008 7,
1414 2957 1483 2997 69.
1518 2970 1558 3008 p.
1588 2951 1686 2997 234.
