2054 3268
610 256 751 295 LIBRI
779 257 811 294 Ι.
869 253 1135 294 EPISTOLA
1167 255 1198 292 I.
1657 248 1686 287 9

193 368 386 431 Impiger
414 374 634 417 extremos
665 371 802 417 curris
830 374 1049 416 mercator
1074 368 1130 413 ad
1159 367 1309 428 Ιῃᾰοε,

1629 365 1685 407 45

193 449 282 494 Per
310 465 429 496 mare
454 452 704 512 pauperiem
732 449 925 511 fugienS‚
959 462 1039 510 per
1067 463 1193 509 saxa,
1228 462 1309 509 per
1325 448 1464 509 ignis:

194 529 264 575 Ne
291 544 416 575 eures
447 545 517 592 ea,
555 546 664 591 quae
688 530 821 576 stulte
848 531 1019 575 miraris
1048 534 1093 575 et
1121 534 1265 590 optaS,

194 609 373 655 Discere
403 615 447 656 et
475 611 623 656 audire
652 614 696 656 et
721 610 889 656 meliori
920 609 1099 654 eredere
1130 624 1217 654 non
1240 605 1339 654 vis?

197 689 303 746 Quis
331 691 487 736 circum
515 706 655 752 pagos
687 695 731 736 et
758 692 915 736 circum
943 691 1130 750 compita
1157 702 1337 749 pugnax

196 769 364 832 Magna
393 772 591 816 coronari
619 775 863 816 contemnat
891 770 1224 835 Olympia7‘cui
1253 782 1372 828 spes7

197 848 282 896 Cui
307 841 364 896 sit
386 850 572 896 conditio
604 850 740 896 dulcis
768 853 863 896 sine
892 851 1072 912 pulvere
1102 838 1331 910 palmae&

130 1016 337 1062 Quanquam
361 1028 430 1052 non
453 1017 601 1052 omnium
624 1028 690 1064 par
713 1023 769 1052 est
782 1017 875 1052 ratio

129 1074 303 1119 locorum,
342 1078 440 1109 recte
469 1080 584 1109 tamen
616 1074 652 1109 h.
684 1075 710 1109 l.
745 1076 876 1111 factum

129 1133 292 1167 arbitror.
347 1132 442 1166 Male
474 1132 615 1178 plurimi
646 1138 728 1179 post
760 1134 878 1169 labore

129 1195 295 1236 punctum
314 1195 461 1236 ponunt.
490 1190 635 1224 Rectius
659 1191 876 1236 Oberlinius,

126 1247 296 1292 Jahnius,
321 1247 497 1292 Schmid.,
520 1247 630 1282 Doer.
656 1248 718 1282 alii
741 1248 877 1283 duobus

129 1305 269 1350 punctis
291 1304 463 1349 incidunt,
486 1308 526 1339 ut
548 1317 610 1339 vv.
634 1304 789 1341 42—46
811 1307 877 1340 du-

129 1362 254 1408 plicem
281 1362 431 1396 habeant
453 1362 613 1406 protasin
636 1369 672 1397 et
690 1375 726 1397 v.
743 1361 803 1398 47.
817 1362 877 1399 48.

130 1419 315 1467 apodosin.
336 1420 390 1454 De
413 1418 620 1453 confusione
635 1422 760 1455 vocab.
778 1421 878 1455 labor

130 1483 167 1513 et
194 1478 294 1512 dolor
321 1490 358 1513 v.
383 1478 504 1511 Burin.
541 1476 586 1511 ad
614 1477 723 1512 Anth.
756 1478 819 1513 lat.
844 1480 875 1513 Ι.

128 1547 167 1581 Ρ.
198 1535 278 1570 150.
337 1535 438 1569 Cort-
472 1534 517 1568 ad
547 1534 682 1570 Lucan.
717 1537 759 1581 2,
791 1536 874 1572 317.

128 1591 272 1626 Lachm.
295 1592 340 1626 ad
361 1591 469 1638 Prop.
494 1604 532 1638 Ρ.
556 1593 614 1628 70.

172 1649 220 1684 V.
239 1647 298 1684 45.
321 1650 444 1685 currit.
474 1649 545 1684 Ms.
571 1649 693 1685 Jaeck.
719 1650 754 1686 6.
801 1650 874 1686 Ed.

127 1706 261 1742 Bersm.
285 1707 344 1742 Cf.
369 1707 413 1741 ad
435 1707 469 1750 2,
495 1707 553 1743 23.
583 1727 631 1733 -
661 1708 708 1742 V.
731 1708 788 1743 46.
813 1720 876 1754 per

126 1765 258 1811 ignem.
288 1764 359 1799 Ms.
381 1765 503 1799 Jaeck.
528 1765 564 1801 5.
612 1765 752 1812 Scripsi
778 1766 876 1812 ignis

128 1834 193 1869 pro
210 1824 312 1868 ignee
326 1833 402 1856 cum
418 1821 578 1868 Bentlejo
593 1823 753 1869 aliisque,
771 1835 874 1869 quam

127 1880 305 1915 scribendi
323 1881 495 1915 rationem
517 1886 599 1927 pete
623 1893 645 1916 a
673 1881 875 1917 doctissima

127 1937 319 1972 Kirchneri
338 1938 383 1972 ad
406 1938 517 1973 Satir.
540 1951 578 1985 p.
602 1938 780 1974 LXXXII
793 1952 873 1986 sqq.

130 1994 384 2041 disputatione3
409 1995 457 2029 cf.
475 1996 682 2031 Schneider.
701 1997 875 2033 Formen—

130 2051 227 2086 lehre
249 2064 286 2098 p.
306 2053 388 2088 269.
410 2052 527 2087 Kritz.
552 2053 597 2087 ad
620 2054 709 2088 Sall.
734 2056 814 2090 Cat.
842 2057 875 2100 1,

134 2109 168 2143 1.
192 2113 230 2142 et
250 2119 339 2154 quos
362 2108 494 2143 indicat
504 2109 609 2144 Jahn.
626 2111 670 2146 ad
685 2112 788 2158 Virg.
805 2113 875 2147 Ge.

134 2167 167 2210 1,
191 2165 252 2201 25.
279 2185 328 2191 -
358 2166 523 2211 Wakefi,
547 2179 650 2213 quem
672 2180 749 2214 seq.
773 2170 876 2204 Hun-

130 2228 207 2267 ter,
238 2223 289 2257 ita
321 2223 511 2268 distinguit
540 2237 576 2259 v.
603 2224 662 2260 45.
688 2226 752 2261 46:
788 2227 876 2272 Imp.

129 2285 217 2315 extr.
246 2292 277 2316 c.
292 2291 337 2315 m.
354 2281 403 2314 ad
417 2282 531 2327 Indos,
555 2282 625 2317 Per
637 2294 745 2325 mare,
764 2295 878 2330 paup.

122 2337 284 2383 fugiens,
303 2349 340 2383 p.
359 2350 459 2382 saxa,
479 2351 517 2384 p.
538 2340 640 2385 ignes
662 2361 709 2367 —
732 2346 772 2376 ut
794 2354 877 2376 ver-

82 2394 85 2395 ’
129 2396 252 2430 borum
282 2395 368 2429 ordo
406 2403 443 2431 et
464 2409 588 2432 sensus
610 2398 676 2433 sit:
710 2398 877 2445 „Paupe-

129 2451 216 2488 riem
236 2452 389 2498 fugiens,
413 2455 526 2489 curris
550 2460 724 2490 mercator
747 2457 791 2491 ad
814 2458 876 2491 In-

129 2510 204 2555 dos,
228 2523 294 2557 per
313 2523 420 2556 mare,
441 2524 507 2558 per
529 2523 627 2558 saxa,
650 2525 716 2560 per
730 2514 879 2560 ignes!“

128 2567 318 2604 Distinetio
340 2569 522 2604 admodum
546 2572 719 2606 obscura!

174 2626 222 2660 V.
241 2626 299 2662 47.
322 2627 395 2663 Nec
410 2638 517 2662 cures.
541 2628 631 2662 Mss.
656 2629 755 2664 Feae
781 2633 813 2675 1,
838 2631 874 2666 k.

128 2683 174 2727 2,
197 2683 233 2718 d.
267 2685 310 2728 7,
333 2685 370 2719 b.
415 2685 496 2720 Non
518 2697 627 2721 cures.
652 2687 745 2723 Ibid.
772 2689 814 2733 1,
839 2701 875 2736 p.

130 2740 251 2775 Guelf.
277 2742 310 2776 1.

175 2798 220 2832 V.
244 2798 303 2834 48.
328 2799 458 2836 Dicere.
483 2800 570 2835 Mss.
593 2801 691 2837 Feae
711 2805 746 2847 2,
765 2804 791 2838 i.
816 2805 876 2839 Cf.

130 2855 240 2890 Drak.
266 2856 311 2890 ad
331 2856 414 2891 Liv.
439 2857 484 2902 6,
507 2857 572 2903 25,
596 2861 632 2895 9.
656 2879 703 2886 —
734 2862 876 2897 audere.

130 2912 201 2947 Ed.
217 2912 370 2958 Zarott„
394 2925 484 2960 quae
507 2916 684 2964 scriptura
706 2920 878 2965 probatur

131 2970 316 3015 Gesner03
350 2984 387 3006 v.
423 2973 657 3011 commentar.
705 2977 877 3012 Confusio

931 1017 1119 1052 verborum
1136 1016 1265 1050 andere
1281 1018 1317 1050 et
1331 1015 1458 1048 andire
1473 1012 1603 1058 ubique
1619 1014 1681 1046 ob-

932 1075 1012 1119 via,
1049 1086 1086 1108 v.
1111 1073 1223 1107 Drak.
1246 1072 1291 1107 ad
1314 1071 1396 1107 Liv.
1422 1073 1463 1116 6,
1492 1072 1555 1114 18,
1578 1071 1614 1105 7.
1637 1090 1684 1096 -

932 1133 980 1167 V.
1004 1131 1062 1167 49.
1086 1136 1254 1176 competa.
1279 1131 1342 1164 Sic
1366 1141 1431 1164 ms.
1457 1129 1569 1163 Goth.

978 1190 1026 1223 V.
1043 1189 1101 1225 50.
1127 1192 1362 1234 contempnat.
1389 1187 1452 1221 Sic
1474 1198 1558 1220 mss.
1579 1186 1683 1220 Dess.

934 1252 971 1281 et
992 1246 1109 1292 Lips.,
1134 1259 1170 1281 v.
1194 1257 1303 1292 supra
1325 1258 1362 1279 v.
1379 1246 1437 1280 29.
1462 1248 1684 1289 contemptat.

934 1304 1006 1338 Ms.
1021 1303 1124 1350 Lips.
1150 1304 1183 1338 1.
1209 1314 1230 1336 a
1253 1305 1290 1339 2.
1315 1315 1360 1337 m.
1385 1306 1588 1337 contemnet.
1611 1301 1683 1335 Ms.

933 1361 1055 1395 Jaeck.
1081 1360 1138 1402 5.;
1167 1360 1345 1406 scriptura
1367 1371 1432 1406 per
1454 1371 1494 1394 se
1516 1359 1684 1405 probabi-

932 1419 989 1463 lis,
1017 1418 1080 1453 sed
1102 1418 1177 1452 vid.
1194 1417 1314 1453 Klotz.
1339 1417 1384 1452 ad
1408 1417 1485 1452 Cic.
1508 1416 1609 1451 Lael.
1630 1418 1684 1460 17,

933 1477 990 1511 64.
1014 1496 1062 1502 —-
1086 1476 1244 1521 olimpia.
1269 1476 1332 1510 Sic
1353 1487 1436 1510 mss.
1458 1475 1580 1509 Guelf.
1599 1477 1632 1510 1.
1649 1475 1684 1509 3.

933 1546 1024 1568 omn.
1054 1534 1159 1568 Dess.
1195 1539 1231 1568 et
1264 1532 1367 1580 Lips.
1401 1533 1580 1577 olimpicu-
1614 1531 1685 1565 Ms.

933 1590 1055 1625 Guelf.
1078 1592 1114 1626 2.
1163 1590 1258 1625 Edd.
1284 1590 1387 1637 Lips.
1411 1590 1492 1625 514.
1535 1589 1683 1624 Erford.

930 1648 1013 1685 517.
1060 1648 1108 1684 At
1129 1648 1189 1683 illa
1213 1648 1359 1683 brevior
1380 1648 1503 1683 talium
1526 1647 1683 1693 Adjecti-

930 1718 1054 1742 vorum
1087 1706 1202 1741 forma
1227 1706 1380 1741 Horatio
1403 1710 1440 1741 et
1462 1705 1542 1740 aliis
1568 1705 1685 1752 poetis

930 1764 1063 1800 usitata
1085 1768 1160 1809 est,
1185 1775 1223 1798 v.
1247 1764 1365 1799 Bentl.
1392 1764 1436 1798 ad
1461 1764 1532 1798 Od.
1558 1765 1600 1807 1,
1625 1764 1684 1807 22,

931 1823 966 1857 2.
994 1822 1029 1866 2,
1049 1822 1104 1866 13,
1121 1823 1156 1857 8.
1178 1821 1335 1856 Schmid.
1353 1821 1397 1856 ad
1412 1821 1533 1867 Epist.
1554 1823 1610 1866 12,
1625 1822 1686 1857 20.

929 1880 1048 1914 Hand.
1068 1879 1111 1914 ad
1127 1880 1222 1914 Stat.
1239 1880 1330 1915 Silv.
1344 1879 1376 1913 Ι.
1394 1879 1521 1926 Ρ.450.
1547 1878 1689 1920 Quodsi

929 1938 1007 1972 Fea
1031 1937 1102 1972 Od.
1129 1938 1169 1982 1,
1197 1939 1235 1981 1,
1260 1939 1284 1973 3
1307 1937 1452 1983 scripsit
1475 1937 1688 1971 auctoritate

931 2008 1071 2031 suorum
1094 2006 1178 2030 mss.
1203 1995 1367 2030 innisus:
1394 1994 1603 2040 Olympium,
1627 2006 1685 2028 re—

932 2061 989 2089 cte
1010 2053 1140 2088 fecisse
1163 2053 1339 2099 putandus
1364 2059 1431 2087 est.
1480 2052 1538 2086 Cf.
1562 2051 1684 2086 Fritz-

932 2112 1024 2148 schii
1046 2113 1241 2146 comment.
1266 2111 1311 2145 de
1333 2109 1516 2155 Aristoph.
1532 2109 1686 2143 Daetall.

934 2182 970 2216 p.
995 2170 1054 2204 39.
1102 2169 1190 2203 Post
1228 2167 1394 2212 Olympia
1430 2166 1688 2212 interrogative

934 2227 1218 2271 distinguendum
1242 2226 1346 2259 docet
1360 2224 1549 2259 Ascensius
1565 2224 1685 2268 (item-

934 2295 1004 2328 que
1025 2283 1195 2328 Baxter),
1233 2283 1328 2328 quod
1363 2284 1435 2328 jam
1474 2282 1689 2327 improbavit

935 2341 1150 2375 Glareanus.
1197 2340 1231 2374 J.
1257 2340 1464 2374 Tunstallus
1488 2341 1580 2384 conj.
1605 2351 1687 2374 con-

933 2400 1072 2442 tendat,
1092 2398 1130 2432 in
1147 2409 1245 2433 suam
1260 2410 1332 2432 rem
1349 2398 1500 2432 afferens
1516 2409 1577 2432 vv.
1593 2398 1687 2432 42-

932 2456 991 2490 44.
1014 2456 1074 2491 47.
1098 2456 1157 2490 48.
1182 2455 1226 2489 Α.
1250 2455 1292 2489 Ρ.
1316 2454 1398 2490 412.
1423 2455 1501 2489 cic.
1524 2454 1627 2489 Brut.
1652 2466 1685 2488 c.

933 2514 992 2548 69.
1019 2513 1185 2548 Aeschin.
1210 2518 1325 2547 contr.
1343 2513 1504 2558 Ctesiph.
1520 2524 1552 2546 c.
1571 2513 1685 2548 60.—

932 2571 1070 2605 Verba:
1088 2571 1247 2606 coronari
1265 2570 1427 2615 Olympia
1442 2569 1561 2605 laudat
1569 2569 1684 2604 Prisc.

931 2628 995 2663 lib.
1022 2630 1079 2664 18.
1104 2642 1141 2675 Ρ.
1167 2629 1248 2664 744.
1274 2628 1331 2663 ed.
1353 2628 1438 2663 Bas.

979 2687 1026 2720 V.
1059 2687 1119 2721 51.
1169 2686 1269 2730 Quoi.
1316 2686 1388 2720 Ed.
1422 2685 1575 2731 Cuning.
1624 2685 1683 2719 Cf.

933 2744 1141 2778 Schneider.
1166 2745 1308 2779 Elmtrl.
1330 2758 1367 2791 p.
1387 2745 1469 2780 336.
1492 2763 1541 2769 —
1563 2743 1685 2778 condi-

933 2802 999 2836 cio.
1029 2802 1091 2835 Sic
1116 2813 1198 2836 mss.
1216 2803 1338 2837 Guelf.
1363 2815 1454 2838 omn.
1472 2802 1577 2836 Dess.
1594 2802 1629 2835 2.
1646 2801 1682 2835 3.

932 2860 1034 2906 Lips.
1059 2872 1150 2895 omn.
1169 2861 1280 2896 Goth.
1297 2861 1480 2906 (Gotting.
1506 2859 1684 2905 scriptura

933 2917 1036 2952 nobis
1069 2917 1219 2964 ignota)
1249 2918 1342 2954 Edd.
1366 2919 1502 2954 Bersm.
1526 2916 1682 2952 Schmid.

932 2975 1088 3010 Meiuek.
1125 2975 1307 3024 Braunh.‚
1342 2977 1416 3012 def.
1449 2975 1606 3011 Schmid.
1627 2976 1682 3010 lds
