2028 3268
374 259 458 301 230
507 254 882 296 COMMENTARII
897 254 954 293 IN
977 250 1355 291 HoRATllLIB.1.
1374 251 1536 291 EPIST.
1558 250 1754 298 QUART.
1823 249 1879 292 40

375 381 530 429 propter
549 390 611 415 aes
627 375 785 415 alienum
802 375 840 411 in
863 373 950 410 luxu
971 376 1010 410 et
1033 373 1198 422 nequitia
1218 374 1444 410 contractum
1463 373 1537 409 ruri
1557 373 1744 410 delituisse
1769 375 1880 421 atque

375 445 423 482 ab
441 444 598 481 Horatio
622 442 749 479 leviter
772 440 931 477 derisum
949 451 1029 477 esse
1053 440 1216 476 credant.
1271 437 1316 474 In
1344 437 1441 474 hunc
1461 450 1619 476 errorem
1640 438 1809 489 perducti
1827 438 1881 476 vi-

376 511 511 547 dentur
543 508 678 560 partim
704 507 791 544 locis
825 505 920 543 male
948 505 1164 555 intellectis,
1192 507 1234 540 ut
1257 504 1338 543 Sat.
1364 504 1411 553 1,
1440 501 1489 554 4,
1515 506 1579 544 28.
1604 505 1696 544 109.
1734 504 1822 542 Tib.
1843 505 1881 552 2,

377 574 425 626 4,
452 575 517 616 53.
545 572 595 623 4,
627 573 670 621 1,
700 572 808 621 182.,
831 573 968 623 partim
987 572 1148 609 absurda
1178 570 1240 608 illa
1268 569 1458 607 Barthiani
1485 570 1710 609 Glossatoris
1726 573 1883 608 annota-

377 643 477 679 tione
489 668 500 690 ,
520 652 632 688 quam
648 651 728 675 cum
741 638 937 676 lectoribus
955 637 1198 676 communicat
1215 636 1409 672 Bartlzias
1424 636 1461 673 in
1475 635 1569 674 Adv.
1585 637 1653 686 37,
1681 636 1758 686 19,
1777 636 1884 672 item-

377 719 448 757 que
466 705 743 742 Broaklzusius
759 706 810 743 ad
831 705 919 743 Tib.
934 703 974 755 4,
997 705 1035 755 1,
1054 705 1148 744 182.
1177 706 1215 740 et
1239 702 1449 753 Saringar.
1461 703 1526 740 ΙΙΙ.
1539 702 1680 754 Ρ.185.
1707 701 1744 738 Is
1762 705 1884 738 autem

379 771 647 809 Grammaticus
665 775 811 821 praeter
828 772 898 809 alia
911 771 1024 808 habet
1042 770 1149 807 haec:
1168 782 1277 819 „eum
1296 782 1362 819 per
1385 769 1537 807 ironiam
1551 769 1678 806 irridet
1693 767 1885 816 Horatius,

377 839 482 888 quasi
497 850 573 874 rem
592 837 683 874 bene
693 838 860 888 gesserit,
869 851 982 887 quum
996 838 1034 874 in
1048 838 1202 887 juventa
1217 835 1338 873 omnia
1350 835 1562 886 prodegerit
1578 838 1616 872 et
1630 838 1761 885 postea
1773 833 1886 872 versi-

379 905 446 941 bus
463 904 599 941 victum
614 905 844 952 quaesiverit.
881 904 982 954 Ergo
1002 903 1064 941 ubi
1077 915 1159 940 eum
1176 903 1316 951 laudat,
1336 914 1377 939 se
1397 902 1516 939 innuit
1535 902 1732 947 Horatius3
1756 900 1819 937 ubi
1833 899 1887 938 vi·-

378 974 527 1020 tuperat
540 983 580 1007 se
593 974 630 1007 et
637 970 836 1020 Epicurum
853 971 1030 1019 nominat,
1041 969 1188 1006 Albium
1202 968 1501 1018 intelligit,quem
1509 968 1702 1004 ridendum
1714 968 1778 1016 ait,
1787 966 1888 1016 quod

379 1037 593 1087 prodegerit
612 1037 746 1087 omnia,
763 1038 840 1087 jam
855 1037 944 1074 nihil
964 1037 1103 1074 habens
1127 1048 1213 1085 quo,
1234 1039 1275 1072 ut
1293 1035 1448 1084 solebat,
1458 1038 1580 1072 cutem
1599 1046 1726 1071 curare
1742 1032 1888 1084 possit“

378 1108 448 1141 etc.
506 1104 617 1141 Hunc
644 1103 829 1141 hominem
852 1115 920 1141 sua
939 1103 1106 1141 hausisse
1130 1106 1168 1140 et
1191 1102 1463 1152 conglutinasse
1479 1113 1523 1138 ex
1550 1101 1638 1138 locis
1657 1112 1770 1150 supra
1789 1098 1890 1150 posi-

379 1171 426 1207 tis
452 1174 490 1207 et
517 1171 613 1207 mala
646 1171 831 1221 scriptura
852 1183 885 1209 v.
912 1170 1021 1209 7-9
1043 1170 1117 1219 huj.
1135 1169 1270 1220 Epist.,
1302 1181 1408 1206 nemo
1434 1169 1503 1206 erit
1526 1168 1615 1216 quin
1635 1167 1789 1204 dubitet.
1843 1164 1890 1202 Ei

379 1241 503 1275 autem
530 1237 640 1273 fidem
661 1249 737 1275 non
764 1239 926 1286 denegat
945 1236 1139 1272 Barthius
1165 1236 1246 1286 ipse
1271 1235 1310 1272 in
1337 1234 1448 1273 Obss.
1472 1235 1529 1271 acl
1546 1235 1603 1271 D.
1625 1234 1663 1272 J.
1684 1231 1891 1270 Iuvenalis

379 1303 531 1341 scholia
561 1310 691 1340 vetera
720 1307 791 1343 etc.
820 1303 918 1340 edid.
939 1303 1095 1340 Fiedler.
1123 1301 1249 1340 Vesul.
1275 1302 1393 1342 1827.
1411 1314 1449 1351 p.
1471 1301 1564 1341 121.
1622 1299 1767 1344 Quodsi
1779 1310 1890 1347 quae-

378 1371 493 1420 ritur,
540 1383 614 1419 quo
654 1374 822 1420 tempore
851 1370 1032 1407 Horatius
1062 1369 1345 1407 familiaritatem
1369 1381 1450 1405 cum
1476 1366 1626 1404 Tibullo
1656 1364 1890 1410 contraxerit,

379 1437 551 1474 Iahnius
568 1437 607 1473 in
628 1436 809 1486 „Jahrbb.
828 1437 855 1473 f.
877 1435 1038 1476 Philol.“
1055 1440 1125 1475 etc.
1151 1435 1198 1473 II.
1221 1437 1258 1476 2.
1279 1448 1318 1484 p.
1338 1432 1443 1484 410,
1478 1434 1534 1472 cui
1557 1433 1757 1471 assentitur
1778 1430 1846 1469 W
1838 1432 1893 1481 εὴ-

381 1503 535 1541 cherlus
557 1503 584 1540 l.
606 1503 631 1540 1.
654 1516 692 1553 p.
721 1503 814 1544 233.
832 1503 926 1543 238.
939 1530 951 1553 ,
980 1503 1063 1540 illos
1090 1502 1285 1541 familiares
1305 1505 1430 1538 censet
1456 1501 1574 1538 factos
1587 1511 1669 1536 esse
1695 1498 1836 1536 circiter
1858 1509 1891 1535 a.

381 1584 420 1610 u.
443 1571 562 1620 727.‚
589 1581 683 1618 quae
709 1582 766 1606 res
795 1569 896 1607 haud
913 1571 988 1608 scio
1018 1583 1066 1607 an
1084 1570 1226 1618 aliquot
1240 1568 1345 1605 annis
1365 1570 1452 1604 ante
1471 1567 1668 1616 acciderit,
1698 1569 1741 1602 ut
1764 1565 1893 1614 opina-

381 1641 443 1674 tur
474 1637 517 1673 C.
535 1637 750 1672 Passovtas
780 1636 827 1674 N.
855 1637 947 1676 152.
1002 1636 1058 1674 Eo
1090 1640 1214 1673 autem
1242 1647 1339 1672 auno
1366 1634 1535 1671 Tibullus
1561 1631 1799 1684 popularibus
1817 1630 1893 1667 suis

380 1702 542 1738 innotuit
575 1706 711 1752 poeta,
750 1708 792 1739 ut
816 1703 1036 1752 perspicitur
1063 1715 1107 1739 ex
1136 1702 1235 1740 Ovid
1267 1701 1383 1739 Trist.
1416 1703 1460 1750 2,
1490 1697 1584 1739 464.
1640 1698 1684 1736 In
1710 1698 1780 1735 hoc
1816 1698 1894 1734 fere

381 1772 552 1818 tempus,
585 1781 697 1816 quum
728 1769 848 1805 editae
873 1768 920 1805 ab
950 1769 1108 1806 Horatio
1140 1772 1264 1805 essent
1289 1767 1435 1805 Satirae
1450 1793 1461 1815 ,
1489 1765 1682 1802 referenda
1711 1763 1894 1802 videbitur

381 1834 473 1872 haec
490 1834 681 1884 Epistola,
699 1839 896 1885 propterea
917 1836 1015 1883 quod
1033 1848 1109 1873 non
1129 1838 1187 1872 est
1205 1835 1279 1871 veri
1299 1834 1435 1882 simile,
1454 1831 1642 1870 Tibullum
1658 1831 1704 1868 ob
1719 1830 1895 1880 judicium

381 1901 565 1950 sobrium,
595 1902 696 1950 quod
722 1902 769 1938 de
787 1902 934 1938 Horatii
960 1902 1091 1938 Satiris
1122 1902 1272 1950 fecerit,
1307 1901 1470 1949 quinque
1500 1899 1557 1935 vel
1583 1911 1648 1935 sex
1679 1897 1785 1934 annis
1809 1899 1896 1946 post

383 1968 429 2005 ab
472 1968 600 2005 eodem
638 1972 747 2017 grata
782 1973 906 2005 mente
943 1981 1024 2005 esse
1059 1968 1262 2005 laudatum.
1328 1967 1431 2003 Idem
1463 1966 1627 2002 sentiunt
1654 1963 1896 2006 Schmidius,

392 2034 563 2071 Orellias
596 2034 645 2070 ad
671 2034 708 2072 h.
735 2034 783 2083 1.,
813 2034 1036 2070 Paldamas
1064 2035 1103 2071 in
1123 2034 1333 2071 Zimmerm.
1361 2032 1574 2069 Zeitschrift
1599 2031 1719 2071 1837.
1744 2043 1781 2081 Ρ.
1802 2026 1896 2068 934.

384 2102 510 2146 Quare
539 2100 715 2137 dissentio
744 2113 767 2137 a
790 2100 1014 2138 Weicherto
1027 2128 1042 2145 ,
1072 2101 1135 2149 qui
1154 2099 1220 2150 (de
1237 2101 1344 2137 Cass.
1363 2098 1486 2138 Parm.
1505 2111 1540 2147 p.
1565 2095 1675 2146 238.)
1695 2096 1790 2133 hanc
1808 2094 1897 2144 Epi-

383 2167 516 2205 stolam
550 2167 691 2204 circiter
719 2179 752 2204 a.
782 2180 820 2203 u.
843 2180 875 2206 c.
902 2166 998 2206 733.
1022 2179 1088 2203 seu
1115 2163 1211 2206 734.
1233 2167 1409 2216 scriptam
1431 2168 1570 2202 censet.
1627 2163 1724 2200 Cum
1751 2174 1794 2199 eo
1811 2174 1899 2199 con-

384 2234 499 2272 sentit
528 2237 567 2271 et
597 2234 670 2271 alia
702 2234 749 2270 de
769 2245 880 2270 causa
905 2232 1167 2283 Grotefimdus
1186 2233 1224 2269 in
1245 2231 1430 2282 „Allgem
1448 2229 1675 2282 Encyclop.“
1719 2230 1818 2265 Sect.
1846 2227 1896 2264 II.

385 2300 428 2337 P.
457 2300 524 2338 10.
544 2313 582 2349 p.
604 2297 699 2342 473.
757 2299 861 2336 Idem
877 2300 953 2337 fere
973 2303 1119 2350 tempus
1140 2298 1322 2348 significat
1342 2299 1523 2348 Heynias
1541 2298 1579 2334 in
1595 2297 1672 2334 Vit.
1693 2294 1831 2332 Tibulli
1858 2307 1896 2344 p.

385 2366 557 2404 LXXXI.
581 2367 638 2402 ed.
658 2366 695 2405 3.
731 2365 875 2403 Contra
897 2366 1096 2415 Spolznias
1114 2365 1185 2402 hoc
1203 2364 1412 2415 epistolium
1432 2365 1480 2401 ad
1497 2376 1528 2401 a.
1549 2377 1585 2400 u.
1606 2375 1638 2399 c.
1660 2360 1755 2401 729.
1776 2361 1898 2410 [728.,

385 2438 429 2471 ut
452 2433 566 2470 tradit
582 2432 813 2471 Weichertus
834 2446 872 2483 p.
886 2429 994 2482 234.]
1016 2431 1260 2483 probabiliore
1275 2431 1416 2468 ratione
1433 2431 1555 2467 refert.
1593 2429 1689 2466 Cum
1702 2440 1746 2464 eo
1761 2427 1900 2463 faciunt

388 2500 561 2536 Iahnius
589 2512 626 2550 Ρ.
649 2496 759 2549 274.,
792 2499 870 2536 Ka)
870 2498 1065 2535 elmerus
1055 2511 1093 2535 ln
1104 2498 1179 2535 tab.
1204 2497 1391 2546 chronol.,
1432 2497 1474 2532 C.
1497 2497 1711 2532 Passovias
1732 2493 1782 2531 N
1805 2492 1898 2532 152.

389 2564 463 2602 ΑΙὶἰ
494 2565 612 2602 aliter.
669 2565 732 2603 Cf.
763 2564 931 2603 Masson.
957 2565 995 2601 in
1027 2564 1101 2603 vit.
1133 2564 1229 2601 Hor.
1255 2576 1294 2613 p·
1316 2562 1423 2612 155,
1449 2560 1597 2601 Dissen.
1623 2562 1649 2599 l.
1678 2561 1702 2598 l.
1724 2576 1764 2614 p.
1782 2559 1899 2600 XXV.

391 2632 437 2671 C.
453 2631 661 2669 Frankius
651 2644 690 2669 111
707 2631 812 2672 Fast.
835 2631 972 2670 Horat.
991 2644 1031 2682 p·
1050 2630 1145 2672 201.

502 2696 724 2746 Singulatim
762 2698 857 2735 hanc
881 2698 953 2747 ΕΡ.
976 2696 1244 2734 transtulerunt
1277 2696 1444 2732 Conzm
1470 2697 1508 2732 in
1536 2694 1675 2733 Hauffii
1695 2642 1901 2744 Philologia

391 2761 439 2801 II.
472 2762 507 2800 1.
532 2775 572 2812 Ρ.
600 2761 692 2802 184.
724 2768 762 2801 et
792 2763 1077 2813 Niirnberger
1067 2774 1105 2799 ln
1132 2789 1159 2812 „
1171 2759 1418 2800 Abendzeit.“
1437 2760 1557 2802 1824.
1585 2761 1642 2801 ch.
1668 2761 1734 2802 85.

503 2827 547 2866 V.
573 2829 609 2868 1.
639 2828 743 2864 Albi
771 2851 826 2858 -—-
855 2829 1023 2867 candide
1038 2828 1178 2877 jadex.
1238 2829 1463 2866 Scholiastes
1489 2829 1625 2867 codicis
1657 2827 1851 2865 Graeviani
1878 2839 1901 2864 a

393 2895 626 2932 Broukhusio
656 2899 846 2932 enotatus:
900 2896 1109 2946 „loquitar
1136 2895 1194 2932 ad
1221 2895 1419 2933 Albinum
1447 2896 1494 2946 [l.
1519 2895 1695 2946 Albium]
1735 2892 1900 2931 nobilem
