2054 3268
727 287 1124 332 PRAEFATIO.
1645 295 1708 326 xv

162 427 475 474 rarissimarum
503 428 654 486 utpote
676 437 732 470 ne
763 426 807 469 in
837 423 1037 469 Elencho
1062 420 1231 482 quidem
1262 435 1291 465 a
1307 418 1645 466 Mitscherlichio
1665 423 1710 464 et

161 519 452 580 Schweigero
479 516 760 562 iudicatarum
797 516 1018 561 variantes
1046 515 1255 559 lectiones
1288 526 1454 557 summa
1484 511 1710 574 diligentia

162 613 205 656 in
231 625 372 657 meum
400 623 525 655 usum
543 608 762 669 excerpsit
781 606 867 652 ΤΙι.
893 605 1195 661 δοὴηιίἀίιιε,
1230 606 1271 650 in
1297 605 1460 665 optima
1482 605 1632 650 talium
1647 604 1710 648 li-

162 705 333 749 brorum
380 701 650 762 supellectile
688 700 960 746 constitutuS.
1044 696 1139 745 Sed
1177 697 1232 742 de
1270 697 1338 742 his
1372 697 1565 743 omnibus
1611 695 1710 756 quid

161 795 368 854 sentiam,
395 794 532 838 libere
565 792 747 838 fatebor.
794 790 1023 837 Editiones
1056 794 1230 835 veteres
1254 790 1583 849 qualescumque
1612 792 1712 833 sunt

163 887 323 947 optime
344 885 585 930 inserviunt
612 885 677 929 rei
695 884 942 943 literariae,
972 883 1126 942 quippe
1147 896 1255 941 quac
1278 886 1444 927 textum
1468 881 1542 926 vel
1562 894 1712 925 verum

163 978 236 1023 vel
253 977 533 1039 depravatum
558 975 762 1037 deinceps
782 976 1030 1022 exhibeant.
1100 975 1151 1020 In
1179 988 1228 1020 re
1257 979 1401 1020 autem
1422 974 1569 1018 critica
1588 977 1713 1017 caute

163 1074 262 1115 sunt
282 1068 573 1127 adhibendac3
606 1072 892 1129 quapropter,
915 1069 999 1113 nisi
1021 1068 1110 1112 alia
1133 1067 1230 1113 fidei
1250 1071 1469 1113 momenta
1487 1064 1713 1124 accedunt,

162 1175 248 1207 non
276 1165 450 1206 movent
470 1161 556 1206 mei
580 1160 746 1220 quidem
769 1160 922 1219 judicii>
939 1162 1159 1206 trutinam.
1229 1159 1291 1205 At
1312 1174 1436 1219 quum
1461 1158 1582 1203 nobis
1604 1172 1714 1218 pro-

160 1253 481 1314 posuissemuS,
517 1256 565 1298 ut
592 1253 713 1311 quasi
736 1252 963 1298 historiam
987 1252 1200 1313 quandam
1220 1257 1368 1298 textus
1395 1250 1714 1310 exhiberemuS,

162 1357 250 1390 non
273 1346 413 1405 potui,
444 1345 540 1404 quin
565 1344 724 1403 etipsa
746 1358 879 1405 saepe
905 1345 1137 1391 editionum
1163 1344 1320 1390 menda
1347 1343 1597 1388 indicarem.
1647 1342 1715 1388 De

163 1434 248 1480 hac
273 1434 439 1495 quidem
466 1449 514 1481 re
539 1437 570 1480 ii
592 1434 809 1496 Judicent,
840 1450 976 1497 penes
1007 1452 1113 1498 quos
1142 1441 1210 1483 est
1240 1437 1390 1482 talium
1419 1450 1566 1481 rerum
1588 1434 1715 1493 judi-

164 1527 275 1571 cium
313 1531 443 1586 atque
483 1531 693 1588 potestas.
761 1528 830 1573 De
874 1527 1048 1574 familiis
1089 1529 1306 1589 codicum,
1357 1529 1395 1572 si
1443 1541 1553 1587 quae
1599 1531 1714 1587 sunt,

164 1618 329 1666 dicetur
363 1621 488 1664 alias.
578 1617 672 1664 Sed
710 1619 821 1679 quod
869 1626 971 1667 ante
1015 1621 1284 1683 significavi,
1343 1619 1473 1677 huJus
1510 1619 1594 1664 loci
1633 1620 1716 1679 sit,

163 1711 226 1756 ita
267 1715 315 1759 ut
355 1711 434 1756 illa
471 1710 673 1756 editionis
711 1710 953 1772 Lipsiensis
1001 1712 1260 1774 descriptio,
1314 1726 1440 1772 quam
1484 1709 1719 1755 Bardili«)

163 1802 320 1849 debent
349 1817 497 1849 omnes
531 1803 594 1847 rei
622 1801 845 1849 literariae
877 1805 1060 1852 studiosi
1089 1810 1218 1866 atque
1247 1805 1573 1865 intelligentes,
1610 1803 1717 1863 ipsis

164 1895 260 1940 Viri
282 1894 515 1941 doctissimi
542 1894 685 1939 verbis
715 1898 1066 1943 transscribatur.
1136 1897 1273 1959 „Das
1294 1896 1561 1956 Exemplar,
1598 1895 1717 1940 wel-

164 1987 268 2032 ches
298 1986 367 2032 ich
398 2000 479 2032 vor
514 1987 597 2031 mir
630 1986 766 2049 habe,
805 1988 994 2049 gehorte
1030 1989 1128 2034 dem
1167 1989 1443 2050 ehemaligen
1482 1986 1717 2033 Professor

166 2075 368 2135 Seybold
400 2092 455 2122 zu
483 2078 712 2138 Tiibingen
743 2080 831 2126 und
859 2082 918 2127 ist
945 2096 1033 2127 von
1064 2081 1153 2126 ihm
1179 2087 1328 2128 zuerst
1356 2083 1399 2125 in
1430 2082 1572 2125 einem
1599 2079 1718 2124 Pro-

167 2182 336 2229 gramm
373 2169 479 2213 fiber
515 2168 585 2213 die
622 2168 752 2215 dritte
780 2171 875 2217 Ode
914 2172 992 2217 des
1024 2172 1184 2218 dritten
1220 2173 1394 2219 Buches
1432 2186 1519 2217 von
1548 2169 1717 2230 Horaz,

167 2258 408 2304 Griinstadt
429 2258 579 2304 1778.
604 2260 654 2304 4.
685 2261 773 2306 und
793 2263 907 2308 noch
927 2277 1125 2324 genauer
1150 2264 1195 2308 in
1218 2264 1314 2309 dem
1334 2263 1595 2324 Programm
1613 2262 1720 2307 iiber

166 2350 250 2396 den
268 2350 435 2396 Horaz.
463 2349 682 2396 Ebendas.
711 2352 860 2398 1779.
883 2353 932 2399 4.
956 2355 1236 2400 beschrieben
1256 2355 1455 2401 worden.
1483 2352 1537 2401 S.
1558 2353 1718 2399 Horat.

167 2441 237 2487 ed.
265 2441 442 2487 Mitsch.
472 2446 578 2488 tom.
606 2443 643 2487 Ι.
674 2459 718 2505 p.
748 2443 908 2490 LXIX
934 2447 1022 2491 und
1047 2447 1210 2492 Harles
1245 2444 1472 2506 Supplem.
1503 2445 1560 2490 ad
1596 2446 1718 2490 brev.

165 2534 290 2580 notit.
311 2534 490 2579 litterat.
516 2533 648 2580 Rom.
673 2541 778 2582 tom.
800 2537 837 2581 Ι.
862 2553 906 2598 p.
937 2538 1228 2583 409—411.
1298 2538 1364 2584 Es
1389 2539 1447 2583 ist
1472 2537 1607 2584 durch
1634 2537 1717 2582 den

166 2625 436 2670 Buchbinder
473 2626 518 2670 in
546 2641 662 2687 ganz
698 2629 960 2676 verkehrter
998 2631 1212 2692 Ordnung
1245 2631 1502 2692 gebunden,
1542 2630 1630 2675 und
1661 2629 1718 2674 da

166 2716 316 2762 weder
334 2716 471 2764 Ebert
494 2719 606 2764 noch
625 2719 742 2765 Hain
763 2721 910 2767 dieser
932 2722 1143 2784 Ausgabe
1163 2722 1423 2783 erwahnen,
1455 2737 1506 2769 so
1527 2723 1623 2768 will
1647 2722 1717 2767 ich

166 2807 262 2852 hier
283 2809 379 2854 eine
407 2825 524 2871 ganz
552 2826 725 2873 genaue
747 2812 1079 2876 Bcschreibung
1110 2814 1338 2859 derselben
1364 2814 1519 2876 folgen
1547 2815 1717 2875 lassen,

166 2900 335 2946 welche
364 2900 444 2947 Sic
481 2904 702 2951 vielleicht
739 2906 806 2950 bei
834 2905 913 2951 der
943 2904 1192 2954 Seltenheit
1222 2906 1300 2952 des
1330 2905 1504 2954 Buches
1538 2909 1582 2952 in
1612 2907 1717 2952 Ihre

166 2989 486 3054 Monographie
507 2994 767 3044 aufnehmen
788 2998 986 3044 werden.
1056 2998 1127 3045 Da
1150 2998 1220 3045 ich
1246 2996 1363 3047 nicht
1394 3001 1557 3046 wissen
1577 2999 1715 3060 kann,
