2054 3268
263 271 640 310 COMMENTARII
667 272 722 309 IN
752 269 974 309 HORATII
1001 269 1176 308 EPIST.
1207 270 1351 308 PRIM.
1380 270 1481 308 LIB.
1505 271 1539 308 1.
1622 267 1678 308 33

123 385 166 422 in
189 391 389 422 certamen
412 384 545 424 denuo
562 390 824 433 revocaretur,
848 383 1108 433 missionem,
1133 383 1198 422 vel
1224 381 1335 436 quod
1357 381 1556 435 gladiator
1575 384 1676 422 olim

123 454 363 492 fortissimus
387 461 476 492 tum
507 455 558 493 ob
593 459 840 493 senectutem
865 451 1151 491 adventantem
1182 452 1239 505 (v.
1262 452 1325 504 9.)
1354 465 1499 490 arenae
1520 451 1677 491 valedi-

123 523 251 570 xerit,
276 535 328 559 ne
355 523 504 561 iterum
529 536 575 561 ac
596 524 756 575 saepius
775 520 896 575 idque
921 535 1016 559 cum
1026 523 1186 572 juniore
1212 528 1252 560 et
1281 522 1446 560 fortiore
1466 519 1677 559 dimicanti

122 593 228 629 vitae
246 592 366 629 venia
386 599 491 630 esset
508 590 696 644 petenda.
753 592 867 628 Hanc
897 591 1215 643 explicationem
1248 603 1416 629 assensu
1440 590 1677 642 comprobat

121 659 311 698 Iahnius.
377 661 489 699 Fecit
505 661 628 713 igitur
647 660 732 710 Vej.
748 658 924 712 prudens
936 689 946 708 ‚
972 659 1083 712 quod
1102 661 1144 697 in
1171 660 1339 697 alteram
1357 665 1515 711 partem
1535 661 1676 697 Xeno-

120 726 232 780 phon
255 731 357 770 Hist.
390 730 498 784 Hell.
519 731 568 779 6,
589 729 638 778 3,
663 730 730 769 16.
753 729 1039 780 vituperationi
1063 728 1131 767 dat
1150 727 1312 766 athletis
1328 758 1339 777 ,
1370 729 1441 781 qui
1459 735 1550 780 post
1564 728 1675 766 mul-

121 804 183 836 tas
198 799 384 838 victorias
407 793 458 839 οὔ
476 800 673 852 πρότερον
695 797 915 848 παύονται,
945 796 1043 850 πρὶν
1068 793 1119 838 ὂῖν
1143 796 1387 850 ἡττηθέντες
1405 794 1482 850 τήν
1504 794 1677 849 ἄσκησιν

119 863 408 908 καταλύσωσιν.
466 869 567 906 Rem
595 868 726 919 ipsam
747 865 956 903 illustrant
978 867 1147 918 Lipsius
1172 868 1200 904 l.
1221 866 1248 908 1.
1279 867 1328 915 2,
1347 866 1418 906 21.
1463 867 1677 904 Ferrarius

121 935 152 973 l.
170 935 198 975 l.
223 949 264 987 p.
281 933 357 983 463
389 934 439 973 de
458 933 776 988 amphitheatro,
809 935 921 984 cujus
943 934 1084 972 infima
1104 947 1197 986 pars
1228 947 1349 971 arena
1377 935 1420 971 in
1445 947 1568 972 usum
1595 947 1676 986 pu·-

122 1016 226 1054 gnae
245 1017 382 1056 sparsa
406 1011 502 1055 erat,
532 1004 685 1043 erudite
705 1002 906 1041 disserunt
932 1003 1099 1054 Lipsius
1117 1003 1166 1041 cle
1185 1003 1500 1054 Amphitheatro
1518 1016 1552 1040 c.
1572 1004 1614 1044 3.
1636 1009 1676 1040 et

121 1072 366 1124 Stieglitzius
384 1074 427 1110 in
447 1072 780 1124 „Archaeologie
799 1071 870 1109 der
890 1072 1153 1110 Baukanstf‘
1177 1075 1229 1122 ΙΙ,
1257 1075 1294 1114 1.
1315 1086 1355 1124 p.
1368 1070 1454 1114 314
1474 1084 1563 1124 sqq.
1622 1072 1675 1109 cf.

123 1141 403 1193 „Pompejtf‘
439 1143 534 1194 Lps.
559 1140 681 1183 1834.
707 1144 740 1180 I.
762 1155 801 1193 p.
819 1143 903 1182 272
924 1153 1014 1194 sqq.
1045 1148 1084 1178 et
1116 1155 1154 1193 p.
1175 1142 1260 1183 252
1286 1155 1374 1195 sqq.
1407 1164 1465 1169 --
1521 1141 1675 1187 Quibus

120 1209 239 1248 rebus
271 1211 490 1250 observatis
523 1218 667 1263 sponte
696 1210 904 1263 apparebit
924 1238 935 1259 ‚
981 1209 1149 1247 alteram
1178 1212 1416 1262 scripturam
1452 1216 1610 1247 exornet
1651 1222 1676 1247 a

119 1279 316 1316 Lambino
334 1292 415 1317 non
434 1279 722 1330 improbatam,
750 1280 784 1317 si
800 1291 887 1316 rem
905 1279 1037 1330 ipsam
1061 1285 1215 1317 remota
1233 1277 1497 1318 similitudine
1518 1285 1676 1330 specta-

120 1347 251 1395 veris,
279 1348 434 1385 Horatii
455 1346 675 1386 modestiae
700 1344 1046 1398 verecundiaeque
1071 1345 1289 1387 adversari.
1348 1349 1489 1386 Cetera
1515 1360 1674 1400 nequeo

121 1414 310 1453 accedere
338 1413 391 1453 ad
424 1417 665 1454 sententiam
690 1416 764 1453 viri
793 1413 1001 1466 cujusdam
1036 1414 1142 1454 docti
1187 1415 1272 1468 (ap.
1312 1403 1494 1454 Sc’lzmid.
1525 1429 1566 1468 p.
1597 1416 1674 1467 6.),

121 1484 193 1536 qui
203 1485 414 1535 Vejanium
427 1482 536 1522 hunc
553 1498 575 1522 a
591 1486 716 1523 mimo
731 1490 888 1522 tantum
909 1485 952 1521 in
969 1497 1088 1522 scena
1111 1491 1246 1522 actum
1267 1498 1314 1523 ac
1331 1491 1674 1537 repraesentatum

119 1552 245 1591 fuisse
254 1566 398 1604 parum
416 1553 614 1606 probabili
634 1554 786 1591 ratione
803 1552 1037 1602 arbitratui-3
1061 1552 1304 1605 gladiatores
1318 1555 1439 1602 enim,
1459 1553 1672 1605 imprimis,

119 1621 251 1673 quiin
272 1634 392 1659 arena
419 1622 643 1673 superiores
669 1621 952 1671 discesserant,
974 1623 1017 1659 in
1042 1636 1110 1660 ore
1133 1623 1316 1661 omnium
1341 1622 1505 1659 fuerunt
1526 1628 1565 1659 et
1584 1622 1672 1673 ipsa

118 1701 240 1742 saepe
261 1690 488 1742 principum
510 1691 687 1729 virorum
703 1703 772 1728 ora
792 1691 836 1728 in
860 1703 903 1729 se
926 1678 1217 1740 converterunt,
1237 1689 1401 1743 quodex
1414 1690 1543 1742 Lipsii
1558 1690 1672 1728 libris

117 1758 334 1808 saturnal„
351 1772 404 1796 ex
417 1759 612 1810 inscriptt.
632 1772 696 1811 ap.
709 1759 830 1798 Orell.
843 1761 875 1797 I.
887 1773 929 1812 p.
941 1756 1182 1800 447—453.
1201 1766 1321 1812 atque
1338 1772 1391 1796 ex
1410 1760 1497 1810 ipso
1507 1760 1672 1797 Horatio

119 1827 203 1866 Sat.
219 1829 261 1876 2,
273 1829 314 1877 3,
329 1827 427 1869 310·
442 1829 482 1875 6,
495 1824 564 1868 44-
580 1828 620 1876 7,
633 1829 701 1868 96.
716 1829 753 1877 1,
769 1829 809 1876 7,
823 1828 893 1868 20.
923 1827 1052 1879 Epist.
1071 1828 1109 1876 1,
1132 1827 1197 1877 18,
1219 1829 1286 1869 19.
1303 1829 1400 1866 satis
1415 1827 1671 1879 intelligitur.

228 1897 276 1935 V.
289 1897 413 1936 7—9.
442 1896 520 1933 Est
537 1895 640 1933 mihi
657 1919 714 1924 —-
744 1896 881 1933 ducat.
943 1896 1070 1945 Sunt,
1103 1897 1172 1948 qui
1199 1894 1308 1934 hunc
1335 1897 1576 1934 monitorem
1599 1909 1672 1948 per

119 1975 235 2002 aures
253 1965 409 2002 Horatii
429 1971 641 2002 sonantem
659 1978 746 2003 esse
768 1971 910 2016 putent
938 1963 1354 2008 animaediviniorem
1372 1971 1542 2017 partem,
1568 1977 1672 2018 quae

119 2043 174 2068 ex
207 2031 364 2083 placitis
391 2031 726 2084 philosophorum
763 2035 805 2070 in
847 2033 1008 2072 auribus
1039 2031 1251 2071 hominum
1278 2032 1460 2072 habitare
1492 2031 1671 2082 dicatur3

120 2106 213 2137 sunt
235 2100 354 2137 etiam
369 2129 379 2148 ,
399 2102 469 2153 qui
488 2099 555 2138 hic
574 2102 806 2153 Apollinem
827 2114 965 2139 aurem
985 2103 1134 2139 Poetae
1152 2102 1411 2140 vellicantem
1433 2101 1560 2154 (Virg.
1582 2102 1670 2139 Ecl.

118 2169 161 2216 6,
195 2166 255 2219 4.)
287 2168 501 2219 significari
529 2169 746 2218 affirment3
785 2175 878 2207 sunt
913 2167 1110 2221 denique,
1140 2170 1211 2222 qui
1239 2171 1404 2220 genium
1426 2199 1436 2218 ‚
1467 2168 1671 2207 humanae

119 2243 287 2273 naturae
317 2235 458 2286 deum,
489 2238 739 2289 intelligantt,
769 2237 813 2274 in
842 2250 883 2273 re
908 2243 1044 2274 autem
1067 2237 1218 2275 incerta
1244 2238 1340 2274 certi
1375 2236 1474 2290 quid
1505 2236 1670 2275 definire

117 2317 200 2342 non
223 2306 366 2343 ausim.
424 2305 632 2343 Dubitanti
661 2312 797 2343 tamen
828 2306 998 2342 occurrit
1015 2306 1175 2343 Persius
1204 2305 1262 2357 (5,
1284 2303 1382 2357 96):
1416 2306 1505 2342 Stat
1531 2312 1671 2344 contra

116 2374 219 2410 ratio
243 2380 281 2410 et
297 2381 487 2412 secretum
501 2375 652 2426 gannit
669 2375 713 2411 in
733 2386 886 2411 aurem.
947 2374 1138 2411 Locutio:
1158 2387 1353 2425 perpurg.
1373 2388 1464 2412 aar.
1497 2381 1583 2412 orta
1604 2375 1669 2412 vi-

118 2440 235 2480 detur
255 2455 309 2479 ex
329 2450 511 2482 veterum
531 2441 780 2480 medicorum
799 2455 911 2480 more
924 2471 935 2491 ,
965 2442 1173 2479 auriculas
1191 2442 1304 2480 sorde
1323 2442 1498 2480 dolentes
1520 2443 1577 2495 (2,
1592 2442 1667 2495 53)

117 2517 229 2549 aceto
254 2511 389 2550 infuso
418 2511 631 2564 purgandi.
654 2513 786 2550 Pers.
811 2512 851 2559 5,
873 2510 940 2551 86.
961 2511 1142 2548 mordaci
1158 2510 1262 2548 lotus
1284 2518 1408 2550 aceto.
1460 2509 1521 2549 Id.
1544 2510 1584 2560 5,
1596 2512 1666 2552 63.

116 2580 326 2632 Purgatus
355 2582 495 2619 inseris
528 2595 646 2620 aures
661 2581 796 2633 finge
821 2579 1052 2617 Cleanthea.
1115 2580 1178 2618 Cf.
1211 2577 1268 2618 id.
1298 2581 1347 2629 1,
1383 2579 1478 2620 126.
1534 2579 1667 2619 Plaut.

115 2648 203 2686 Mil·
228 2648 284 2700 gl·
309 2649 349 2698 3,
375 2651 413 2699 1,
434 2651 528 2692 176.
586 2653 738 2689 Auson.
758 2649 888 2701 Epist.
920 2646 960 2698 4,
983 2650 1053 2690 67.
1075 2648 1229 2687 Scillite
1246 2648 1373 2686 decies
1396 2649 1434 2687 si
1463 2662 1530 2686 cor
1554 2662 1665 2700 pur-

111 2717 221 2770 geris
249 2725 373 2756 aceto.
433 2719 568 2757 Etiam
596 2715 835 2757 Plutarchus
866 2718 917 2754 II.
938 2731 979 2769 p.
998 2718 1069 2758 38.
1092 2719 1142 2755 A.
1172 2717 1259 2756 vult
1289 2710 1372 2757 ὦτα
1402 2714 1567 2769 καθαροὶ
1595 2715 1666 2758 καὶ

113 2785 250 2840 λόγοις
274 2783 422 2828 ἄθικτα
449 2787 643 2839 φαύλοις,
672 2800 796 2841 quem
820 2787 957 2824 locum
987 2786 1085 2823 scite
1112 2791 1315 2838 comparat
1337 2786 1402 2824 Fr.
1420 2785 1582 2826 Jacobs.
1611 2785 1665 2825 ad

113 2855 233 2906 Prop·
251 2857 293 2905 2,
318 2856 385 2904 13,
410 2856 476 2896 12.
516 2857 773 2894 Blumenlese
790 2857 842 2893 II.
866 2868 908 2906 p.
923 2855 1018 2895 177.
1074 2853 1164 2893 vid.
1183 2855 1287 2893 Cels.
1306 2855 1357 2904 6,
1382 2855 1425 2895 7.
1482 2855 1589 2893 Plin.
1610 2856 1663 2894 H.

112 2925 164 2961 N·
181 2924 252 2974 20,
281 2925 318 2964 1.
351 2925 420 2974 28,
448 2925 514 2966 11.
542 2925 613 2975 29,
636 2926 676 2966 6.
710 2925 780 2973 32,
800 2924 843 2964 7.
874 2929 914 2960 et
940 2924 982 2960 in
1011 2923 1196 2975 proverb.
1229 2922 1476 2961 locutionem
1503 2923 1662 2961 Erasm.

111 2991 285 3044 Adagg·
310 2994 352 3041 2,
371 2990 411 3043 4,
434 2991 503 3035 94.
568 2995 614 3032 In
641 2998 772 3031 totum
799 3005 962 3031 versum
982 2991 1201 3030 Lambinus
1235 2999 1276 3030 et
1295 2989 1522 3030 Hocheder.
1561 3003 1660 3029 con-

156 3059 308 3095 Homr.
329 3059 361 3095 Ι.
1353 3056 1381 3099 3
