2028 3268
176 245 231 289 49
289 245 664 286 COMMENTARII
695 245 751 282 IN
773 244 994 282 HORATII
1018 243 1190 283 EPIST.
1210 243 1433 283 SECUND.
1463 244 1564 281 LIB.
1588 245 1620 280 I.
1652 238 1732 281 155

290 361 338 400 V.
365 360 434 400 27.
466 358 555 396 ,Νοε
572 380 622 386 -
649 359 751 395 nati.
822 357 1123 396 Sententiarum
1163 370 1317 397 nexus:
1347 357 1495 396 Talem
1523 356 1734 409 proposuit

178 429 295 468 nobis
315 430 512 466 Homerus
536 426 724 476 Ulixem,
748 427 882 465 virum
901 426 1124 478 sapientem
1140 456 1150 475 ,
1180 434 1474 479 temperantem
1499 438 1544 462 ac
1564 425 1734 471 fortem3

180 499 320 551 quales
345 509 484 535 sumus
505 493 607 534 nos?
639 495 728 534 Nos
750 495 923 548 (dictum
939 501 1038 545 puta
1053 523 1063 542 ,
1095 502 1140 532 ut
1162 497 1282 545 Hor.,
1314 509 1441 549 quum
1463 495 1736 545 interponeret

179 579 295 605 suam
314 578 553 618 personam,
585 578 705 603 omne
726 579 750 603 a
772 578 815 603 se
837 570 1062 602 removeret
1086 563 1245 616 odium)
1271 565 1424 603 scilicet
1443 564 1561 602 turba
1582 563 1735 600 nullius

178 636 319 688 pretii,
347 633 535 673 homines
566 633 618 672 ad
649 633 897 687 explendum
924 645 1141 669 numerum
1164 633 1248 671 fere
1276 634 1363 671 nati
1383 639 1423 670 et
1443 633 1486 670 in
1507 633 1638 684 procis
1657 633 1738 670 Pe-

178 705 351 756 nelopae
385 710 507 756 atque
545 703 707 740 Alcinoi
737 700 986 739 Phaeacibus
1026 700 1255 739 adumbrati
1288 701 1316 738 i.
1347 714 1380 737 e.
1409 700 1737 753 intemperantes,

179 771 406 821 libidinosi,
437 773 585 810 inertes
603 772 850 824 mollesque,
880 772 924 808 in
944 771 1088 823 quibus
1109 769 1214 808 nihil
1234 769 1380 817 animi,
1402 766 1507 806 nihil
1521 781 1740 807 nervorum

181 848 254 880 est.
314 841 488 880 Sensum
513 842 609 878 satis
629 839 887 878 commodum
905 839 1067 878 indocte
1094 840 1228 877 turbat
1250 837 1503 876 Praedicovii
1521 843 1642 889 atque
1662 837 1741 874 alia

182 911 356 948 aliorum
387 908 604 948 distinctio.
662 911 839 962 Apparet
864 916 1020 958 autem,
1051 911 1219 947 Poetam
1250 908 1505 959 aequalium,
1537 907 1607 958 qui
1636 906 1741 943 luxu

183 985 222 1017 et
243 979 324 1017 otio
338 978 423 1016 fere
442 976 688 1029 diffluebant,
708 979 835 1016 vitam
851 977 1045 1016 deridere.
1077 977 1136 1015 Cf.
1158 978 1278 1015 Gesn.
1299 974 1351 1013 ad
1369 974 1410 1012 h.
1427 976 1454 1012 l.
1467 987 1741 1020 ——name1·1b8‚

182 1055 229 1086 nt
251 1048 498 1085 Graecorum
526 1040 704 1100 ἀριθμός
724 1047 863 1098 Eurip.
886 1045 1088 1084 Heraclid.
1109 1045 1232 1086 1000.
1263 1044 1360 1097 ibiq.
1388 1045 1534 1081 Ehnsl.
1552 1044 1739 1081 Meisner.

182 1118 226 1154 in
252 1114 415 1167 Sylloge
430 1114 655 1151 Nominum
680 1113 838 1166 aliquot
860 1115 1234 1153 contumeliosoram
1251 1127 1293 1165 p.
1318 1109 1387 1153 24.
1412 1113 1515 1150 bene
1535 1118 1743 1164 comparat

181 1182 388 1236 Aristoph.
413 1183 515 1221 Nub.
538 1180 708 1234 (1203):
739 1181 852 1233 ὄντες
880 1185 1006 1235 λίθοι,
1035 1178 1243 1237 Ἀριθμός,
1272 1181 1479 1235 πρόβατα,
1510 1181 1561 1219 cf.
1596 1181 1740 1218 Lamb.

184 1261 223 1292 et
241 1255 397 1291 Erasm.
417 1251 575 1302 Adagg.
601 1252 642 1299 2,
663 1252 704 1300 3,
723 1253 791 1293 23.
851 1253 994 1291 Simile
1016 1259 1076 1291 est
1094 1250 1198 1289 illud
1214 1252 1385 1288 Luciani
1404 1251 1448 1287 in
1473 1251 1615 1289 Somn.
1639 1246 1676 1301 ξ.
1701 1249 1740 1289 9.

183 1324 266 1363 τῶν
284 1321 329 1363 ἐκ
353 1323 428 1362 τοῦ
444 1321 597 1361 πολλοῦ
617 1315 749 1371 δήμου
779 1316 846 1368 εἷς.
903 1319 1136 1360 Schmidius
1162 1318 1291 1357 alludi
1315 1320 1504 1371 opinatur
1534 1317 1586 1355 ad
1613 1317 1743 1369 capite

186 1404 349 1439 censos,
385 1391 455 1443 qui
480 1389 634 1426 nullius
654 1387 737 1424 fere
754 1390 873 1440 pretii
898 1397 938 1428 et
958 1388 1124 1429 honoris
1145 1402 1364 1427 numerum
1390 1387 1668 1441 expleverint,
1699 1392 1744 1423 ut

186 1461 275 1501 Liv.
293 1459 334 1509 3,
354 1459 424 1508 33,
449 1458 489 1499 5.
521 1455 764 1507 Supplevere
785 1459 903 1494 cetera·
925 1472 1148 1498 numeram.
1187 1460 1284 1497 Hor.
1302 1458 1432 1510 Epist.
1459 1459 1499 1507 6,
1526 1457 1593 1497 62.
1642 1455 1744 1493 Cae-

185 1530 260 1566 rite
275 1542 365 1566 cera
382 1527 513 1579 digni.
576 1527 761 1563 Fortasse
786 1526 882 1563 Hor.
907 1527 1046 1564 allusit
1064 1525 1105 1564 h.
1127 1541 1226 1566 voce
1247 1526 1299 1565 ad
1314 1527 1551 1577 catalogum·
1562 1525 1744 1572 navium,

184 1599 228 1635 in
249 1609 329 1650 quo
350 1596 471 1634 multi
490 1592 655 1647 quidem
678 1592 865 1632 homines
887 1603 1172 1645 numerantur,
1199 1594 1272 1633 sed
1295 1596 1345 1634 ob
1363 1596 1540 1634 nominis
1563 1595 1745 1633 obscuri-

183 1672 310 1704 tatem
332 1650 415 1702 non
439 1664 591 1714 singuli
610 1663 885 1700 nominantur.
943 1663 1126 1702 Eandem
1155 1665 1389 1716 opinionem
1424 1662 1614 1701 habuisse
1640 1664 1746 1701 Her-

186 1734 329 1773 derum
367 1732 501 1771 video.
519 1754 578 1762 -—-
589 1731 715 1783 fivg.
749 1745 857 1769 cons.
888 1734 995 1778 nati,
1024 1740 1070 1771 ut
1093 1732 1209 1771 Ovid.
1231 1735 1328 1771 Met.
1363 1733 1428 1783 15,
1461 1732 1556 1772 121.
1588 1732 1748 1769 animal

186 1810 328 1841 natam
345 1801 512 1839 tolerare
533 1799 701 1838 labores.
735 1801 824 1837 Liv.
844 1800 915 1848 29,
951 1801 1018 1851 19,
1041 1802 1083 1842 3.
1117 1809 1260 1840 natum
1287 1800 1557 1854 (Scipionem)
1585 1801 1645 1839 ad
1656 1815 1746 1839 cor-

185 1870 452 1923 rumpendam
479 1869 737 1921 disciplinam
763 1869 994 1907 militarem.
1055 1869 1121 1908 Ad
1148 1872 1390 1909 sententiam
1421 1868 1617 1909 accedunt
1645 1869 1748 1908 cibi-

187 1941 302 1978 cidae
324 1940 472 1978 Lucilii
500 1952 564 1991 ap.
590 1940 694 1977 Non.
725 1939 904 1976 Marcell.
929 1942 970 1989 2,
1003 1937 1098 1980 148.
1132 1939 1221 1992 (88,
1241 1939 1300 1991 8.)
1336 1940 1494 1992 Viginti
1520 1940 1652 1986 domi,
1691 1954 1748 1978 an

188 2009 382 2061 triginta.-
412 2007 478 2044 vel
501 2013 659 2044 centum
685 2006 878 2044 cibit—idas
895 2007 1002 2046 alas.
1044 2008 1096 2046 cf.
1119 2009 1247 2060 Ilgeu.
1266 2008 1319 2047 ad
1339 2010 1436 2061 Cop.
1453 2007 1523 2049 25.
1543 2023 1584 2060 p.
1606 2006 1677 2049 41.
1690 2031 1747 2037 —

188 2075 297 2128 apud
323 2076 405 2113 Cic.
432 2073 482 2112 de
514 2074 626 2112 Offic.
658 2077 697 2123 2,
734 2075 799 2123 10,
827 2075 898 2115 36.
939 2076 1012 2127 qui
1035 2089 1108 2113 nec·
1135 2077 1214 2115 sibi
1226 2106 1244 2124 ,
1284 2091 1357 2114 nec
1381 2078 1500 2115 alteri
1529 2076 1746 2130 (prosunt),

187 2145 259 2183 ubi
276 2144 482 2181 Manutius
502 2141 622 2193 hujus
639 2143 719 2180 loci
737 2144 987 2181 mentionem
1010 2144 1120 2182 facit.
1161 2143 1341 2183 Rhinton
1363 2159 1428 2197 ap.
1451 2145 1534 2182 Cic.
1553 2144 1605 2182 ad
1624 2146 1747 2183 Attic.

189 2214 228 2263 1,
258 2212 325 2253 20.
385 2212 438 2252 Οἱ
467 2209 540 2264 μὲν
570 2208 671 2264 παρ’
705 2207 825 2252 ου’δέν
853 2212 967 2261 εἰσιν,
999 2208 1061 2260 οἷς
1089 2208 1130 2253 δ’
1157 2210 1277 2254 οὐδὲν
1297 2212 1414 2266 μέλει.
1445 2219 1486 2250 et
1512 2213 1656 2251 Alexis
1683 2226 1747 2266 ap.

186 2278 392 2319 Plutarch.
425 2279 474 2318 de
504 2278 597 2318 aud.
622 2280 737 2318 Poet.
763 2281 830 2318 VI.
859 2293 902 2331 p.
935 2279 1003 2320 75.
1068 2277 1149 2328 Τὰς
1171 2279 1326 2334 ἦδονοῖς
1357 2281 1422 2322 δεῖ
1446 2281 1648 2336 συλλέγειν
1675 2281 1748 2325 τόν

188 2345 394 2402 σώφρονα.
420 2371 471 2376 -
512 2345 563 2389 T&
593 2351 715 2398 πιεῖν,
749 2347 794 2389 τό
821 2351 982 2402 φαγεῖν,
1011 2345 1056 2390 τό
1085 2350 1159 2401 τῆς
1182 2345 1421 2403 Ἀφροδίτης
1444 2348 1668 2404 τυγχάνειν.
1699 2350 1748 2393 τοὶ

189 2411 230 2458 δ’
251 2413 353 2457 ἄλλα
374 2413 612 2470 προςθήκας
633 2413 793 2456 ἅπαντα
811 2413 887 2470 χρὴ
906 2420 1055 2458 καλεῖν.

301 2486 350 2524 V.
369 2485 439 2525 28.
462 2487 532 2526 29.
577 2485 728 2536 8ροηεί
745 2488 1021 2534 -Ῑιινεηίιιε,
1088 2486 1265 2538 Sponsi,
1302 2500 1386 2526 non
1418 2501 1484 2536 re,
1519 2487 1590 2526 sed
1613 2503 1684 2542 spe
1710 2497 1748 2528 et

189 2552 409 2601 voluntate,
439 2560 484 2591 ut
501 2561 640 2604 raptor
663 2552 736 2592 Od.
762 2552 802 2603 4,
823 2555 863 2603 6,
888 2556 945 2604 2.,
960 2556 1209 2606 praetorius,
1228 2555 1365 2605 jocose
1388 2554 1438 2593 de
1459 2571 1519 2606 eo,
1546 2560 1617 2611 qui
1634 2572 1748 2611 prae-

194 2626 286 2658 tura
318 2619 468 2658 excidit
490 2621 574 2660 Sat.
603 2625 645 2672 2,
673 2624 714 2673 2,
746 2624 816 2664 50.
842 2637 968 2675 gener
991 2625 1103 2675 Virg.
1133 2625 1237 2661 Aen.
1266 2625 1307 2672 2,
1325 2621 1423 2664 344.
1450 2626 1589 2679 ibique
1619 2629 1746 2679 Serv.,

191 2689 311 2727 Auct.
339 2689 455 2740 Eleg.
485 2689 536 2728 ad
565 2693 695 2730 Valer.
721 2694 883 2732 Messal.
904 2706 944 2731 v.
967 2693 1037 2733 31.
1067 2692 1205 2744 ibique
1233 2692 1427 2731 Wernsd.
1456 2692 1544 2746 (ΠΙ.
1571 2710 1611 2748 p.
1632 2697 1745 2750 151.)

191 2757 260 2795 Sic
288 2763 531 2808 usurpantur
553 2762 724 2808 conjux,
754 2775 880 2808 socer,
909 2762 986 2799 vir.
1027 2759 1117 2799 Vid.
1141 2762 1362 2799 Burmann.
1393 2760 1445 2800 ad
1480 2764 1568 2802 Val.
1602 2765 1663 2803 Fl.
1705 2766 1746 2814 3,

190 2822 314 2874 497„
346 2822 511 2862 Ruhnk.
543 2826 596 2864 ad
621 2829 785 2869 Terent.
819 2829 946 2869 Andr.
969 2827 1008 2878 4,
1039 2827 1079 2878 4,
1114 2829 1182 2869 53.
1211 2830 1317 2868 Diss.
1350 2828 1403 2868 ad
1422 2832 1516 2870 Tib.
1539 2832 1578 2882 3,
1607 2836 1647 2882 2,
1681 2831 1746 2874 14.

190 2890 359 2931 Bothius
378 2894 422 2930 in
444 2892 539 2932 edit.
561 2895 680 2935 Gesn.
707 2897 868 2950 delegat
898 2897 950 2936 ad
972 2898 1057 2936 Sat.
1082 2898 1119 2947 1,
1149 2899 1190 2947 2,
1221 2895 1290 2939 64.
1327 2899 1477 2938 Villius
1506 2903 1549 2938 in
1571 2901 1746 2948 Fausta,

197 2960 339 2998 Sullae
356 2975 480 3014 gener
490 2978 507 3012 ,·
537 2963 609 3003 sed
635 2963 678 3003 h.
702 2967 730 3005 l.
754 2980 873 3019 gener
891 2980 973 3005 non
993 2974 1078 3005 tam
1100 2980 1215 3019 spem
1234 2967 1358 3017 Villii,
1390 2981 1469 3021 qua
1489 2983 1533 3008 se
1554 2982 1747 3021 geuemnn

237 3024 390 3061 Hom-r.
422 3027 453 3062 Ι.
1307 3032 1359 3075 11
1399 3035 1464 3090 (4)
