2028 3268
437 240 520 282 354
590 241 960 281 COMMENTARII
979 241 1036 279 IN
1054 239 1238 279 HORAT
1240 240 1272 279 11
1290 239 1430 278 LlB.1.
1459 241 1619 280 EPIST.
1635 241 1780 281 SEPT.
1881 243 1934 287 82

437 365 625 403 beneficiis
658 365 696 402 in
728 365 848 414 ipsum
875 362 1019 400 collatis
1048 374 1091 399 se
1124 363 1261 400 sentiat
1291 363 1508 401 obstrictum
1531 364 1654 403 laxare
1677 364 1818 414 nollet,
1860 365 1937 415 jam

438 446 532 482 quae
555 433 653 469 bona
681 430 893 480 accepisset
927 442 968 466 se
1000 429 1191 478 resignare
1225 433 1263 466 et
1287 442 1328 466 re
1355 443 1443 467 vera
1467 431 1561 468 velle
1594 435 1632 468 et
1668 444 1786 482 aequo
1814 432 1936 468 animo

437 511 551 550 posse
578 497 775 546 significat.
830 497 936 535 Haec
956 496 1067 533 animi
1090 508 1200 532 sensa
1224 500 1299 533 tam
1321 497 1474 546 urbane,
1500 502 1579 535 tam
1599 499 1719 535 facete
1739 501 1826 535 ante
1848 510 1938 534 ocu-

438 566 494 602 los
523 565 628 614 ponit
655 563 907 612 Maecenatis,
957 567 997 600 ut
1018 563 1110 599 haee
1137 563 1221 613 ipsa
1247 562 1417 612 Epistola
1441 564 1587 613 insigne
1615 566 1665 602 sit
1693 567 1730 602 et
1757 564 1937 603 libertatis

439 637 476 668 et
503 630 719 668 urbanitatis
746 631 1015 668 documentum.
1072 629 1232 667 Primum
1259 631 1353 666 enim
1375 631 1474 679 quod
1497 631 1544 667 de
1567 630 1805 668 restituendis
1827 631 1939 667 rebus

438 699 506 734 sibi
530 698 638 734 facile
667 697 778 747 objici
803 710 918 748 posse
940 697 1142 747 praesumit
1169 696 1301 744 Poeta,
1324 697 1456 744 jocose
1480 697 1640 734 illustrat
1661 697 1785 747 lepido
1806 696 1869 734 illo
1891 697 1939 733 de

436 764 627 815 vulpecula
654 765 831 815 apologo,
861 777 934 814 qua
962 764 1109 813 quidem
1135 763 1368 800 similitudine
1390 776 1478 800 usus
1507 763 1674 800 omnibus
1703 767 1793 800 nota
1815 762 1939 811 simul,

437 834 467 870 si
494 845 567 882 qua
593 832 674 881 fuit,
703 833 757 868 rei
784 831 919 869 lenitur
941 842 1050 880 quam
1074 830 1227 867 maxime
1250 829 1446 868 acerbitas.
1504 830 1564 867 Cf.
1586 830 1635 866 ad
1653 829 1694 880 3,
1720 829 1786 869 18.
1842 828 1941 865 Tum

435 902 482 938 ad
507 900 790 950 significandum
819 902 857 936 et
881 901 1073 948 paratum,
1121 908 1194 945 quo
1223 897 1346 933 omnia
1372 897 1532 934 reddere
1556 895 1670 945 velit,
1716 896 1875 933 animum
1902 898 1942 932 et

434 970 610 1004 mutatam
635 972 775 1002 sortem
799 978 917 1015 aeque
942 965 1137 1010 ferentem,
1159 963 1302 1000 duobus
1329 963 1494 1013 apprime
1518 964 1632 1000 utitur
1664 962 1857 1012 exemplis,
1885 961 1941 998 al-

435 1038 517 1071 tero
546 1046 569 1071 a
597 1032 845 1080 Telemacho,
886 1031 1006 1068 altero
1040 1042 1063 1067 a
1087 1029 1236 1066 Volteio
1262 1029 1374 1067 Mena
1411 1031 1629 1080 desumptis.
1687 1029 1942 1068 Maecenatem

433 1107 557 1138 autem
581 1100 677 1138 hanc
699 1098 909 1150 Epistolam
931 1110 1008 1135 non
1034 1096 1111 1134 alto
1138 1096 1334 1147 supercilio
1358 1098 1559 1146 recepisse,
1586 1096 1653 1134 sed
1674 1098 1813 1133 monita
1833 1094 1943 1132 amici

434 1169 549 1205 amice
578 1167 751 1214 audisse,
782 1166 944 1201 testatur
968 1163 1219 1212 familiaritaS,
1250 1175 1344 1212 quae
1365 1164 1464 1200 inter
1486 1166 1682 1212 utrumque
1707 1162 1851 1199 duravit
1876 1174 1943 1198 us-

434 1247 506 1283 que
534 1233 582 1270 ad
610 1244 823 1283 supremum
849 1231 948 1268 vitae
990 1230 1099 1267 diem.
1156 1229 1266 1268 Multi
1300 1233 1422 1267 autem
1458 1230 1683 1279 interpretes
1715 1228 1776 1266 vel
1800 1227 1943 1266 Horatii

434 1300 687 1338 conditionem
715 1311 792 1335 non
818 1310 863 1335 ea
890 1309 965 1348 qua
986 1310 1054 1348 par
1077 1301 1136 1334 est
1163 1297 1309 1333 ratione
1333 1297 1585 1344 aestimantes,
1611 1294 1671 1334 vel
1693 1294 1945 1332 Romanorum

432 1367 626 1404 liberiores
648 1377 771 1404 mores
800 1365 940 1402 nostris
969 1363 1138 1401 delicatis
1167 1363 1369 1412 aulicisque
1397 1363 1594 1400 metientes
1621 1363 1659 1400 in
1686 1361 1755 1399 hac
1776 1361 1946 1412 Epistola

433 1434 578 1473 Horatii
606 1434 636 1470 si
662 1445 738 1469 non
767 1432 926 1469 animum
950 1432 1157 1481 ingratum,
1201 1435 1240 1468 at
1267 1431 1399 1469 iratum
1421 1432 1562 1468 vident.
1617 1429 1778 1466 Praeivit
1800 1429 1946 1466 Scholi-

434 1504 536 1537 astes
568 1498 745 1549 Cruquii,
795 1512 907 1548 quum
933 1497 1129 1550 Epistolae
1161 1501 1418 1547 argumentum
1445 1497 1626 1535 indicaret
1660 1496 1764 1534 hisce
1798 1483 1944 1534 verbis:

434 1567 571 1616 „Quia
598 1565 797 1602 Maecenas
833 1565 949 1602 multa
985 1563 1192 1603 contulerat
1218 1564 1375 1601 Horatio
1409 1563 1531 1612 bona,
1580 1576 1663 1601 eum
1699 1576 1846 1614 semper
1874 1563 1946 1600 sibi

433 1635 670 1682 praesentem
699 1644 783 1669 esse
810 1631 998 1680 cupiebat:
1045 1643 1160 1680 quare
1187 1631 1365 1667 Horatius
1386 1642 1507 1679 ¹aegre
1530 1630 1600 1667 hoc
1627 1631 1770 1675 ferens,
1818 1630 1945 1667 durius

433 1711 552 1748 aequo
579 1710 662 1735 cum
685 1711 729 1735 eo
763 1697 946 1746 loquitur,
988 1698 1158 1746 inquiens
1192 1697 1300 1733 malle
1325 1695 1392 1745 [se]
1422 1696 1678 1734 Maecenatem
1707 1697 1827 1734 omnia
1851 1709 1946 1746 quae

434 1766 590 1802 dederat
616 1767 803 1814 repetere,
832 1775 940 1812 quam
968 1765 1043 1799 tam
1072 1763 1177 1812 gravi
1206 1763 1355 1799 servitio
1385 1764 1509 1812 cogi.“
1562 1763 1658 1801 Rem
1681 1762 1804 1800 verbis
1833 1775 1946 1812 exag-

434 1831 577 1881 geravit
604 1829 875 1874 Welandius,
905 1842 1016 1879 quum
1040 1830 1295 1867 Maecenatem
1317 1829 1473 1866 Horatio
1498 1829 1683 1878 ingratum
1708 1831 1866 1867 animum
1887 1829 1947 1866 vel

434 1898 595 1948 epistola
624 1898 782 1947 quadam
811 1897 860 1932 ad
889 1909 972 1933 eum
1001 1897 1092 1932 data
1120 1895 1394 1946 exprobrasse,
1438 1895 1497 1932 vel
1530 1909 1600 1945 per
1627 1896 1736 1933 alium
1764 1898 1948 1946 quendam

433 1966 541 2015 hujus
571 1977 654 2001 eum
681 1963 840 2000 criminis
862 1974 1060 1999 accusasse
1083 1963 1298 2011 conjiceret.
1354 1960 1416 1998 Ad
1449 1961 1524 1998 tale
1552 1963 1664 2012 igitur
1698 1963 1835 2001 crimen
1857 1977 1948 2014 pro-

434 2031 657 2083 pulsandum
680 2030 744 2067 Vir
771 2028 833 2066 ille
869 2029 1100 2066 acutissimus
1123 2027 1280 2066 Poetam
1312 2029 1365 2066 ira
1403 2029 1561 2079 quadam
1584 2034 1826 2080 provocatum
1854 2030 1949 2068 hanc

434 2099 645 2150 Epistolam
678 2096 857 2135 stomachi
894 2096 1045 2146 plenam
1073 2095 1272 2146 scripsisse
1301 2096 1486 2145 opinatur.
1545 2095 1587 2134 In
1614 2097 1686 2134 hoc
1714 2097 1863 2134 crimine
1887 2110 1949 2135 ex-

434 2166 622 2217 planando
657 2163 938 2203 Welandium
963 2164 994 2200 si
1022 2175 1098 2200 non
1124 2167 1300 2212 superat,
1345 2163 1477 2201 saltem
1499 2166 1635 2213 aequat
1656 2163 1949 2201 Bonstettenius

435 2232 626 2284 („Reisen
654 2232 693 2268 in
719 2232 779 2269 die
805 2231 916 2271 class.
940 2230 1148 2280 Gegenden
1166 2229 1332 2267 Roms.“
1358 2230 1390 2267 I.
1416 2243 1455 2280 p.
1483 2229 1583 2281 76.).
1641 2230 1769 2268 Taceo
1796 2231 1948 2269 aliorum

435 2300 595 2337 nomina.
653 2299 695 2335 In
724 2311 765 2336 re
788 2299 871 2348 ipsa
895 2300 1018 2335 autem
1039 2297 1277 2346 expurganda
1296 2296 1405 2333 nobis
1432 2298 1546 2334 otium
1570 2297 1658 2334 fecit
1680 2297 1807 2335 talium
1825 2310 1948 2336 rerum

436 2366 734 2416 elegantissimus
756 2377 800 2401 ac
821 2363 1059 2401 doctissimus
1079 2364 1320 2409 existimator,
1346 2362 1415 2399 Fr.
1437 2362 1642 2399 Jacobsias
1660 2377 1698 2413 p.
1714 2362 1946 2406 126—143.

436 2433 558 2472 Recte
586 2444 734 2482 quoque
765 2431 812 2468 de
838 2430 908 2468 hac
930 2429 1101 2480 Epistola
1123 2431 1182 2468 vel
1206 2431 1253 2468 de
1280 2430 1352 2467 hoc
1374 2430 1572 2467 amicorum
1592 2431 1762 2468 dissensu
1783 2431 1949 2481 judicant

442 2498 702 2536 Schiraclzius
735 2496 859 2548 (Clav.
887 2496 980 2535 Hor.
1018 2509 1057 2547 p.
1081 2496 1176 2538 325.
1217 2509 1252 2534 v.
1278 2494 1471 2547 resigno),
1525 2496 1873 2548 Vanderbourgius
1899 2499 1947 2536 ad

439 2568 514 2604 Od.
541 2567 592 2615 3,
633 2565 699 2604 16.
728 2577 766 2614 p.
798 2563 914 2612 123.,
951 2562 1228 2600 Doederlinias
1254 2563 1292 2600 in
1320 2563 1409 2612 Syn.
1438 2563 1501 2602 III.
1529 2577 1568 2615 p.
1595 2565 1686 2612 83.,
1725 2564 1876 2602 Zellius
1899 2566 1948 2603 ad

437 2635 474 2672 h.
505 2634 552 2681 l.,
583 2643 746 2682 quocum
773 2629 861 2666 facit
897 2629 1071 2667 Orellius
1084 2657 1099 2675 ,
1129 2630 1230 2679 cujus
1259 2630 1400 2680 pariter
1427 2630 1597 2681 approbo
1626 2635 1790 2669 extrema
1812 2632 1946 2670 verbaz

437 2700 628 2750 „Scripsit
652 2701 776 2735 autem
798 2697 893 2734 hanc
914 2697 1123 2748 Epistolam
1146 2710 1222 2734 non
1243 2696 1375 2745 solum,
1397 2700 1440 2734 ut
1455 2696 1711 2736 Maecenatem
1735 2710 1829 2748 quae
1854 2698 1947 2736 dixi·

439 2780 520 2805 mus
545 2767 712 2814 doceret,
739 2765 808 2802 sed
835 2767 876 2802 ut
903 2763 1117 2814 aequalibus
1143 2775 1287 2812 quoque
1315 2764 1390 2800 suis
1418 2767 1529 2814 atque
1555 2765 1730 2816 imprimis
1759 2765 1947 2803 obtrecta-

440 2834 596 2881 toribus,
625 2832 689 2882 qui
717 2837 800 2869 eum
826 2844 896 2882 pro
920 2830 1148 2869 Maecenatis
1171 2831 1336 2882 parasito
1358 2830 1557 2880 habebant,
1593 2831 1691 2870 clare
1715 2833 1947 2870 demonstra-

442 2904 512 2950 ret,
538 2912 632 2950 quae
661 2897 729 2934 sibi
754 2897 990 2936 necessitudo
1019 2911 1101 2936 cum
1129 2896 1190 2935 illo
1213 2897 1477 2949 intercederet,
1507 2898 1669 2938 libertati
1696 2900 1805 2938 etiam
1825 2899 1945 2951 philo-
