2028 3268
349 254 432 296 134
461 257 826 295 COMMENTARII
852 259 906 295 IN
930 258 1147 296 HORATII
1175 257 1345 296 EPIST.
1366 258 1575 299 SECUND.
1603 262 1702 299 LIB.
1721 263 1754 299 I.
1813 264 1865 304 28

348 367 455 409 1553
487 382 579 420 pag.
607 366 675 409 43.
711 370 875 406 Ursatus
901 366 950 405 de
974 368 1085 406 Notis
1111 369 1225 407 Rom.
1258 365 1419 422 (Graev.
1445 368 1568 408 Thes.
1594 373 1664 408 XI.
1694 385 1736 422 p.
1768 372 1864 412 618.

344 435 482 487 797.)‚
511 436 679 472 Pitiscus
703 436 747 472 iu
777 436 916 471 Lexic.
940 436 1074 487 Antiq.
1105 437 1219 476 Rom.
1247 437 1278 472 Ι.
1294 448 1333 486 Ρ.
1358 435 1453 476 857.
1489 435 1680 475 Raschius
1702 439 1730 475 l.
1747 438 1776 475 l.
1794 439 1863 475 III.

345 504 386 542 2.
408 516 448 553 p.
469 503 564 542 673.
607 503 692 538 Nic.
711 499 833 541 Bach.
863 500 914 538 ad
931 502 1062 539 Tacit.
1081 503 1182 553 Opp.
1201 503 1253 538 11.
1278 515 1318 552 p.
1338 501 1432 542 537.
1457 508 1495 539 et
1518 503 1566 540 G.
1586 505 1631 542 F.
1654 505 1865 542 Grotefeu-

346 567 420 606 dus
449 570 490 604 in
523 568 589 604 Gr.
616 568 687 604 lat.
719 569 772 604 ΙΙ.
804 581 843 618 Ρ.
876 568 973 608 282.
1002 568 1065 607 ed.
1095 567 1136 608 4.
1193 569 1362 605 Exsulet
1391 569 1512 618 igitur
1539 583 1591 607 ex
1616 571 1776 608 Horatio
1795 571 1865 607 ille

344 634 582 682 Palikanus,
617 640 734 684 atque
760 634 803 670 iu
830 635 912 684 ejus
942 636 1077 673 locum
1099 636 1358 673 substituatur
1375 635 1579 673 Paulliuus
1600 633 1660 688 *)!
1718 636 1866 684 Quodsi

347 703 449 751 ejus,
480 700 530 737 ad
553 713 672 752 quem
694 702 899 739 Horatius:
937 703 1097 750 Trojan.
1129 701 1223 740 belli
1243 708 1330 750 etc„
1354 703 1586 738 memoriam
1603 703 1803 741 Ferentini
1823 705 1867 740 in

344 770 442 805 turri
464 766 637 819 quadam
653 769 840 805 marmori
865 769 1094 819 inscriptam
1115 769 1196 819 legi
1218 769 1351 806 scribit
1371 766 1498 819 Raph.
1523 769 1798 807 Volaterranus
1823 771 1867 806 in

346 835 610 871 Commentar.
629 835 723 872 Urb.
744 849 785 886 p.
803 836 920 883 605.‚
951 849 1042 872 cum
1065 837 1152 873 aliis
1172 848 1298 872 errare
1317 835 1516 886 putandus
1540 843 1612 874 est.
1668 835 1868 874 Iudicatur

346 902 453 938 enim
485 903 565 949 ,‚M.
585 902 736 939 Lollius
764 903 808 940 C.
834 903 878 938 F.
905 902 1043 950 Cos.,“
1073 905 1220 954 quippe
1243 903 1312 954 qui
1337 915 1389 939 ex
1409 901 1483 940 hac
1503 902 1655 953 adjecta
1677 916 1774 941 voce
1794 915 1867 954 pa-

344 975 428 1016 ter,
458 981 539 1006 non
564 969 668 1006 filius
697 968 916 1007 censendus
948 970 1012 1006 sit.
1069 971 1218 1006 Multae
1248 976 1384 1006 tamen
1409 983 1469 1007 res
1493 983 1559 1007 me
1581 969 1795 1018 inducunt,
1824 975 1870 1006 ut

345 1035 524 1083 credam,
556 1034 682 1087 Raph.
713 1037 1014 1074 Volaterranum
1047 1043 1086 1073 et
1114 1038 1328 1074 mutilatim
1362 1043 1400 1074 et
1435 1038 1512 1075 alio
1545 1037 1681 1075 ordine
1714 1036 1868 1074 dedisse

344 1100 448 1139 hano
478 1104 788 1153 inscriptionem.
846 1103 997 1140 Similis
1020 1105 1126 1140 enim
1156 1105 1301 1154 legitur
1329 1117 1392 1154 ap.
1420 1104 1531 1141 Grut.
1557 1118 1597 1155 p.
1632 1105 1723 1152 166,
1751 1104 1804 1151 1.,
1825 1105 1869 1140 in

346 1182 424 1220 qua
459 1170 614 1207 Lollius
650 1170 733 1218 ,‚M.
766 1171 812 1207 F.
851 1171 968 1212 Cos.“
1010 1172 1153 1208 rectius
1182 1172 1432 1218 nominatur,
1471 1172 1505 1208 si
1531 1183 1732 1221 compares
1762 1171 1869 1208 Fast.

344 1237 505 1286 Magist.
526 1238 639 1274 Rom.
659 1237 819 1286 (Graev.
840 1236 964 1275 Thes.
982 1240 1051 1278 XI.
1076 1251 1116 1289 p.
1136 1237 1251 1289 212.)
1274 1250 1297 1273 a
1311 1236 1453 1288 Pighio
1477 1238 1674 1275 restitutos
1694 1239 1869 1289 itemque

343 1304 449 1340 Fast.
478 1304 639 1341 Consul.
673 1304 840 1355 Capitol.
874 1304 936 1342 ed.
963 1307 1151 1343 Laurent.
1178 1318 1217 1354 p.
1247 1302 1314 1344 49.
1344 1306 1412 1356 qui
1446 1303 1496 1341 ad
1528 1317 1563 1341 a.
1592 1317 1632 1345 u.
1664 1305 1759 1344 732.
1787 1305 1868 1352 ,,Μ.

343 1371 449 1408 Loll.
472 1372 525 1406 Μ.
551 1372 626 1407 F.“
658 1370 801 1415 eodem
830 1371 948 1409 modo
976 1370 1205 1423 perhibent3
1234 1385 1364 1423 neque
1397 1371 1446 1408 de
1473 1369 1549 1408 hoo
1574 1369 1724 1420 adjecto
1748 1372 1870 1421 patris

344 1439 509 1476 nomine
536 1436 708 1475 dubitari
741 1440 911 1490 amplius
944 1440 1060 1488 licet,
1099 1440 1135 1476 si
1160 1451 1300 1476 verum
1333 1445 1413 1486 est,
1450 1439 1505 1476 M.
1545 1439 1720 1475 Lollium
1754 1436 1872 1475 Cous.

347 1503 561 1556 aliquando
587 1507 840 1543 triumvirum
864 1507 1106 1544 monetalem
1126 1507 1263 1543 fuisse.
1321 1508 1516 1543 Nummus
1545 1506 1651 1542 euim
1669 1502 1883 1541 Romanus

347 1571 430 1622 (ap.
461 1570 604 1610 Rasch.
628 1574 680 1611 H.
707 1575 748 1613 2.
771 1587 812 1624 p.
838 1574 959 1613 1817.
979 1587 1040 1611 nr.
1067 1574 1178 1625 230,
1207 1574 1250 1610 iu
1281 1585 1358 1624 quo
1390 1573 1518 1623 capita
1545 1573 1583 1609 J.
1611 1572 1722 1608 Caes.
1752 1577 1869 1622 atque

344 1640 518 1688 Augusti
547 1639 684 1688 jugata
726 1646 957 1688 cernuntur,
1008 1638 1171 1677 exhibet
1204 1653 1362 1692 quoque
1396 1651 1542 1676 nomen
1571 1639 1652 1686 ,‚M.
1683 1638 1788 1675 LolL
1814 1639 1868 1676 M.

346 1706 392 1742 F.
422 1708 493 1742 111.
521 1707 630 1744 Vir.“
663 1707 691 1743 i.
723 1720 758 1743 e.
787 1708 983 1743 triumviri
1007 1707 1231 1744 monetalis.
1290 1706 1390 1742 Cum
1413 1704 1489 1743 hoo
1516 1718 1682 1742 nummo
1713 1705 1869 1754 egregie

347 1773 544 1810 consentit
568 1773 687 1809 inser.
720 1775 871 1811 Romae
894 1774 938 1810 in
967 1781 1087 1825 ponte
1113 1773 1291 1809 Fabricio
1316 1779 1491 1823 reperta,
1521 1773 1562 1808 in
1591 1785 1667 1823 qua
1693 1771 1870 1822 ejusdem

348 1841 576 1878 consulatus
607 1842 800 1879 memoria
827 1848 979 1890 exstat3
1006 1840 1087 1879 vid.
1111 1838 1230 1890 Pigh.
1254 1839 1400 1877 Annal.
1418 1840 1487 1877 ΙΙΙ.
1503 1853 1546 1890 Ρ.
1571 1839 1666 1880 516.
1685 1845 1725 1876 et
1742 1838 1868 1876 Noris.

437 2026 474 2072 ¹⁴¹)
497 2028 590 2062 Huic
612 2032 727 2063 tamen
748 2029 943 2063 sententiae
966 2028 1060 2062 docti
1089 2027 1222 2072 aliquot
1242 2037 1354 2073 nuper
1377 2026 1489 2061 exorti
1520 2030 1602 2061 sunt
1623 2025 1785 2071 acutique
1808 2024 1869 2058 ad-

347 2084 517 2128 versarii,
553 2085 609 2119 vir
634 2086 756 2120 doctus
781 2087 919 2131 quidam
941 2085 979 2119 in
1001 2085 1196 2119 Zimmerm.
1219 2083 1310 2128 Allg.
1334 2083 1474 2118 Schulz.
1500 2083 1600 2117 1828.
1633 2082 1683 2115 Π.
1705 2094 1743 2128 Ρ.
1770 2081 1870 2116 1066.

349 2141 549 2175 Schmidius
572 2142 616 2175 ad
638 2142 757 2188 Epist.
783 2144 838 2177 18.
864 2155 900 2188 p.
923 2142 1004 2176 371.
1029 2147 1068 2176 et
1090 2141 1267 2185 Stangius
1291 2140 1314 2175 l.
1330 2141 1355 2175 1.
1376 2153 1414 2187 p.
1442 2141 1460 2174 1
1477 2159 1522 2164 —
1537 2141 1585 2182 8.,
1610 2148 1754 2183 quorum
1775 2141 1869 2171 uter-

347 2206 416 2242 que
438 2197 496 2231 ille
518 2198 736 2243 suspicatur,
770 2210 958 2243 cognomen
989 2198 1059 2232 viri
1079 2198 1236 2232 infamati
1258 2197 1284 2231 i.
1309 2209 1342 2231 e.
1365 2196 1468 2231 Lollii
1493 2195 1652 2230 Consulis
1675 2194 1753 2229 733.
1778 2204 1811 2226 a.
1834 2204 1869 2227 u.

347 2254 451 2287 Varr.
477 2266 498 2288 a
519 2255 669 2300 posteris
701 2261 866 2290 mutatum
890 2267 979 2290 esse.
1032 2255 1087 2290 Ad
1109 2255 1198 2289 hanc
1218 2253 1422 2289 sententiam
1451 2252 1504 2286 ita
1525 2251 1661 2285 accedit
1682 2249 1871 2295 Rupertius

348 2312 393 2346 ad
417 2312 505 2346 Τειο.
528 2313 618 2346 Ann.
633 2314 669 2356 3,
693 2312 750 2347 48.
774 2326 810 2358 p.
834 2313 926 2357 319„
952 2317 991 2347 ut
1015 2323 1204 2356 cognomen
1228 2311 1283 2346 vel
1306 2314 1469 2345 mutatum
1490 2307 1542 2341 uti
1565 2306 1641 2341 aliis
1662 2316 1872 2351 praenomen

349 2368 405 2402 vel
435 2369 533 2412 genti
561 2368 694 2403 Lolliae
724 2369 853 2414 duplex
878 2369 988 2402 fuisse
1012 2368 1144 2402 credat.
1198 2368 1246 2402 At
1276 2368 1320 2402 de
1347 2365 1535 2400 mutatione
1564 2361 1777 2407 cognominis
1806 2362 1871 2396 du-

347 2425 455 2459 bitari
479 2430 613 2471 potest,
646 2426 815 2471 siquidem
840 2425 989 2472 proximi
1020 2430 1211 2470 temporum
1242 2424 1376 2458 illorum
1397 2422 1586 2467 scriptores
1608 2430 1774 2465 nusquam
1797 2418 1872 2462 ejus

348 2481 402 2515 rei
427 2482 558 2516 faciunt
582 2483 801 2526 mentionem,
826 2491 1021 2526 quanquam
1045 2481 1162 2515 facere
1183 2481 1356 2515 debebant
1377 2478 1414 2512 in
1435 2489 1475 2511 re
1497 2480 1567 2511 tam
1589 2476 1701 2520 gravi.
1726 2475 1874 2520 Stangii

349 2542 463 2572 autem
485 2538 674 2584 disputatio
697 2538 735 2572 in
756 2550 797 2572 eo
821 2542 995 2580 versatur,
1019 2543 1057 2571 ut
1079 2538 1300 2580 demonstret,
1324 2547 1392 2580 „ex
1420 2533 1523 2567 simili
1537 2533 1696 2576 feminae
1717 2532 1874 2574 alicujus

349 2595 558 2638 cognomine
592 2595 635 2628 de
663 2600 768 2639 patre
800 2594 886 2628 certi
917 2594 1006 2627 nihil
1035 2595 1150 2629 statui
1178 2593 1319 2639 posse-‘⁴
1379 2590 1484 2630 Quod
1516 2600 1712 2633 quanquam
1740 2588 1875 2623 lubenti

350 2650 463 2684 animo
487 2651 718 2695 concedimus,
741 2662 809 2684 non
833 2651 957 2685 desunt
977 2654 1091 2684 tamen
1112 2650 1149 2684 in
1173 2650 1315 2684 alteram
1339 2652 1474 2693 partem
1502 2645 1668 2690 exempla,
1691 2648 1730 2679 ut
1741 2643 1872 2687 Laelia,

350 2705 426 2739 filia
452 2705 574 2750 Laelii,
610 2707 713 2740 Livia
742 2707 907 2750 Drusilla,
938 2712 1020 2741 nata
1053 2711 1152 2752 patre
1186 2706 1288 2740 Livio
1319 2705 1446 2746 Druso,
1479 2702 1648 2749 Vipsania
1668 2701 1872 2746 Agrippina,

352 2760 423 2795 filia
449 2760 637 2806 Agrippae,
662 2762 828 2808 Pompeja
849 2763 1017 2807 Paullina‚
1044 2775 1136 2808 quae
1158 2763 1231 2797 filia
1252 2762 1391 2797 videtur
1417 2760 1527 2794 fuisse
1546 2758 1703 2804 Pompeji
1723 2755 1874 2791 Paullini

352 2816 541 2851 consularis
563 2818 672 2860 (Tac.
695 2817 785 2853 Ann.
810 2819 863 2864 15,
886 2821 943 2854 60.
969 2821 1024 2864 13,
1045 2819 1123 2863 53.)
1147 2823 1184 2853 et
1206 2829 1296 2863 quae
1318 2822 1399 2852 sunt
1421 2816 1501 2850 alia.
1551 2816 1608 2850 Cf.
1633 2813 1741 2848 Orell.
1762 2813 1874 2847 Inscr-

351 2873 382 2906 Ι.
407 2885 444 2918 p.
469 2872 538 2908 463
558 2884 635 2917 sqq.
664 2873 731 2909 482
753 2887 830 2921 sqq.
886 2878 1049 2912 Ceterum
1079 2877 1250 2911 sententia
1278 2881 1397 2910 nostra
1428 2874 1626 2918 conjectura
1648 2871 1768 2906 nititur
1790 2868 1875 2903 satis

354 2928 539 2974 probabili,
563 2928 653 2964 ultra
677 2941 777 2975 quam
800 2934 965 2979 progredi
989 2946 1086 2971 nemo
1109 2932 1212 2969 facile
1234 2936 1361 2979 potest.
