2028 3268
396 279 476 322 122

459 394 511 442 Si
544 398 813 455 comportatis
847 396 971 441 rebus
1004 398 1111 442 bene
1147 399 1311 456 cogitat
1337 398 1411 442 uti.

959 282 1341 323 HORATII

1849 289 1900 328 16

1847 400 1902 442 50

460 475 543 531 Qui
577 475 687 533 cupit
720 478 794 518 aut
826 476 994 535 metuit,
1021 479 1144 533 Juvat
1176 477 1293 520 illum
1326 477 1389 520 sic
1421 475 1568 522 domus
1601 481 1645 523 et
1679 489 1766 537 res,

460 554 518 598 Ut
551 554 708 612 lippum
741 553 877 610 pictae
911 554 1102 615 tabulae,
1138 554 1326 599 fomenta
1360 553 1611 615 podagrum,-

437 738 483 772 V.
507 737 565 771 50.
597 735 821 781 comparatis.
866 736 935 771 Ms.
960 737 1067 772 Feae.
1086 739 1119 782 6,

392 806 426 829 a.
463 795 502 837 (a
520 796 551 828 1.
569 794 632 837 m.)
655 792 724 826 Ed.
750 793 860 827 Chab.
884 794 976 828 sicut
995 803 1121 840 porta-

391 850 448 885 tis.
480 850 548 884 Ms.
565 849 650 883 Bad.
677 850 710 882 1.
736 851 978 894 congregati&
1001 853 1119 887 Schol.

391 907 428 940 d.
466 917 523 951 ap.
562 904 720 939 Hoched.
761 912 918 950 conport.
966 908 1027 941 Sic
1055 920 1120 942 ms.

389 962 492 996 Dess.
520 964 552 997 1.
590 962 690 1007 Lips.
721 963 753 995 1.
779 964 814 998 3.
857 963 990 998 Graev.
1032 966 1121 998 Edd.

391 1019 541 1062 Cuning.
557 1018 714 1052 Praedic.
747 1019 804 1052 cf.
827 1031 863 1054 v.
891 1022 946 1055 11.
969 1040 1017 1045 —
1038 1022 1122 1054 bene

389 1076 505 1109 rebus.
552 1074 620 1108 Ms.
647 1086 705 1108 un.
738 1075 871 1109 Bersm.
903 1095 949 1102 —
978 1078 1121 1122 cogitet.

390 1131 460 1165 Ms.
478 1130 597 1164 Guelf.
621 1131 655 1165 3.
688 1130 759 1164 Ed.
777 1131 887 1166 Chab.

435 1188 482 1221 V.
509 1186 567 1222 51.
614 1198 657 1221 ac
678 1187 813 1221 metuit.
858 1188 946 1222 Mss.
971 1190 1066 1223 Feae
1089 1191 1120 1234 1,

390 1255 424 1277 a.
442 1256 474 1278 e.
491 1245 525 1287 2,
541 1243 576 1277 d.
599 1244 639 1287 (a
659 1245 690 1278 1.
707 1244 772 1287 m.)
788 1244 906 1278 Jaeck.
923 1245 955 1279 1.
967 1245 1003 1279 3.
1027 1245 1119 1280 Edd.

390 1300 487 1334 Feae
509 1304 546 1333 et
573 1299 693 1334 Jaeck.
717 1306 757 1334 at
779 1301 915 1335 metuit.
961 1301 1030 1335 Ms.
1054 1302 1122 1335 Bn.

389 1357 436 1390 F.
455 1361 488 1390 et
511 1356 646 1390 metuit.
685 1356 771 1391 Mss.
797 1357 893 1392 Feae
917 1359 955 1402 1,
973 1364 1004 1392 1⁴.
1026 1359 1065 1402 2,
1089 1369 1122 1393 a.

389 1413 424 1457 5,
442 1425 475 1447 a.
507 1413 666 1447 Hoched.
691 1425 722 1446 e.
748 1413 836 1447 Bad.
865 1415 897 1448 1.
940 1413 991 1447 sic
1022 1414 1123 1448 etiam

389 1469 426 1503 h.
454 1469 478 1503 l.
520 1469 638 1503 laudat
664 1470 712 1503 N.
742 1469 909 1503 Heinsius
945 1470 987 1504 ad
1015 1470 1121 1504 ovid.

388 1527 506 1559 Amor.
522 1527 557 1570 3,
569 1528 603 1569 7,
623 1526 679 1560 62.
693 1545 738 1550 —
752 1527 900 1568 juvant.
923 1527 1120 1561 Ms.Jaeck.

390 1583 425 1616 6.
441 1602 488 1606 —
503 1588 537 1616 et
552 1594 618 1615 res.
648 1582 735 1615 Mss.
754 1582 906 1626 quinque
923 1595 981 1628 ap.
999 1583 1120 1617 Lamb.

388 1638 492 1672 totid.
518 1650 575 1684 ap.
599 1638 708 1671 Pulm.
743 1647 832 1672 omn.
866 1640 1030 1683 Cruquii,
1063 1639 1124 1684 qui

388 1696 534 1739 probat,
560 1695 681 1739 quinq.
706 1707 762 1740 ap.
787 1696 922 1729 Bersm.
953 1702 1043 1740 sept.
1064 1707 1122 1740 ap.

389 1751 470 1784 Val.
502 1751 689 1794 duodevig.
730 1763 788 1796 ap.
819 1752 886 1785 Fe.
928 1764 1017 1786 omn.
1050 1752 1125 1785 fere

389 1818 447 1851 ap.
465 1807 620 1842 Hoched.
646 1809 766 1842 Guelf.
790 1810 823 1843 2.
841 1810 876 1843 3.
890 1808 924 1843 4.
947 1810 1013 1842 Bn.
1032 1820 1121 1842 omn.

388 1869 529 1908 praeter
545 1875 659 1908 unum,
678 1865 782 1899 Dess.
802 1868 835 1900 1.
850 1867 884 1899 2.
903 1866 1009 1899 Goth.
1022 1867 1121 1899 Gott.

390 1922 423 1954 1.
446 1919 545 1964 Lips.
572 1922 602 1954 1.
630 1923 662 1955 2.
683 1923 717 1956 3.
739 1922 848 1955 Dorv.
869 1924 899 1956 1.
923 1922 956 1956 2.
989 1923 1121 1956 Graev-

386 1976 530 2011 Mentel.
555 1989 664 2016 omn.‚
690 1982 727 2011 ut
749 1978 922 2021 videntur,
947 1990 1003 2023 ap.
1026 1979 1120 2015 Pott.

388 2033 507 2067 schol.
530 2035 637 2078 Cruq.
653 2034 745 2068 Edd.
763 2035 872 2068 Chab.
888 2037 991 2070 Baxt.
1007 2035 1121 2069 Bentl.

386 2089 503 2124 Maitt.
534 2091 643 2124 Gesn.
683 2097 718 2124 et
747 2095 894 2125 recentt.
925 2093 1000 2125 fere
1031 2103 1121 2125 omn.

387 2158 431 2180 ac
447 2158 513 2180 res.
530 2146 623 2180 Edd.
642 2148 730 2181 Cun.
748 2149 830 2181 San.
846 2148 959 2182 Merv.
975 2147 1121 2191 Dorigh.

386 2208 455 2236 aut
477 2214 543 2236 res.
575 2203 660 2237 Mss.
683 2204 786 2249 reliq.
811 2209 847 2238 et
863 2203 981 2237 Guelf.
1002 2205 1034 2237 1.
1055 2204 1121 2237 Bn.

386 2254 430 2294 Β.
441 2260 540 2293 Gott.
551 2261 583 2294 2.
600 2260 775 2305 Porphyr.
790 2261 882 2294 Edd.
900 2261 1005 2304 vulg„
1020 2260 1122 2295 etiam

386 2316 469 2352 Val.
493 2317 615 2362 Camp.
633 2318 839 2352 Praedicov.
869 2317 916 2351 At
932 2318 1038 2361 Feae,
1062 2317 1124 2361 qui

386 2384 431 2407 ac
453 2378 533 2407 met.
569 2374 732 2419 scripsit,
768 2374 862 2419 quod
887 2378 996 2407 metus
1023 2374 1122 2418 cupi*-

388 2429 509 2463 ditatis
541 2431 742 2465 individuus
774 2431 830 2474 (22)
868 2439 980 2463 comes
1017 2435 1119 2473 esset,

388 2487 550 2520 assentiri
565 2498 711 2531 nequeo.
757 2487 911 2531 Etenim,
928 2498 1120 2531 quanquam

388 2552 461 2576 rem
493 2543 601 2587 ipsam
633 2544 736 2578 facile
776 2546 911 2587 damus,
950 2542 1122 2588 particula

388 2604 456 2632 aut
478 2599 512 2632 h.
529 2599 551 2632 l.
575 2612 671 2634 suam
694 2601 899 2635 excludendi
919 2601 987 2634 vim
1004 2599 1120 2643 habet,

340 2693 343 2695 ,
387 2660 429 2688 ut
453 2665 574 2689 sensus
597 2658 664 2691 sit:
705 2657 776 2698 Qui
806 2658 891 2692 nihil
918 2657 1012 2691 aliud
1037 2655 1121 2700 agit,

388 2710 459 2744 nisi
482 2712 578 2756 cupit
605 2718 639 2747 et
661 2714 801 2758 metuit,
831 2714 856 2747 i.
882 2725 915 2750 e.
957 2713 1017 2758 qui
1050 2712 1123 2746 sola

389 2767 581 2812 cupiditate
604 2775 639 2803 et
653 2775 743 2804 metu
766 2771 892 2815 agitur,
913 2771 1014 2814 juvat
1027 2769 1123 2803 illum

389 2829 456 2857 etc.
481 2824 537 2858 vel
560 2831 626 2859 aut
642 2838 684 2859 ex
708 2838 771 2860 usu
794 2827 986 2861 Horatiano
1003 2825 1121 2871 requi-

389 2880 492 2922 ritur,
515 2881 597 2924 quia
619 2892 675 2915 res
699 2884 859 2917 diversae
882 2885 974 2918 inter
996 2895 1036 2917 se
1059 2895 1122 2928 op—

390 2941 576 2982 ponuntur,
600 2937 672 2971 vid.
696 2944 858 2974 annotata
882 2941 926 2974 ad
948 2941 1065 2987 Epist.
1091 2943 1122 2985 1,

1175 738 1231 774 72.
1259 750 1293 783 p.
1317 738 1371 774 15.
1402 741 1439 772 et
1470 749 1570 783 quem
1592 737 1731 774 laudavi
1753 736 1902 772 Schmid-

1176 796 1220 829 ad
1242 795 1358 840 Epist.
1382 796 1420 839 2,
1455 797 1487 839 1,
1521 796 1616 839 180.,
1654 795 1715 828 ubi
1745 795 1904 830 Handius

1176 852 1381 896 scripturam
1405 851 1537 897 aliquot
1567 852 1731 886 librorum
1755 862 1835 886 mss.
1861 862 1905 885 ac

1176 908 1287 951 reficit
1308 909 1401 942 tueri
1423 920 1491 942 non
1517 908 1665 943 debebat
1686 908 1724 942 in
1747 907 1854 942 Tura.
1871 907 1903 941 1.

1177 976 1213 1009 p.
1238 964 1318 998 462.
1377 964 1447 1004 Qui
1483 976 1558 998 cum
1588 965 1688 1000 editt.
1719 969 1806 1000 vett.
1838 969 1905 998 aut

1177 1033 1234 1054 res
1250 1022 1418 1065 scribunt,
1443 1033 1513 1054 non
1529 1021 1621 1066 apud
1635 1034 1674 1056 se
1689 1027 1905 1068 reputarunt,

1177 1087 1233 1111 res
1250 1083 1283 1112 et
1299 1079 1434 1122 domus,
1460 1082 1580 1122 utpote
1605 1077 1640 1112 vi
1663 1090 1784 1123 pares,
1805 1079 1907 1124 jungi

1177 1134 1278 1177 quasi
1310 1146 1354 1168 ex
1386 1134 1543 1168 formula.
1589 1134 1642 1168 De
1673 1146 1714 1169 ea
1746 1135 1908 1169 dixerunt

1176 1190 1293 1224 Bentl.
1321 1191 1364 1225 ad
1386 1191 1504 1236 Epist.
1530 1191 1574 1236 4,
1602 1193 1656 1226 11.
1701 1191 1842 1226 Ruhn'k.
1867 1191 1906 1225 in

1177 1247 1308 1280 Dictat.
1326 1246 1369 1280 ad
1393 1247 1499 1280 Ovid.
1516 1247 1662 1281 Heroid.
1687 1248 1742 1291 17,
1767 1247 1845 1282 159.
1870 1251 1907 1282 et

1176 1303 1272 1337 Diss.
1286 1303 1329 1336 ad
1346 1302 1428 1338 Tib.
1455 1305 1487 1347 1,
1502 1304 1535 1347 9,
1555 1304 1611 1338 12.
1657 1303 1841 1349 Scriptura
1863 1311 1907 1338 ac

1178 1367 1252 1405 res,
1290 1359 1374 1394 licet
1412 1359 1489 1394 sola
1527 1360 1724 1404 conjectura
1762 1360 1906 1404 nitatur,

1177 1417 1256 1450 usui
1287 1415 1396 1450 latino
1426 1415 1563 1460 quidem
1593 1415 1693 1452 valde
1717 1427 1906 1451 accommo-

1177 1473 1257 1506 data
1280 1478 1392 1517 neque
1406 1462 1518 1507 tamen
1531 1473 1726 1506 necessaria
1741 1477 1806 1507 est.
1830 1473 1905 1511 Ho-

1176 1529 1287 1563 ratius
1312 1529 1402 1563 enim
1426 1529 1482 1564 vel
1506 1530 1543 1562 in
1567 1528 1612 1562 iis
1638 1529 1745 1572 locis,
1782 1529 1908 1573 quibus

1177 1585 1286 1619 forma
1311 1598 1354 1619 ac
1386 1586 1514 1631 optime
1545 1585 1734 1620 convenire
1756 1585 1906 1630 videtur,

1178 1646 1213 1675 et
1238 1642 1403 1686 praefert,
1429 1647 1468 1675 ut
1484 1641 1577 1675 infra
1594 1654 1629 1676 v.
1654 1643 1710 1676 60.
1737 1647 1772 1676 et
1786 1642 1906 1687 Epist.

1179 1699 1212 1741 7,
1238 1698 1296 1732 22.
1323 1699 1376 1742 16,
1402 1699 1459 1733 73.
1485 1698 1556 1732 Od.
1573 1698 1606 1741 3,
1628 1697 1662 1741 3,
1682 1699 1715 1732 1.
1740 1698 1786 1732 al.
1833 1699 1906 1733 Cu-

1179 1754 1371 1798 ningamius
1394 1754 1431 1788 in
1460 1755 1522 1788 tali
1557 1755 1733 1788 notionum
1762 1757 1905 1800 conjun'-

1180 1811 1294 1844 ctione
1310 1811 1384 1845 fere
1399 1810 1526 1854 ubique
1548 1816 1590 1844 ac
1607 1822 1650 1844 ex
1663 1811 1802 1855 ingenio
1818 1812 1905 1846 sc‘ri-

1177 1867 1261 1912 psit.
1322 1867 1435 1900 Locos
1474 1867 1535 1900 vix
1570 1868 1730 1911 majorem
1774 1873 1905 1913 partem

1175 1924 1344 1958 indicavit
1370 1924 1405 1957 in
1427 1923 1608 1958 Animadv.
1632 1935 1663 1957 c.
1689 1923 1724 1958 4.
1749 1936 1785 1970 p.
1802 1924 1859 1959 44.

1222 1981 1268 2014 V.
1292 1979 1350 2014 52.
1395 1981 1541 2014 tabulae
1567 1980 1695 2024 pictae.
1750 1980 1812 2014 Sic
1841 1993 1904 2019 ms.

1176 2036 1272 2070 Feae
1298 2037 1337 2080 1,
1365 2047 1398 2069 o.
1429 2036 1627 2070 Hildebert.
1658 2035 1786 2071 Moral.
1817 2034 1904 2083 phil.

1178 2093 1243 2127 col.
1268 2093 1371 2136 988.‚
1408 2092 1463 2126 ed.
1491 2091 1641 2135 Cuning.
1678 2092 1794 2134 Male3
1831 2094 1905 2127 Ad-

1172 2149 1305 2193 jectiva
1343 2149 1456 2192 enim,
1490 2160 1578 2193 quae
1611 2149 1746 2183 notioni
1772 2149 1906 2189 cuidam

1178 2206 1373 2240 accuratius
1411 2204 1660 2239 describendae
1698 2201 1906 2252 inserviunt,

1178 2272 1198 2296 a
1229 2262 1344 2307 poetis
1378 2261 1604 2296 Substantivo
1632 2267 1904 2307 praeponuntur.

1178 2319 1240 2352 Sic
1263 2319 1329 2352 hoc
1351 2318 1441 2351 idem
1465 2318 1539 2352 Sat.
1559 2320 1590 2361 1,
1615 2319 1646 2362 1,
1670 2319 1727 2352 72.
1751 2319 1785 2363 2,
1804 2315 1905 2363 1,97.

1180 2375 1238 2410 Cf.
1276 2375 1428 2409 schmid.
1465 2374 1510 2408 ad
1543 2374 1660 2419 Epist.
1686 2375 1726 2418 2,
1761 2377 1799 2419 1,
1827 2375 1904 2411 144.

1177 2434 1305 2476 Wagn.
1333 2433 1377 2465 ad
1400 2431 1500 2474 Virg.
1523 2430 1612 2464 Aen.
1628 2430 1670 2475 5,
1694 2430 1772 2465 840.
1801 2432 1904 2466 Jahn.

1177 2489 1221 2522 ad
1256 2489 1357 2532 Virg.
1396 2487 1524 2520 Moret.
1559 2488 1616 2522 29.
1659 2486 1685 2520 l.
1711 2488 1757 2522 ad
1786 2500 1822 2523 v.
1846 2489 1904 2523 41.

1176 2545 1332 2587 laudato,
1361 2555 1552 2588 quanquam
1588 2544 1729 2578 alterum
1755 2544 1906 2579 ordinem

1179 2601 1271 2645 apud
1295 2611 1388 2645 pros.
1414 2605 1503 2633 orat.
1530 2599 1721 2645 scriptores
1745 2601 1906 2645 reperiri,

1177 2663 1219 2690 nt
1238 2657 1326 2690 Suet
1344 2656 1471 2690 octav.
1490 2658 1561 2700 72.,
1586 2657 1663 2690 Cic.
1680 2657 1784 2691 Verr.
1803 2659 1834 2700 1,
1849 2657 1906 2700 21,

1177 2712 1235 2748 55.
1278 2712 1414 2747 minime
1452 2725 1629 2758 negamus.
1655 2733 1702 2739 —
1738 2718 1907 2752 tomenta.

1178 2769 1240 2802 Sic
1261 2770 1410 2813 conjecit
1423 2770 1594 2805 Buherius
1610 2775 1699 2805 teste
1711 2769 1908 2811 Bul-manno

1178 2826 1222 2859 ad
1244 2826 1384 2859 Anthol.
1410 2827 1470 2860 lat.
1495 2827 1544 2861 II.
1574 2840 1612 2872 p.
1638 2827 1739 2870 485„
1773 2826 1909 2871 recepit

1178 2883 1332 2924 Wakef„
1357 2886 1552 2928 approbant
1569 2882 1750 2918 Eichstad.
1774 2883 1817 2916 ad
1839 2890 1906 2914 van

1179 2939 1328 2974 Ommer.
1345 2952 1382 2985 p.
1398 2942 1478 2976 218.
1502 2947 1570 2975 etc.
1594 2941 1702 2975 Gom.
1722 2940 1759 2971 in
1772 2932 1906 2970 Hauffii
