2028 3268
122 260 206 303 127
262 254 641 297 COMMENTARII
667 255 727 297 IN
755 254 980 298 HORATII
1006 253 1106 294 LIB.
1128 254 1160 294 1.
1185 252 1351 293 EPIST.
1371 251 1518 292 SEPT.
1590 252 1675 295 399

121 384 248 424 Beier.
277 382 328 422 ad
354 382 436 421 Cic.
469 383 584 422 Offic.
615 382 657 433 3,
687 380 730 433 4,
762 383 828 424 18.
887 379 1055 419 Praeivit
1078 380 1276 418 Erasmus
1301 381 1342 418 in
1370 377 1522 431 Adagg.
1554 381 1594 429 1,
1623 381 1666 430 6,

121 451 214 499 89.;
239 452 279 490 in
307 453 535 490 sententiam
565 455 787 503 comparant
813 463 963 501 quoque
987 448 1098 487 Pers.
1127 447 1170 498 4,
1197 448 1265 490 51.
1332 449 1478 486 Tecum
1497 446 1667 485 habita.-

122 520 232 557 noris
257 532 381 571 quam
410 522 464 557 sit
490 519 564 557 tibi
590 527 705 557 curta
734 518 921 570 supellex.
979 517 1199 556 Dietionem
1227 529 1366 554 verum
1395 523 1467 563 est,
1499 518 1567 566 12,
1598 516 1668 565 23,

123 600 236 638 quam
268 586 484 626 Scholiasta
517 588 636 639 Cruq.
665 589 936 638 interpretatur
963 598 1137 636 aequum
1168 591 1225 621 est
1250 598 1302 621 ac
1327 584 1460 631 decet,
1497 583 1670 637 pluribus

121 653 286 695 illustrat
320 654 580 701 Sekmidius,
629 655 730 694 adde
757 653 886 693 Bentl.
916 654 964 692 ad
989 653 1116 705 Epist.
1149 654 1202 702 1,
1238 652 1287 702 3,
1322 653 1391 694 33.
1449 652 1590 692 Heind.
1619 653 1670 692 ad

122 722 206 760 Sat.
237 724 286 773 2,
323 722 374 772 3,
407 723 506 765 208.
564 723 723 762 Vavass.
750 721 881 761 Antib.
908 736 950 775 p.
978 722 1074 764 608.
1133 720 1240 759 Cort.
1273 721 1324 759 ad
1357 722 1438 763 Cic.
1466 721 1591 774 Epist.
1620 721 1672 760 ad

121 789 210 829 Div.
240 791 282 840 2,
322 790 391 839 17,
421 791 461 832 5.
494 795 535 830 et
562 792 613 830 ad
640 790 738 830 Plin.
768 791 841 843 Ep.
872 793 913 842 8,
939 793 980 840 2,
1015 792 1056 831 6.
1114 787 1239 840 Heyn.
1267 789 1316 828 ad
1345 788 1451 841 Virg.
1480 788 1577 828 Aen.
1601 791 1671 839 12,

123 855 222 898 694.
281 856 409 897 Thiel.
433 857 525 900 ibid.
556 861 607 909 2,
657 857 754 902 141.
810 858 873 897 De
903 858 1184 898 constructione
1223 857 1316 897 dixit
1344 857 1478 897 Beier.
1506 859 1557 897 ad
1586 858 1669 896 Cic.

123 925 239 964 Offic.
262 927 302 976 1,
328 925 397 966 39.
420 939 462 978 p.
483 927 578 969 285.
637 926 879 979 Compositio
904 931 1032 966 autem
1054 925 1257 966 verborum
1285 924 1447 964 modulo
1475 939 1526 963 ac
1549 924 1672 978 pede,

121 994 161 1032 in
189 1006 266 1045 qua
297 992 528 1033 Groebelius
559 993 603 1036 ἕν
632 993 700 1036 διὰ
730 995 850 1035 δυοῖν
876 995 1004 1044 videt,
1029 995 1079 1032 ad
1107 994 1146 1034 id
1176 1007 1298 1046 genus
1321 994 1469 1034 dicendi
1498 996 1672 1034 referen-

122 1062 214 1101 dum
236 1067 318 1113 est,
346 1062 449 1114 quod
476 1061 744 1101 illustravimus
774 1063 823 1102 ad
853 1064 903 1114 6,
933 1061 1001 1105 59.
1059 1062 1198 1115 Neque
1226 1067 1374 1114 tamen,
1403 1064 1437 1102 si
1466 1063 1671 1115 imaginem

122 1135 298 1182 spectes,
337 1130 411 1170 huc
437 1131 627 1183 pertinet,
667 1131 771 1183 quod
801 1135 1024 1183 comparant
1051 1132 1289 1171 Graecorum
1316 1131 1576 1183 proverbium:
1612 1128 1671 1185 μή

122 1196 228 1252 ὑπὲρ
257 1194 368 1239 πόδα
395 1195 442 1240 τό
469 1195 674 1251 ὑπόδημα.
731 1199 883 1239 Etenim
911 1199 1134 1251 metaphora
1160 1213 1212 1237 ac
1232 1199 1339 1251 pede
1365 1198 1414 1238 ab
1444 1201 1491 1238 iis
1514 1201 1670 1240 desum-

122 1271 191 1319 pta
214 1271 276 1305 est
293 1263 347 1318 *),
377 1267 441 1318 qui
469 1268 642 1319 corporis
671 1268 729 1306 sui
756 1273 939 1308 staturam
966 1281 1124 1307 numero
1144 1268 1284 1320 pedum
1305 1270 1522 1307 metiuntur.
1569 1270 1671 1307 Sen-

123 1336 243 1375 tentia
267 1335 400 1386 igitur:
432 1347 625 1387 „aequum
654 1339 714 1374 est
743 1341 783 1376 et
811 1342 978 1388 rectum,
1007 1349 1096 1376 suas
1122 1349 1308 1388 quemque
1335 1338 1376 1375 in
1405 1336 1582 1389 eligendo
1611 1337 1670 1376 vi·-

123 1408 187 1442 tae
217 1415 360 1454 genere
391 1405 584 1456 respicere
609 1404 756 1443 vires.“

236 1528 279 1576 *)
300 1531 418 1572 Quum
437 1531 601 1565 modulus
619 1530 677 1565 hic
694 1541 862 1567 mensura
881 1532 932 1566 sit
944 1557 954 1576 ,
992 1531 1168 1567 Graevius
1186 1534 1228 1566 ut
1254 1531 1314 1566 hic
1341 1532 1456 1567 metiri
1471 1533 1580 1578 pede,
1614 1532 1670 1567 sic

125 1589 252 1622 ducere
281 1589 385 1622 modo
412 1587 510 1632 apud
540 1587 709 1622 Tacitum
742 1588 1054 1634 interpretandum
1082 1589 1223 1624 censuit
1255 1589 1293 1623 in
1324 1590 1464 1634 Syllog.
1494 1589 1616 1635 Epist.
1647 1601 1671 1624 a

122 1644 245 1678 Burm.
267 1644 358 1678 edit.
383 1644 447 1678 IV.
468 1655 505 1688 p.
527 1643 626 1688 318.,
648 1645 709 1692 qui
729 1645 830 1680 locus
851 1646 994 1691 (Agric.
1016 1645 1050 1689 6,
1073 1644 1128 1691 7.)
1147 1645 1294 1692 nuperis
1314 1646 1425 1680 Fossii
1444 1651 1481 1680 et
1500 1647 1671 1692 Herzogii

123 1700 220 1734 curis
239 1701 438 1735 luculenter
462 1697 665 1736 illustratus
688 1707 757 1737 est.
815 1703 952 1739 Nescio
980 1709 1120 1749 autem,
1154 1713 1236 1738 num
1262 1702 1360 1738 illam
1389 1702 1668 1750 explicat-ionem

122 1758 355 1804 respexerint
371 1758 596 1804 interpretes
617 1759 830 1794 doctissimi.
