2028 3268
240 252 611 292 COMMENTARII
640 251 695 290 IN
723 249 944 290 HORATII
973 247 1144 286 EPIST.
1175 247 1318 286 PRIM.
1348 245 1448 284 LIB.
1478 246 1510 282 1.
1595 239 1650 283 95

112 367 254 406 Octav.
280 367 458 404 Ferrarii
486 365 702 404 dissertatt.
725 363 826 403 duae
843 386 900 391 —
923 376 947 400 a
966 363 1033 400 J0.
1089 361 1270 399 Fabricio
1301 358 1445 398 editae.
1479 359 1650 396 Helmst.

109 435 232 476 1720.
248 447 287 487 p.
310 433 478 482 6—37.‚
507 435 556 470 E.
585 433 924 472 W’chelhausen:
955 431 1055 468 iiber
1074 429 1138 468 die
1158 429 1290 468 Ba'der
1310 427 1381 467 des
1399 425 1651 466 Alterthums

107 509 183 540 eto.
205 500 343 541 Manh.
365 516 406 540 u.
427 501 613 540 Heidelb.
633 502 756 542 1807·
776 514 817 552 p.
845 499 898 541 14
919 512 1031 552 sqq.‚
1066 498 1268 537 Wistem.
1292 496 1343 535 ad
1380 497 1553 546 „Palast
1581 494 1651 532 des

107 571 283 610 Scaur.“
311 584 354 622 p.
387 572 626 612 199——228-
683 570 898 607 Historiam
926 568 1165 606 balneorum
1209 572 1390 604 accurate
1419 570 1651 617 persecutus

107 646 167 678 est
194 638 343 677 Sachse
366 640 433 676 in:
482 667 507 687 ‚,
522 636 667 676 Gesch.
689 651 730 676 u.
750 635 1050 687 Beschreibuug
1072 635 1143 673 der
1161 637 1269 672 alten
1290 634 1406 672 Stadt
1424 636 1540 672 Rom.
1552 634 1576 653 “
1599 633 1650 670 11.

108 721 150 759 p.
171 708 254 748 296
275 719 366 760 sqq.
387 714 426 744 et
451 720 553 759 quae
577 708 617 744 in
640 708 804 745 urbibus
831 719 965 743 massa
989 704 1145 742 ardenti
1174 705 1326 742 obrutis
1349 717 1477 755 nuper
1497 708 1652 754 reperta

110 783 224 825 sunt,
252 775 530 814 describuntur
554 777 615 812 in:
647 774 919 825 „Pompeji.“
955 775 1067 825 Lips.
1095 787 1158 825 ap.
1180 775 1440 823 Baumg'artn.
1468 768 1591 811 1834.
1620 771 1652 806 1.

111 859 151 896 p-
188 842 268 886 141
293 858 382 898 sqq.
415 843 650 886 179—183.
693 843 789 894 [W.
820 843 935 891 Gell,
968 843 1219 893 Pompeiana
1250 848 1325 878 ete.
1355 838 1425 877 the
1455 840 1581 876 result
1612 837 1658 876 of

112 925 252 951 excav.
266 914 374 951 since
393 913 518 953 1819.
541 910 671 949 Lond.
688 910 810 952 1835.
840 912 931 949 Vol.
953 912 985 948 I.
1009 909 1126 962 chap.
1142 912 1210 949 VI.
1231 911 1316 948 VII.
1342 911 1444 956 Hirt,
1458 905 1653 944 Gesch.d.

109 978 239 1019 Bauk.
250 983 320 1019 111.
339 979 567 1019 Absch.vl.
585 979 934 1031 Bk.]—tonsores,
957 980 1006 1018 de
1019 978 1082 1017 his
1094 977 1177 1017 vid.
1200 978 1379 1015 Schmid.
1407 976 1459 1013 ad
1471 977 1599 1027 Epist.
1612 977 1653 1021 7,

110 1049 177 1090 50.
207 1056 247 1086 et
270 1049 393 1088 Both.
428 1047 479 1085 ad
510 1049 631 1085 Feam
650 1063 692 1100 p·
721 1050 814 1090 170.
876 1050 938 1086 Cf.
966 1049 1124 1100 Bb'ttig.
1150 1048 1300 1086 Sabina
1328 1061 1368 1098 p.
1390 1046 1474 1086 333
1499 1056 1589 1096 sqq·
1615 1048 1655 1079 et

107 1117 280 1169 interpp.
305 1116 356 1155 ad
377 1119 536 1155 Petron.
557 1117 627 1157 73.
653 1116 716 1154 ed.
739 1117 887 1155 Bur-m.
917 1143 964 1148 -
985 1118 1177 1155 conducto
1204 1142 1252 1146 —
1275 1114 1459 1152 triremis.
1498 1114 1584 1150 Hoc
1605 1110 1654 1148 de

109 1185 205 1236 ipsis
224 1185 303 1222 dici
315 1186 636 1236 navigationibus
655 1187 779 1222 animi
798 1199 917 1223 causa
933 1186 1062 1234 factis,
1083 1184 1225 1223 suadet
1242 1191 1350 1222 totus
1366 1182 1656 1220 sententiarum

107 1264 251 1303 nexus,
281 1253 424 1292 docent
441 1267 502 1291 res
521 1255 626 1290 inter
645 1267 687 1292 se
709 1255 928 1291 contrariae
944 1253 1060 1291 cond.
1082 1266 1178 1290 nav.
1201 1259 1240 1289 et
1253 1253 1362 1302 priv.
1386 1252 1494 1294 trin,
1512 1249 1655 1301 probat

110 1319 284 1374 denique
305 1323 436 1360 omnis
458 1323 639 1359 omnium
658 1322 898 1373 populorum
924 1323 1046 1359 maris
1066 1322 1291 1359 accolarum
1318 1316 1586 1366 consuetudo,
1610 1323 1655 1354 ut

110 1390 287 1437 mireris,
317 1388 613 1440 Elberlingium
638 1391 680 1426 in
701 1389 889 1428 Seebodii
912 1392 960 1428 N.
981 1388 1145 1430 Archiv,
1169 1389 1291 1430 1830.
1325 1391 1375 1426 N.
1407 1386 1478 1428 34·
1504 1400 1546 1438 p-
1569 1386 1654 1426 266

110 1468 200 1509 sqq.
231 1463 320 1494 tum
338 1456 387 1494 de
403 1457 629 1494 triremibus
650 1459 896 1509 privatorum
914 1456 1128 1495 hominum
1143 1458 1314 1510 propriis
1326 1486 1336 1504 ,
1360 1463 1448 1493 tum
1467 1454 1517 1492 de
1537 1455 1654 1491 navi-

110 1525 336 1576 gationibus
358 1526 483 1562 animi
502 1537 621 1562 causa
639 1539 662 1563 a
682 1527 804 1577 vulgo
826 1528 1020 1578 susceptis
1033 1526 1283 1564 dubitantem
1304 1523 1371 1562 hic
1383 1523 1489 1561 nihil
1506 1522 1654 1561 vidisse

108 1593 187 1630 nisi
203 1591 405 1645 quandam
425 1594 715 1631 inconstantiae
735 1596 954 1645 imaginem
977 1607 1000 1632 a
1021 1596 1291 1646 navigatione,
1316 1594 1380 1631 cui
1399 1592 1586 1630 Horatius
1608 1598 1655 1628 ut

107 1661 234 1713 Epist.
258 1663 306 1710 2,
335 1662 381 1710 2,
409 1661 491 1701 199
507 1673 595 1712 sqq.
625 1662 750 1699 vitam
775 1662 998 1701 humanam
1017 1676 1246 1715 comparare
1266 1662 1432 1710 soleret,
1470 1662 1653 1712 petitam.

108 1730 163 1767 Ut
182 1727 336 1777 demus,
360 1730 456 1766 certi
477 1728 575 1782 quid
597 1742 650 1766 ex
665 1729 754 1768 loco
777 1731 964 1769 Plautino
985 1730 1087 1769 Rud.
1105 1730 1143 1780 4,
1162 1733 1200 1780 2,
1220 1732 1275 1771 27
1297 1743 1386 1782 sqq.
1416 1730 1554 1781 colligi
1570 1741 1654 1766 non

108 1809 238 1849 posse,
265 1795 365 1835 haec
385 1799 493 1849 ipsa,
524 1809 626 1850 quae
653 1797 874 1836 afferuntur
899 1801 1056 1838 Horatii
1077 1799 1219 1838 verba:
1250 1806 1387 1836 utram
1414 1811 1518 1835 nave
1532 1798 1654 1849 ferar

109 1879 261 1918 magna
277 1879 333 1903 cm
350 1879 510 1916 parva,
538 1865 660 1917 ferar
678 1879 784 1902 unm*
805 1874 842 1903 et
863 1867 969 1904 idem
995 1892 1045 1898 --
1075 1881 1182 1917 rem,
1217 1881 1341 1920 quam
1368 1868 1652 1918 intelligimus,

110 1935 286 1986 itemque
303 1933 376 1972 0d.
395 1935 434 1982 2,
453 1934 518 1982 16,
539 1935 623 1983 21.,
641 1934 681 1983 3,
702 1935 740 1983 1,
756 1935 825 1975 39.
846 1934 1166 1988 (ibiq.Mitseh.)‚
1183 1937 1277 1974 Tib.
1296 1937 1333 1985 1,
1353 1934 1393 1984 4,
1414 1934 1651 1975 45.Dissen.

112 2002 182 2051 qui
198 2001 278 2038 loci
294 2001 426 2038 virum
446 2001 609 2040 doctum
624 2003 827 2053 fugerunt,
858 2005 954 2042 satis
971 2010 1181 2041 testantur.
1215 2003 1320 2042 Nam
1335 2004 1456 2053 unde,
1490 2017 1652 2057 quaeso,

111 2066 331 2106 similitudo
351 2067 571 2120 quaedam,
599 2071 679 2107 nisi
699 2083 721 2107 a
741 2085 783 2108 re
802 2073 890 2122 ipsa
907 2069 1063 2124 petita?
1121 2073 1174 2109 Et
1192 2074 1282 2124 quis
1305 2080 1387 2122 est,
1415 2075 1497 2125 qui,
1527 2086 1654 2125 quum

111 2137 152 2173 in
169 2148 256 2174 voc.
282 2136 449 2172 triremis
466 2134 616 2184 haeret,
645 2141 783 2188 poetas
805 2139 898 2190 plus
918 2141 1104 2177 minusve
1123 2141 1255 2178 facere
1277 2139 1462 2178 nesciat?
1503 2140 1655 2187 Quodsi

110 2203 220 2241 idem
234 2204 282 2242 V.
305 2202 344 2240 d.
366 2202 499 2240 addit:
530 2207 691 2253 „Nemo
717 2213 852 2243 autem
871 2207 1057 2258 probabit
1085 2207 1165 2244 dici
1191 2221 1309 2259 posse
1333 2222 1480 2246 nauseo
1501 2208 1654 2246 condu-

110 2279 171 2309 cto
196 2273 360 2323 navigio
374 2300 390 2317 ,
419 2273 475 2309 ita
503 2279 548 2310 ut
577 2274 822 2324 significetur
845 2287 911 2311 me
937 2276 1147 2326 navigium
1173 2276 1354 2314 fastidire
1382 2284 1421 2314 et
1451 2283 1655 2314 mutatum

110 2341 236 2389 velle;
266 2347 355 2378 tum
370 2353 502 2392 neque
525 2340 746 2380 admodum
763 2342 939 2380 facetum
958 2341 1036 2381 hoc
1055 2351 1127 2393 est,
1156 2357 1289 2396 neque
1303 2346 1468 2383 Horatio
1485 2343 1653 2396 dignum

105 2407 387 2459 judicandum,
418 2410 474 2458 si,
507 2422 633 2462 quum
654 2418 783 2448 cetera
802 2412 1093 2449 inconstantiae
1113 2415 1302 2465 exempla
1324 2415 1494 2464 singulis
1519 2414 1652 2452 verbis

109 2477 294 2527 tetigerit,
310 2475 376 2514 hic
393 2479 435 2514 in
454 2478 715 2529 ambiguitate
735 2493 808 2531 per
825 2479 926 2517 duos
944 2480 1029 2517 fere
1050 2493 1188 2518 versus
1212 2482 1387 2519 luserit“
1400 2505 1456 2510 —-
1475 2483 1652 2535 primum

110 2546 372 2582 necessariam
389 2559 493 2597 nego
529 2548 649 2584 istam
677 2548 1072 2599 interpretatione1n3
1111 2561 1208 2586 nam
1232 2557 1401 2587 nauseat
1421 2549 1462 2588 h.
1489 2552 1518 2589 1.
1546 2550 1650 2590 nihil

111 2611 223 2650 aliud
250 2619 310 2650 est
328 2614 407 2650 nisi
430 2614 615 2665 displicet
640 2614 720 2652 sibi
730 2644 745 2661 ‚
784 2623 830 2653 ut
857 2629 920 2668 ap.
948 2617 1030 2654 Cic.
1051 2618 1100 2654 N.
1120 2617 1169 2654 D.
1198 2620 1242 2666 1,
1271 2618 1350 2666 30,
1376 2618 1443 2661 84.
1473 2621 1651 2669 confiteri

103 2681 240 2731 potius
258 2682 404 2718 nescire
416 2711 428 2730 ,
460 2683 568 2733 quod
583 2686 778 2731 nescires,
808 2699 930 2736 qaam
952 2686 1030 2722 ista
1051 2684 1291 2737 effctientem
1318 2699 1510 2725 nauseare
1530 2695 1649 2740 atque

111 2749 242 2798 zpoum
262 2747 340 2785 sibi
358 2749 593 2798 displicere?
633 2765 736 2805 quae
765 2760 967 2804 postrema
986 2755 1107 2792 verba
1139 2766 1229 2791 eam
1260 2755 1310 2793 ob
1337 2767 1497 2794 causam
1514 2757 1648 2795 Hein-

109 2815 260 2864 dorfi'us
279 2829 351 2868 pro
379 2818 728 2869 interpretamento
753 2822 866 2860 verbi
890 2836 1007 2859 naus.
1037 2820 1223 2860 habebat.
1280 2823 1412 2870 Quum
1433 2833 1567 2864 autem
1587 2834 1648 2865 tot

109 2885 190 2921 sint
211 2883 450 2936 displicendi
473 2899 638 2939 genera,
670 2893 760 2944 quis
779 2897 858 2939 est,
889 2891 960 2943 qui
984 2903 1056 2942 pro
1083 2891 1290 2943 explorato
1308 2891 1477 2943 habeat,
1510 2902 1647 2933 utrum

110 2953 313 3003 navigium
332 2957 498 3006 pauperi
524 2955 791 3010 displicuerit,
822 2958 864 2996 id
893 2958 1003 3011 quod
1028 2960 1175 2998 sentire
1198 2959 1384 3000 videntur
1407 2963 1648 3003 Scholia-stes
