2054 3268
380 236 436 278 22
732 235 950 275 HORATII
980 235 1120 271 LIBRI
1145 234 1178 270 1.
1216 232 1477 270 EPISTOLA
1504 234 1536 270 1.

450 351 603 409 Liber,
631 349 886 407 honoratus,
926 345 1130 405 pulcher,
1167 359 1247 391 rex
1282 346 1460 404 donique
1489 358 1655 405 regum,

448 428 678 487 Praecipue
716 439 862 483 sanuS‚
898 424 978 468 nisi
1016 437 1139 482 quum
1166 426 1315 484 pituita
1347 423 1527 468 molesta
1560 426 1642 467 est.

385 570 454 602 tus.
493 566 550 599 Ex
566 576 634 609 qua
648 575 687 597 re
703 567 806 607 atque
823 573 866 596 ex
882 566 1001 596 annot.
1020 562 1066 597 ad
1080 574 1116 597 v.
1167 562 1221 598 dri
1236 561 1363 597 Rhaeti
1379 561 1515 596 nomine
1538 559 1767 606 conscriptam
1790 559 1901 594 homi-

386 623 443 657 16.
462 626 623 666 apparet,
642 618 807 652 hominem
824 619 995 652 eruditum
1011 618 1120 652 fuisse
1168 619 1269 652 nibus
1294 618 1443 652 literatis
1467 617 1602 652 erudite
1632 616 1770 662 aperuit
1791 615 1902 649 Eich-

382 678 538 722 jocorum
568 675 837 708 Horatianorum
868 679 928 708 aut
965 674 1120 718 ignarum
1168 674 1313 717 stadius,
1330 673 1396 706 Vir
1411 673 1524 718 Exc.,
1555 674 1593 708 in
1610 672 1800 707 Paradoais
1821 670 1902 716 qui-

386 734 447 765 aut
478 741 623 763 osorem.
681 729 850 763 Similiter
882 730 1036 765 offensus
1068 735 1123 765 est
1170 730 1265 764 busd.
1293 728 1497 763 Horatianis
1526 733 1682 764 octavum
1713 727 1904 774 propositis

387 785 504 830 Epist.
523 786 555 828 l,
572 786 606 827 9,
622 783 679 818 44.
726 784 912 830 Postquam
928 787 1016 820 haec
1030 787 1118 821 scri-
1173 785 1282 819 Jenae
1306 786 1406 820 1837.
1453 785 1619 819 Libenter
1640 787 1752 819 autem
1783 781 1903 827 acqui-

387 840 454 886 psi,
470 839 641 874 luculenta
650 841 783 885 Guyeti
798 842 834 875 in
849 854 919 876 rem
934 842 1119 877 literariam
1173 853 1254 876 esco
1270 842 1306 875 in
1321 841 1510 885 sententia,
1528 852 1618 885 quae
1633 840 1677 874 de
1692 839 1827 873 homine
1842 838 1903 872 illo

388 894 509 928 merita
524 896 667 939 ejusque
683 897 789 931 vitam
806 899 847 932 ab
856 899 913 932 Jo.
926 898 1003 933 Alb.
1015 899 1117 933 Port—
1174 908 1195 931 a
1210 897 1296 931 viris
1313 897 1445 942 aliquot
1459 897 1570 931 doctis
1585 897 1654 932 lata
1669 908 1709 943 p.
1724 897 1781 932 20.
1810 906 1901 930 com-

389 961 471 984 nero
489 951 551 985 sub
569 953 801 988 commenticio
818 953 959 989 Antonii
973 954 1117 990 Perian-
1173 959 1388 990 memoratur.
