2028 3268
445 241 530 282 364
595 242 966 283 COMMENTARII
995 243 1051 281 IN
1078 242 1295 281 HORATII
1320 241 1419 280 LIB.
1437 244 1468 281 Ι.
1489 242 1650 282 EPIST.
1672 243 1815 283 SEPT.
1901 245 1953 288 92

448 367 522 404 tuis
561 365 777 413 benefieiis,
824 365 1138 414 quemadmodum
1174 368 1239 402 tua
1276 366 1323 402 de
1359 377 1418 402 me
1456 367 1632 404 merentis
1671 367 1838 417 postulat
1873 367 1955 404 laus

446 437 558 483 atque
597 431 759 469 virtus.“
814 430 923 467 Hunc
955 430 1079 468 locum
1115 430 1299 470 brevitate
1341 443 1409 468 sua
1444 431 1556 482 paulo
1591 433 1836 471 difficiliorem
1863 433 1955 471 mire

446 502 670 537 vexaverunt
705 497 971 534 dissentientes
1008 498 1248 548 interpretes.
1307 496 1366 535 Ad
1394 511 1430 534 v.
1463 498 1530 539 20.
1560 503 1669 536 acute
1697 505 1823 539 monet
1850 501 1956 537 Mit-

445 564 700 603 sclzerliclzius
710 591 726 608 ,
779 575 882 601 suam
923 565 1174 614 comprobans
1219 566 1351 603 horum
1391 564 1588 603 verborum
1623 566 1956 616 interpunctionem

446 633 586 683 (donat
614 629 764 681 quae,)‚
793 629 983 679 „Poetam
1009 633 1157 683 prodigi
1185 633 1376 671 stultitiam
1395 632 1432 669 in
1453 645 1497 670 eo
1518 645 1673 682 ponere,
1701 633 1817 682 quod,
1846 632 1956 682 quale

443 700 483 735 id
511 698 573 746 sit,
601 697 701 746 quod
731 697 847 734 donet
873 701 912 734 et
941 698 998 734 cui
1027 698 1157 749 donet,
1182 712 1316 750 parum
1345 699 1494 736 curet.“
1537 697 1586 736 At
1603 710 1698 749 pace
1715 696 1792 735 Viri
1809 700 1955 748 summi,

443 778 518 802 non
537 762 656 801 Poeta
682 764 720 800 id
747 764 839 813 agit,
868 768 909 801 ut
930 763 1094 814 prodig.
1126 770 1165 803 et
1195 766 1359 802 stultum
1387 770 1605 815 contemptu
1630 778 1754 802 rerum
1780 765 1879 802 haud
1905 767 1958 804 ita

444 830 515 869 sibi
545 831 840 868 necessariarum
863 830 1063 880 impulsum
1088 833 1136 868 ad
1165 833 1264 870 dona
1293 833 1465 870 facienda
1499 831 1763 870 demonstret?
1807 832 1850 870 In
1877 845 1957 870 rem

443 898 615 935 laudatur
642 898 776 935 Senec.
806 896 930 947 Epist.
966 897 1062 938 120.
1120 898 1317 935 Mentitur
1339 899 1534 949 prodigus
1562 898 1792 944 liberalem,
1834 912 1958 949 quum

442 965 613 1002 multum
640 964 808 1008 intersit,
837 972 969 999 utrum
997 965 1085 1014 quis
1104 964 1198 1000 dare
1218 967 1328 1015 sciat,
1358 979 1414 1002 an
1433 979 1587 1003 servare
1605 967 1766 1003 neseiat.
1827 965 1959 1002 Multi

443 1038 535 1069 sunt
563 1032 632 1082 qui
661 1044 739 1068 non
763 1030 932 1075 donant,
962 1029 1032 1066 sed
1051 1032 1282 1080 projiciunt.
1343 1033 1452 1072 Adde
1471 1032 1594 1070 Plaut.
1616 1032 1723 1070 Trin.
1744 1033 1786 1082 4,
1817 1035 1858 1082 2,
1889 1034 1954 1074 12.

442 1098 619 1137 Nullum
648 1097 876 1144 beneficium
905 1110 983 1158 3³3oe
1011 1097 1111 1134 duco
1139 1098 1211 1142 id,
1249 1098 1382 1149 quod,
1419 1101 1486 1136 cui
1495 1099 1638 1150 facias
1647 1126 1666 1145 ,
1701 1113 1782 1136 non
1801 1099 1952 1149 placet.

441 1167 575 1204 Senec.
604 1166 652 1202 de
677 1165 810 1202 Benef.
842 1166 890 1213 2,
924 1164 988 1203 11.
1050 1164 1097 1201 Si
1119 1171 1257 1215 gratos
1285 1167 1345 1202 vis
1371 1164 1514 1202 habere
1542 1178 1638 1215 quos
1664 1163 1847 1215 obligas,
1876 1177 1955 1200 non

443 1239 598 1270 tantum
626 1231 692 1269 des
721 1237 868 1281 oportet
896 1229 1100 1278 beneficia,
1131 1231 1202 1268 sed
1228 1238 1266 1268 et
1288 1245 1425 1285 ames.¹
1468 1232 1628 1269 Isocrat.
1657 1231 1707 1268 ad
1732 1230 1893 1269 Demon.
1921 1231 1954 1278 §.

439 1301 509 1340 68.
539 1296 638 1350 μηδὲ
669 1295 738 1345 τοὶς
765 1295 934 1349 χάριτας·
956 1293 1173 1348 ἄχαρίστως
1196 1296 1460 1351 χαριζόμενος.
1515 1298 1727 1348 Epicharm.
1750 1310 1812 1349 ap.
1843 1298 1955 1335 Grot.

440 1381 479 1418 p.
510 1366 606 1407 481.
667 1361 727 1404 Ου’
758 1361 1050 1416 φιλάνθρωπος
1075 1361 1160 1416 σύγ’
1188 1365 1292 1415 εσσί,
1331 1362 1456 1406 νόσον
1485 1365 1604 1418 ἔχεις,
1634 1366 1779 1418 χαίρεις
1806 1362 1956 1411 διδούς.

440 1433 644 1471 Beier-,ad
676 1431 756 1469 Cic.
792 1433 905 1469 offic.
938 1433 976 1480 1,
1004 1430 1070 1480 15,
1104 1431 1173 1471 49.
1205 1454 1261 1462 --
1292 1431 1337 1471 V.
1361 1436 1427 1475 21.
1486 1434 1528 1471 In
1557 1434 1796 1482 sententiam,
1823 1433 1863 1470 in
1882 1444 1956 1481 qua

441 1500 639 1537 enodanda
666 1500 823 1537 fluctuat
846 1498 1066 1547 Lambinus,
1097 1500 1146 1536 cf.
1167 1499 1276 1536 Wiel.
1304 1500 1357 1538 N.
1386 1501 1440 1550 3.,
1467 1501 1559 1538 facit
1587 1500 1676 1537 illud
1705 1512 1765 1549 ap.
1795 1485 1875 1536 Cic.
1907 1499 1955 1535 de

441 1567 510 1604 Or.
531 1569 572 1614 2,
598 1566 667 1614 56,
697 1567 792 1607 261.
859 1566 912 1602 Ut
929 1571 1134 1602 sementem
1149 1566 1305 1616 feceri-5,
1335 1567 1392 1604 ita
1411 1575 1540 1604 metes.
1596 1566 1656 1604 De
1676 1571 1820 1616 segete,
1844 1578 1955 1615 quam

439 1634 591 1670 Servius
631 1633 690 1669 hic
718 1637 859 1670 terram
887 1633 1096 1682 significare
1137 1634 1249 1682 dicit,
1294 1635 1369 1672 vid.
1399 1647 1484 1672 aun.
1514 1634 1562 1671 ad
1590 1647 1626 1671 v.
1657 1634 1725 1672 86.
1781 1632 1835 1670 Ut
1863 1631 1956 1668 tulit

440 1707 478 1736 et
487 1700 613 1750 seret,
641 1700 694 1736 ita
724 1701 763 1747 2,
788 1696 855 1737 44.
883 1697 1034 1734 labitur
1059 1706 1095 1734 et
1121 1699 1289 1736 labetur.
1351 1701 1426 1737 Od.
1459 1703 1498 1750 2,
1531 1701 1597 1749 13,
1627 1700 1693 1740 20.
1721 1699 1859 1748 rapuit
1884 1711 1954 1733 ra-

433 1768 607 1816 pietque.
665 1764 706 1814 4,
735 1768 775 1813 2,
804 1766 872 1804 38.
900 1764 1006 1800 nihil
1028 1768 1159 1817 majus
1186 1787 1236 1793 —
1265 1766 1475 1811 donavere,
1504 1767 1591 1803 Nec
1618 1764 1782 1802 dabunt.
1842 1763 1952 1801 Simi-

439 1834 488 1871 lia
515 1833 667 1870 laudant
696 1831 731 1868 T
734 1832 820 1869 hiel.
848 1836 886 1869 et
913 1831 1068 1881 Forbig.
1097 1833 1146 1870 ad
1175 1830 1278 1883 Virg.
1310 1832 1404 1870 Aen.
1435 1834 1475 1882 6,
1505 1834 1600 1872 617.

550 1898 596 1936 V.
625 1901 690 1940 22.
754 1899 827 1936 Vir
856 1897 980 1934 bonus
1015 1906 1051 1934 et
1078 1913 1183 1948 sap„
1210 1904 1252 1936 ut
1275 1898 1316 1948 4,
1347 1900 1402 1948 5.,
1432 1900 1500 1936 sed
1529 1899 1588 1936 hic
1617 1911 1701 1935 cum
1729 1901 1832 1934 certa
1859 1907 1951 1945 qua-

439 1969 528 2005 dam
551 1966 823 2004 contrariorum
844 1964 1006 2014 prodig.
1038 1969 1078 2002 et
1103 1965 1213 2002 stult.
1247 1966 1404 2002 ratione.
1434 1985 1491 1993 —-
1524 1964 1657 2014 dignis
1684 1964 1744 1999 ait
1770 1975 1850 1998 esse
1873 1974 1952 2011 pa-

439 2041 568 2078 ratus,
597 2046 672 2070 non
699 2031 827 2079 rebuS,
855 2032 910 2068 uti
937 2033 1230 2081 interpretantur
1267 2032 1464 2082 Cruquius
1474 2059 1489 2077 ,
1519 2031 1689 2068 Bothius
1702 2058 1716 2074 ,
1745 2028 1954 2066 Doederli-

439 2103 547 2145 nius,
576 2100 651 2148 alii,
681 2103 722 2136 ut
751 2098 800 2135 sit
827 2096 1045 2146 Ablativus‚
1069 2099 1138 2134 sed
1166 2097 1399 2147 hominibus,
1428 2099 1467 2135 in
1491 2111 1585 2147 quos
1614 2097 1796 2135 beneficia
1824 2096 1952 2133 confe-

438 2173 578 2205 rantur.
635 2166 770 2215 Neque
797 2165 992 2214 quisquam
1020 2165 1275 2202 Romanorum
1302 2170 1379 2204 tam
1407 2166 1580 2215 ambigue
1607 2165 1753 2202 locutus
1783 2167 1863 2211 est,
1913 2166 1953 2199 at

437 2235 585 2286 dignus
614 2237 653 2270 et
681 2231 869 2282 indignus
899 2244 1013 2281 saepe
1041 2231 1212 2270 absolute
1242 2233 1426 2270 dicuntur.
1482 2232 1540 2269 Ita
1569 2232 1650 2269 Cic.
1677 2244 1738 2280 ap.
1767 2229 1874 2267 Serv.
1903 2230 1951 2266 ad

436 2301 542 2352 Virg.
571 2299 663 2337 Aen.
691 2301 738 2348 6,
788 2300 883 2338 611.
915 2298 1049 2348 dignis
1077 2298 1328 2348 largiendum
1356 2306 1425 2336 est.
1485 2299 1539 2336 Id.
1570 2299 1616 2335 de
1647 2297 1757 2334 Offic.
1789 2298 1837 2345 1,
1882 2297 1949 2344 26,

437 2371 505 2410 92.
534 2380 656 2418 quam
671 2366 862 2415 plurimis
872 2393 886 2410 ,
935 2365 1047 2402 modo
1076 2365 1232 2416 dignis,
1279 2379 1319 2402 se
1355 2365 1491 2402 utilem
1521 2363 1726 2415 praebent.
1785 2362 1900 2400 Locis
1929 2375 1952 2399 a

443 2433 644 2472 Sclzmidio
673 2433 794 2471 allatis
819 2434 917 2470 adde
945 2431 1068 2470 Bentl.
1098 2433 1144 2469 ad
1175 2433 1256 2470 Sat.
1289 2435 1329 2480 2,
1362 2434 1400 2480 1,
1429 2432 1496 2473 85.
1553 2432 1690 2470 Heind.
1719 2431 1767 2467 ad
1794 2430 1878 2468 Sat.
1909 2432 1949 2478 2,

437 2504 487 2550 2,
523 2501 614 2541 103.
668 2499 796 2538 Kiihn.
833 2503 871 2536 et
906 2498 1034 2536 Klotz.
1073 2499 1121 2534 ad
1158 2499 1238 2538 Cic.
1277 2498 1391 2535 Tusc.
1421 2496 1472 2547 4,
1509 2499 1587 2546 20,
1628 2497 1696 2538 46.
1753 2497 1874 2534 Kritz.
1911 2500 1950 2534 et

435 2568 549 2606 Fabr.
590 2569 639 2604 ad
674 2566 766 2603 Sall.
805 2567 891 2603 Cat.
931 2566 1008 2614 51,
1041 2567 1081 2606 ὃ.
1140 2564 1200 2602 Ad
1243 2565 1464 2602 sententiam
1501 2565 1598 2602 conf.
1633 2565 1714 2601 Cic.
1754 2564 1867 2601 Offic.
1907 2566 1947 2622 2,

440 2635 514 2682 15,
554 2633 619 2674 54.
649 2647 763 2683 saepe
790 2634 938 2670 idoneis
964 2630 1188 2669 hominibus
1215 2630 1479 2681 indigentibus
1507 2631 1554 2667 de
1585 2643 1626 2666 re
1643 2630 1846 2681 familiari
1871 2630 1949 2665 im-

432 2701 682 2750 pertiendum
694 2729 711 2746 ,
744 2700 814 2737 sed
849 2700 1056 2750 diligenter
1082 2706 1200 2750 atque
1222 2698 1429 2735 moderate.
1490 2696 1646 2735 Aristot.
1674 2698 1762 2735 Eth.
1796 2698 1944 2735 Nicom.

436 2767 485 2815 4,
528 2768 562 2806 1.
594 2767 645 2814 8,
686 2767 750 2806 13.
807 2768 921 2807 Rhet.
951 2770 999 2816 2,
1038 2768 1077 2806 7.
1133 2767 1265 2804 Senec.
1295 2767 1343 2803 (le
1371 2765 1502 2802 Benef.
1534 2766 1584 2813 1,
1616 2763 1679 2804 14.
1713 2763 1776 2804 15.
1832 2762 1944 2800 Conf.

436 2834 502 2871 Fr.
524 2833 674 2871 Jacobs,
699 2847 737 2883 p.
769 2836 884 2883 116.‚
924 2835 986 2884 qui
1014 2839 1116 2872 recte
1145 2834 1292 2882 docuit,
1330 2833 1459 2870 verba:
1507 2833 1691 2882 Dignum
1714 2836 1859 2880 praest.
1885 2842 1946 2865 me

436 2901 508 2939 huc
534 2901 676 2938 referri.
718 2922 768 2927 —
813 2901 859 2938 V.
890 2901 955 2942 23.
1000 2903 1104 2941 ·Nec
1131 2907 1262 2938 tamen
1290 2922 1344 2930 —-
1370 2899 1545 2951 lupinis,
1581 2900 1606 2938 i.
1636 2911 1668 2936 e.
1699 2897 1794 2934 bene
1818 2900 1943 2934 tamen
