2028 3268
404 263 487 308 398
546 269 915 310 COMMENTARII
942 270 998 308 IN
1025 269 1240 309 HORATII
1267 270 1363 309 LIB.
1385 272 1411 310 1.
1432 271 1594 311 EPIST.
1614 272 1758 312 SEPT.
1816 275 1901 318 126

404 394 563 444 aspexit,
595 396 772 442 quantum
795 392 948 430 dimissa
976 392 1117 430 distent
1139 404 1162 430 a
1187 394 1333 443 petitis:
1363 393 1478 439 dixit,
1505 399 1647 433 mature
1671 396 1800 434 redeat
1812 393 1902 434 Vol-

403 461 526 498 teius“
548 465 618 497 etc.
674 458 781 495 Hanc
810 459 1029 497 sententiam
1056 463 1206 509 praeter
1234 465 1380 498 ceteros
1406 473 1511 498 suam
1533 462 1671 500 faciunt
1689 463 1903 508 Dacerius,

405 527 610 572 Zurckius‚
637 525 856 561 novissimus
885 525 1105 575 Bipontinae
1134 527 1267 575 editor,
1295 539 1504 576 quanquam
1531 528 1564 564 is
1589 529 1706 565 semel
1729 531 1768 567 in
1790 530 1903 568 textis

403 595 518 632 habet
546 592 636 643 (vid.
656 591 822 629 Schmid.
851 593 890 629 in
914 591 1043 641 „Allg.
1065 593 1264 630 Schulzeit.
1295 593 1414 634 1828.
1443 594 1493 630 II.
1524 594 1581 631 ch.
1602 593 1703 644 92).
1759 595 1904 633 Contra

406 659 650 697 Lambinum
668 660 823 709 primus,
849 660 950 708 quod
970 660 1096 708 sciam,
1124 660 1326 709 disputavit
1345 660 1405 696 Jo.
1426 661 1538 696 Mar.
1562 661 1743 706 Mattius,
1771 665 1906 711 postea

403 730 524 774 acute,
552 730 593 764 ut
615 725 726 774 solet,
754 725 978 772 BentlejuS,
1007 738 1125 776 aeque
1146 726 1337 775 eleganter
1365 730 1495 764 contra
1523 727 1740 764 Dacerium
1772 726 1906 763 Sana·

404 794 548 840 donus,
575 797 617 830 ut
643 792 736 829 haec
765 792 961 842 explicatio
991 803 1060 843 pro
1090 794 1208 842 ejecta
1235 795 1356 843 possit
1383 794 1524 831 haberi.
1582 792 1690 831 Adde
1720 797 1758 831 et
1793 791 1907 830 Orel-

403 861 504 898 lium
529 859 653 898 sobrie
681 859 728 897 de
755 864 836 898 toto
865 859 949 897 loco
974 859 1209 908 judicantem.
1267 858 1358 908 Alii,
1385 861 1448 910 qui
1474 860 1565 898 illud
1599 860 1678 909 Qui
1701 859 1750 897 ad
1775 858 1906 897 Volte-

401 929 479 966 ium
514 928 702 975 referunt,
750 924 876 976 legant
911 938 1066 963 neeesse
1103 929 1162 963 est
1191 926 1307 963 rediit
1332 928 1571 977 repetiitque.
1631 927 1727 964 Sunt
1763 931 1903 976 tamen,

403 995 467 1045 qui
491 995 545 1031 uti
564 993 788 1040 Landinus,
822 992 1034 1043 Umquam,
1060 992 1291 1038 Mamilius,
1319 993 1554 1043 Desprezz'us
1574 994 1702 1030 eadem
1721 994 1907 1042 scriptura

402 1061 524 1098 simul
550 1061 662 1098 innixi
690 1059 780 1097 haec
810 1060 949 1097 rectius
980 1058 1124 1098 Horatii
1153 1059 1266 1096 verba
1289 1061 1388 1110 apud
1413 1060 1668 1098 Maecenatem
1694 1060 1906 1110 perorantis

403 1129 442 1166 in
461 1128 553 1165 haec
578 1129 658 1164 fere
687 1127 907 1164 sententiam
935 1138 1019 1163 esse
1046 1125 1203 1163 malunt:
1233 1128 1387 1176 „Quum
1413 1129 1571 1177 primum
1590 1127 1718 1177 aliquis
1739 1127 1904 1176 agnovit,

403 1197 583 1244 quantum
612 1194 741 1230 relicta
767 1193 995 1243 praecellant
1022 1194 1252 1243 concupitis,
1293 1194 1362 1230 is“
1391 1198 1461 1231 etc.
1492 1193 1574 1242 vel,
1618 1193 1719 1243 quod
1746 1194 1906 1242 mireris,

403 1261 451 1298 de
480 1261 666 1298 sententia
685 1259 890 1296 Marcilii:
916 1259 1156 1308 „Similiter³
1183 1260 1403 1310 quicumque
1430 1262 1576 1311 aspexit
1602 1260 1842 1297 mutationem
1867 1259 1907 1297 in

402 1329 524 1379 pejus,
553 1328 615 1365 is“
643 1331 716 1366 etc.
773 1327 908 1376 Neque
938 1325 1060 1363 locum
1085 1326 1354 1364 sollicitandum
1378 1333 1506 1366 censet
1539 1327 1690 1364 Cortius
1717 1325 1744 1364 l.
1771 1327 1819 1375 l.,
1848 1327 1907 1364 cui

403 1394 524 1432 simul
549 1399 626 1432 est:
657 1393 745 1442 „Et
771 1393 855 1442 ille,
883 1393 945 1442 qui
973 1393 1140 1444 aspexit,
1168 1406 1303 1444 nempe
1331 1407 1426 1443 ego,
1456 1394 1518 1444 qui
1543 1394 1669 1444 aspexi
1697 1414 1753 1423 ——·
1778 1394 1837 1431 fae
1860 1397 1905 1431 ut

403 1461 599 1499 re‹leam.“
654 1460 729 1498 Ubi
756 1461 793 1497 in
817 1458 991 1508 ambiguo
1017 1463 1089 1509 est,
1119 1463 1240 1497 utrum
1269 1461 1344 1498 sint
1368 1460 1484 1498 verba
1507 1461 1641 1499 Menae
1669 1473 1718 1499 an
1743 1459 1905 1500 Horatii.

401 1530 536 1568 Miram
578 1540 669 1566 sane
709 1528 931 1564 sententiam
969 1539 1036 1564 sua
1068 1527 1137 1569 sibi
1170 1526 1330 1565 lectione
1368 1528 1474 1577 Quin
1508 1528 1632 1565 simul
1654 1550 1710 1556 —
1736 1525 1907 1564 relicta?

403 1596 627 1645 excogitavit
658 1594 945 1630 Britannicus:
990 1594 1086 1643 „Ex
1113 1607 1188 1644 quo
1216 1593 1329 1632 Mena
1354 1596 1550 1644 cognovit,
1579 1599 1755 1645 quantum
1781 1592 1906 1632 excel-

402 1662 563 1700 lentiora
591 1662 666 1698 sint
694 1659 846 1697 dimissa
872 1660 1000 1710 petitis
1029 1665 1123 1711 etc.,
1169 1673 1234 1699 cur
1260 1672 1337 1699 non
1365 1665 1508 1699 mature
1537 1662 1665 1700 redeat
1692 1665 1730 1699 et
1756 1664 1905 1711 repetat

401 1727 596 1766 relicta2“
617 1726 695 1763 Sed
716 1727 835 1776 piget,
863 1725 958 1763 tales
983 1739 1101 1776 nugas
1127 1727 1282 1776 amplius
1307 1728 1464 1776 referre,
1492 1728 1628 1766 nedum
1653 1732 1696 1765 ut
1721 1726 1902 1765 refellam.

400 1794 453 1833 At
481 1793 643 1831 clausula
667 1794 896 1830 sententiose
923 1794 1161 1844 pronuntiata
1183 1796 1223 1829 et
1247 1793 1320 1843 ipsi
1340 1794 1533 1844 Epistolae
1564 1799 1604 1833 et
1639 1794 1788 1843 ingenio
1823 1792 1903 1832 Ho-

402 1861 486 1899 ratii
520 1860 676 1897 maxime
715 1863 965 1897 consentanea
1006 1863 1077 1898 est.
1134 1858 1269 1896 Similis
1298 1859 1434 1911 legitur
1460 1862 1499 1899 in
1522 1861 1644 1913 Epist.
1675 1858 1744 1909 14,
1770 1857 1825 1900 43
1843 1871 1903 1910 sq.

405 1925 536 1965 Semel
560 1926 674 1976 igitur
703 1928 746 1962 ut
775 1925 851 1963 od.
881 1923 929 1974 4,
958 1925 1007 1974 3,
1034 1927 1073 1966 1.
1128 1925 1253 1977 Epist.
1285 1928 1333 1976 1,
1366 1928 1415 1976 2,
1444 1925 1513 1966 69.
1570 1926 1797 1975 Bentlejtae,
1841 1927 1904 1976 qui

402 1992 561 2043 explicat
598 2018 635 2037 „
652 1991 734 2041 Qui
760 1993 940 2042 primum
966 1993 1144 2040 aspexit,
1190 1993 1268 2030 sive
1303 1993 1358 2029 Ut
1378 1993 1554 2042 primum
1582 1995 1671 2045 quis
1697 1994 1904 2042 aspexit,“

402 2062 593 2110 comparat
619 2057 665 2097 A.
695 2059 740 2096 P.
767 2058 864 2099 331.
893 2061 933 2095 et
955 2056 1079 2109 Epist.
1110 2059 1159 2108 1,
1188 2059 1269 2109 10,
1299 2059 1390 2106 17.;
1427 2060 1496 2099 sed
1523 2060 1757 2110 accuratius,
1795 2058 1903 2109 hujus

401 2127 474 2164 loci
500 2139 577 2164 non
599 2126 805 2174 immemor,
834 2124 881 2162 de
906 2122 975 2161 hac
1002 2123 1182 2175 particula
1210 2126 1289 2175 egit
1316 2125 1496 2164 Bac-hius
1523 2128 1572 2166 ad
1591 2128 1699 2166 Ovid.
1719 2126 1812 2165 Met.
1835 2125 1903 2176 13,

405 2193 497 2234 101.
535 2214 592 2222 —-·
626 2192 675 2230 V.
702 2192 770 2231 98.
827 2190 888 2230 Ad
914 2193 1136 2229 sententiam
1161 2203 1197 2229 v.
1225 2191 1293 2234 42.
1324 2194 1503 2232 Parvum
1524 2207 1658 2244 parva
1685 2193 1822 2232 decent
1843 2193 1903 2231 in-

402 2261 563 2298 dicatam
590 2271 710 2310 prope
738 2261 881 2298 accedit
907 2259 996 2296 illud
1023 2258 1183 2296 Phaedri
1213 2260 1251 2307 1,
1279 2259 1321 2308 3,
1351 2263 1389 2303 2.
1420 2259 1525 2311 (ibiq.
1559 2258 1766 2312 Schwab.):
1799 2260 1903 2297 Suo-

402 2340 477 2378 que
498 2328 632 2377 potius
655 2325 796 2363 habitu
822 2327 947 2363 vitam
973 2326 1110 2376 degere
1121 2354 1136 2371 ,
1182 2325 1271 2364 illud
1300 2327 1492 2365 Ciceronis
1518 2327 1566 2365 de
1598 2327 1710 2364 Offic.
1741 2328 1790 2376 1,
1831 2326 1902 2375 31,

403 2395 498 2435 110.
524 2407 594 2430 nos
622 2393 755 2429 studia
785 2399 918 2429 nostra
945 2399 1100 2429 nostrae
1127 2399 1293 2430 naturae
1318 2393 1459 2444 regula
1485 2394 1716 2440 metiamur-,-
1761 2390 1905 2431 Lucani

403 2463 449 2510 8,
491 2461 586 2503 527.
622 2459 732 2511 (ibiq.
758 2458 901 2510 Bentl.)
957 2460 1096 2496 Metiri
1126 2472 1199 2497 sua
1221 2472 1344 2511 regna
1368 2460 1476 2497 decet
1501 2461 1678 2511 viresque
1695 2460 1838 2510 fateri,
1864 2463 1904 2497 et

403 2529 568 2566 Senecae
595 2527 642 2564 de
672 2527 730 2564 Ira
757 2526 806 2574 3,
847 2526 886 2564 7.
950 2525 1106 2574 Quoties
1133 2527 1292 2578 aliquid
1314 2525 1541 2571 conaberis,
1587 2533 1624 2563 te
1650 2526 1771 2563 simul
1796 2533 1834 2562 et
1857 2539 1903 2563 ea

404 2608 503 2645 quae
524 2608 648 2644 paras
669 2592 886 2645 quibusque
905 2594 1087 2642 pararis,
1115 2595 1197 2644 ipse
1216 2595 1364 2638 metire,
1391 2593 1480 2631 illud
1497 2592 1650 2631 Luciani
1669 2592 1804 2645 (Imag.
1819 2594 1903 2644 21.)

402 2663 654 2717 παραμετρῇς
691 2662 745 2715 τῷ
773 2659 904 2713 οἰκείῳ
942 2657 1067 2710 μέτρω
1106 2657 1309 2714 ἑκάτερον,
1354 2658 1415 2697 ubi
1442 2660 1609 2698 Reitzius
1648 2660 1746 2698 hunc
1779 2658 1903 2698 locum

403 2732 594 2777 comparat
620 2739 693 2765 una
721 2738 804 2764 cum
832 2726 992 2764 dictione
1014 2720 1242 2779 ἅναμετρεῖν
1266 2724 1406 2767 ἔαυτόν
1430 2739 1491 2777 ap.
1519 2726 1708 2777 Aristoph.
1735 2727 1775 2763 in
1793 2725 1901 2764 Avib.

401 2807 438 2846 p.
467 2794 561 2834 590.
596 2798 635 2831 et
671 2797 823 2846 μετρεῖν
853 2792 895 2833 ἒν
922 2791 1074 2839 ἑαυτοῖς
1102 2790 1265 2840 ἑαυτούς
1302 2806 1364 2844 ap.
1393 2793 1499 2832 Paul.
1530 2794 1568 2831 in
1596 2792 1715 2842 Epist.
1744 2792 1795 2829 ad
1823 2791 1901 2829 Co-

401 2860 511 2898 rinth.
542 2862 581 2908 2,
612 2861 676 2909 10,
705 2862 770 2902 12.
827 2858 935 2897 Adde
961 2859 1071 2898 Pind.
1092 2860 1201 2910 Pyth.
1228 2861 1268 2908 2,
1297 2858 1363 2900 34.
1420 2860 1578 2911 Epictet.
1606 2858 1767 2898 Dissert.
1794 2859 1833 2907 1,
1860 2860 1900 2906 2,

406 2926 469 2966 10.
530 2926 633 2963 Cort.
662 2927 710 2964 ad
737 2925 878 2964 Lucan.
899 2926 940 2981 β,
968 2926 1063 2968 346.
1093 2932 1132 2966 et
1158 2927 1206 2965 ad
1224 2926 1316 2964 Sall.
1335 2927 1419 2966 Cat.
1440 2927 1509 2977 31,
1534 2930 1572 2970 2.
1591 2925 1696 2977 (ibiq.
1717 2923 1901 2974 Herzog.)
