2028 3268
447 257 531 300 328
589 258 958 299 οοΜΜΕΝΤΑΒΠ
985 259 1043 298 ΙΝ
1069 257 1816 301 HoRAT11L1B.1.EP1sT.sEx'r.
1900 232 1970 304 56⁵

442 372 547 409 tandi
573 371 726 409 habent.
783 371 897 418 Inde,
927 371 1027 419 quod
1056 372 1104 408 ad
1136 374 1306 409 naturam
1331 372 1644 411 accommodatius
1673 376 1746 422 est,
1775 373 1952 411 candida-

441 441 520 474 tum
554 438 723 487 pondera
758 437 1030 475 transilientem
1066 438 1206 475 faciunt
1235 439 1470 488 Desprezias
1499 442 1538 476 et
1562 439 1768 477 Zure-kias.
1828 439 1880 477 At
1905 453 1953 478 ne

439 502 549 540 nobis
578 515 671 539 neve
699 502 779 539 aliis
805 504 939 540 deesse
963 517 1220 554 coarguamur,
1248 506 1370 542 varias
1398 505 1560 542 virorum
1586 506 1786 544 doctorum
1805 507 1855 544 de
1881 505 1952 544 hoe

439 569 523 606 loco
559 569 763 606 sententias
802 582 914 619 quam
952 569 1168 610 brevissime
1203 572 1285 609 fieri
1309 574 1438 622 potest
1467 571 1757 611 recensebimus.
1813 572 1950 610 Acron

432 636 612 686 pondera
639 635 813 685 intelligit
841 636 1013 686 „lapides
1034 639 1096 687 qui
1115 639 1355 689 porriguntur
1375 651 1444 688 per
1462 639 1540 675 vias
1560 637 1702 688 (Schol.
1725 639 1863 689 Cruq.:
1890 639 1950 688 qui

437 716 505 752 per
524 703 600 739 vias
622 704 754 740 dantur
773 703 810 740 in
830 704 974 754 opera),
995 704 1053 741 vel
1073 705 1133 754 qui
1152 707 1200 743 ad
1219 705 1338 742 latera
1359 706 1518 755 expositi
1537 705 1688 742 altiores
1703 709 1791 744 sunt
1805 705 1951 757 (Schol.

438 770 574 819 Cruq.:
604 772 667 806 aut
688 769 765 819 [ad]
785 769 903 806 latera
923 769 1064 808 viarum
1083 772 1240 821 expositi
1260 773 1412 810 altiores
1436 770 1643 822 eriguntur)
1663 775 1701 810 et
1722 775 1780 810 est
1799 783 1951 810 sensus:

438 837 501 886 qui
519 848 668 873 manum
686 836 881 885 porrigant
900 835 1040 887 (Schol.
1064 836 1200 887 Cruq.:
1228 838 1414 890 porrigat)
1445 839 1693 876 transituro.“
1758 838 1953 889 Cruquius

434 902 548 952 igitur
576 902 660 939 loco
679 901 802 951 Epist.
823 902 863 950 2,
892 903 932 949 2,
961 903 1027 941 71.
1048 903 1142 940 male
1170 904 1308 943 abusus
1337 905 1537 956 significari
1556 905 1728 955 opinatur
1746 917 1834 942 saxa
1856 917 1952 955 pon-

435 968 584 1017 derosa,
614 981 708 1018 quae
727 967 936 1016 Hesychius
966 967 1167 1020 σπήλωνες
1185 976 1308 1021 vocet,
1335 973 1459 1023 pontis
1479 972 1562 1009 loco
1581 972 1619 1008 in
1638 971 1760 1010 hieme
1779 983 1951 1022 praeser-

433 1035 500 1072 tim
523 1035 715 1074 itineribus
734 1035 915 1084 projecta.
945 1035 1207 1074 Britannicas
1226 1051 1308 1076 cum
1325 1039 1406 1076 aliis
1427 1039 1573 1088 quidem
1594 1038 1662 1075 hac
1678 1040 1716 1075 in
1733 1051 1775 1075 re
1795 1050 1953 1076 consen-

434 1103 494 1151 tit,
510 1107 550 1140 ut
564 1102 743 1152 pondera
762 1115 846 1139 esse
866 1102 965 1139 dicat
984 1102 1126 1153 lapides
1146 1107 1209 1141 aut
1225 1117 1380 1155 magnae
1398 1105 1568 1142 materiei
1585 1117 1768 1154 acervum,
1783 1105 1852 1142 sed
1871 1115 1952 1142 ser-

433 1182 518 1207 vum
539 1170 724 1207 dominum
743 1182 848 1206 suum
865 1174 970 1209 trans
991 1183 1034 1207 ea
1055 1174 1230 1220 porrecta
1247 1172 1377 1209 dextra
1395 1171 1441 1207 ab
1461 1170 1579 1208 altera
1596 1171 1677 1208 viae
1695 1174 1803 1221 parte
1829 1170 1868 1207 in
1897 1170 1950 1207 al-

432 1238 550 1273 teram
579 1237 715 1273 ducere
741 1237 806 1286 ait,
836 1239 877 1273 ut
902 1250 971 1286 per
999 1237 1070 1274 hoc
1093 1237 1278 1287 intelligas
1306 1251 1452 1276 servum
1479 1250 1675 1289 procerum
1697 1250 1741 1275 ac
1759 1237 1949 1278 robustum

432 1303 480 1339 ad
499 1302 681 1351 quandam
701 1304 911 1341 ambitionis
932 1305 1230 1342 ostentationem.
1287 1304 1330 1341 In
1347 1303 1448 1340 illum
1471 1304 1618 1353 quidem
1645 1315 1870 1354 magnopere
1892 1303 1953 1340 in·-

431 1369 577 1406 vehitur
603 1370 807 1416 Floridus,
827 1371 895 1408 sed
912 1370 1043 1408 lectica
1060 1371 1190 1420 ipsius,
1209 1384 1278 1420 pro
1299 1383 1371 1420 qua
1388 1374 1602 1421 propugnat
1619 1371 1870 1418 vehementer,
1889 1382 1952 1406 as·-

432 1449 582 1474 sensum
595 1437 792 1475 multorum
806 1451 881 1475 non
894 1438 990 1475 tulit.
1013 1439 1251 1488 Quapropter
1275 1437 1514 1482 Torrentius,
1528 1440 1729 1488 praeeunte
1742 1435 1951 1481 Asoensio,

427 1502 605 1552 pondera
632 1505 798 1541 indicare
827 1505 897 1542 sibi
923 1506 1127 1555 persuadet
1154 1505 1357 1555 prementis
1386 1503 1536 1554 populi,
1565 1508 1606 1542 ut
1632 1505 1670 1542 in
1698 1507 1802 1542 tanta
1824 1503 1948 1540 multi-

430 1570 557 1607 tudine
584 1570 665 1608 fieri
695 1571 837 1620 soleat,
880 1585 973 1609 onus
1002 1576 1114 1622 atque
1140 1571 1348 1609 molestiam
1373 1574 1485 1620 atque
1513 1571 1607 1608 adeo
1637 1571 1811 1621 quicquid
1839 1582 1949 1608 acce·-

431 1637 520 1674 dere
547 1641 585 1674 et
609 1650 787 1686 prensare
816 1638 956 1676 volenti
982 1639 1122 1686 obstet,
1149 1643 1189 1676 ut
1217 1638 1256 1674 id
1285 1651 1393 1675 omne
1422 1637 1642 1687 propulsare
1670 1650 1752 1675 eum
1784 1636 1949 1687 compel-

430 1702 482 1740 lat
513 1703 790 1752 nomenclator,
833 1717 881 1742 ne
910 1706 1040 1754 quovis
1068 1709 1179 1755 pacto
1206 1706 1263 1753 is,
1311 1706 1373 1754 qui
1397 1705 1494 1754 apud
1521 1704 1639 1742 tribus
1666 1705 1851 1753 gratiosus
1885 1703 1948 1752 sit,

429 1783 452 1807 a
479 1770 673 1807 candidato
699 1770 838 1819 negligi
863 1771 1043 1808 videatur.
1094 1770 1242 1809 Laudat
1266 1771 1304 1808 in
1333 1783 1436 1808 suam
1462 1782 1541 1807 rem
1561 1770 1642 1806 Sat.
1657 1771 1696 1818 2,
1713 1770 1753 1818 6,
1770 1769 1946 1811 28-30,

428 1836 606 1873 Similiter
632 1836 876 1887 Doeringius
902 1838 939 1874 in
967 1838 1026 1875 ed.
1056 1839 1142 1875 min.
1173 1844 1318 1887 „artam
1342 1837 1528 1874 hominum
1555 1836 1729 1874 turbam‘⁶
1761 1837 1946 1886 intelligit.

428 1902 479 1939 At
515 1903 586 1940 le.
625 1903 841 1940 Mamilius
866 1904 982 1940 verba
1006 1905 1069 1941 illa
1093 1905 1192 1942 idem
1218 1917 1302 1942 esse
1330 1904 1442 1940 docet
1473 1915 1517 1939 ac
1555 1915 1821 1953 „corrumpere
1847 1905 1948 1941 cives

428 1969 687 2019 largitionibus
722 1972 799 2008 sive
834 1970 1030 2020 largitione
1069 1984 1136 2008 sua
1165 1971 1345 2008 excedere
1382 1969 1530 2019 publica
1557 1970 1788 2020 pondera‚“
1828 1971 1948 2007 fretus

427 2039 649 2074 auctoritate
677 2037 805 2085 Festi,
849 2038 910 2086 qui
937 2037 1074 2086 tradit,
1124 2037 1209 2087 lege
1237 2036 1328 2074 Silia
1354 2036 1582 2086 ponderibus
1610 2035 1768 2087 publicis
1795 2037 1947 2074 modum

427 2104 662 2154 praefinitum
687 2104 997 2153 magistratusque
1020 2105 1155 2142 vetitos
1185 2116 1270 2141 esse
1297 2104 1438 2153 majora
1462 2102 1650 2140 minorave
1675 2103 1812 2140 facere.
1882 2103 1947 2140 Sic

427 2171 614 2219 Bonfinis
637 2171 816 2221 pondera
843 2184 929 2208 esse
951 2172 1038 2208 dicit
1061 2171 1226 2221 „gravia
1251 2183 1403 2208 munera
1430 2182 1474 2207 ac
1499 2170 1658 2217 dona‚“
1703 2170 1771 2207 sed
1799 2181 1946 2208 servum

427 2238 519 2275 mire
546 2238 637 2274 facit
665 2242 861 2288 cogentem
886 2238 1053 2275 dextram
1082 2251 1158 2275 non
1187 2237 1372 2275 candidati
1399 2235 1496 2273 illius
1525 2236 1695 2286 quidem,
1723 2238 1763 2272 at
1789 2261 1820 2285 9,
1830 2236 1945 2274 clien-

427 2306 518 2344 tium
541 2305 601 2343 vel
634 2305 864 2342 subditorum
897 2306 1194 2355 transporrigere
1220 2304 1308 2342 talia
1342 2303 1540 2341 munera-‘⁶
1597 2303 1738 2340 Contra
1768 2302 1829 2339 Jo.
1865 2303 1946 2338 Ta·-

429 2371 623 2409 Zentonias
648 2372 686 2408 in
713 2371 785 2407 illis
813 2371 936 2408 verbis
972 2373 1096 2410 inesse
1123 2375 1231 2423 putat
1259 2370 1348 2407 hoc:
1388 2395 1417 2418 „
1429 2381 1575 2406 manum
1605 2381 1628 2406 a
1653 2371 1744 2419 toga
1771 2369 1946 2419 expedire

429 2442 467 2476 et
494 2440 682 2486 emittere,
724 2441 764 2474 ut
791 2449 870 2475 eam
898 2438 982 2475 huic
1009 2438 1107 2476 illive
1135 2438 1327 2489 porrigere
1353 2435 1474 2486 possit
1502 2434 1763 2473 candidatus.“
1819 2435 1944 2473 Simile

428 2506 513 2554 quid
551 2508 748 2543 senserunt
784 2504 972 2555 Sigonius
1006 2509 1044 2543 et
1084 2505 1222 2542 Θείαν.
1255 2503 1458 2540 Ferrarius
1468 2529 1484 2547 ,
1527 2514 1567 2558 a*
1586 2514 1741 2551 quorum
1777 2502 1944 2552 partibus

427 2571 551 2607 Feam
579 2576 618 2609 et
643 2571 964 2621 Charpenterium
991 2575 1090 2610 stare
1117 2571 1224 2610 valde
1252 2571 1376 2610 miror.
1435 2569 1577 2606 Contra
1590 2569 1734 2618 Sigonii
1759 2569 1943 2619 interpre—

427 2639 603 2676 tationem
630 2639 788 2676 surrexit
821 2639 1016 2676 Graevius
1026 2667 1043 2685 ,
1090 2640 1152 2688 qui
1180 2651 1284 2675 suam
1322 2637 1410 2674 fecit
1438 2635 1584 2685 Angelii
1608 2635 1767 2686 Bargaei
1791 2639 1942 2672 senten-

427 2705 535 2754 tiam,
579 2719 673 2755 quae
701 2707 792 2744 haec
825 2710 904 2744 est:
945 2707 1087 2756 „cogit
1112 2718 1240 2743 servus
1267 2704 1328 2742 ille
1355 2704 1558 2753 porrigere
1586 2702 1688 2739 dext.
1721 2709 1770 2738 tr.
1796 2701 1920 2752 pond.
1925 2729 1942 2746 ,

427 2770 460 2809 h.
483 2785 516 2809 e.
545 2772 710 2822 ineptum
733 2787 817 2812 esse
841 2774 909 2822 sic,
939 2777 978 2811 ut
1005 2786 1125 2823 neque
1153 2772 1275 2822 gravis
1304 2783 1427 2821 neque
1454 2770 1648 2821 prudentis
1674 2768 1828 2806 hominis
1857 2769 1940 2818 dig-

425 2838 579 2875 nitatem
602 2841 791 2877 tueatur-‘⁶
846 2840 1029 2878 Pondera
1047 2841 1160 2890 igitur
1187 2842 1274 2876 sunt
1301 2850 1435 2888 graves
1465 2841 1503 2875 et
1528 2847 1683 2886 magnae
1711 2835 1941 2874 auctoritatis

426 2905 515 2952 viri,
562 2909 602 2942 ut
629 2918 690 2955 ap.
721 2906 800 2944 Cic.
831 2909 880 2945 ad
907 2907 1020 2946 Attic.
1052 2908 1132 2956 11,
1154 2906 1219 2944 ·6.
1251 2910 1286 2943 et
1308 2918 1368 2956 ap.
1400 2904 1513 2954 Salej.
1542 2905 1651 2943 Bass.
1682 2903 1721 2940 in
1749 2914 1861 2940 carm.
1891 2901 1939 2939 ad
