2028 3268
372 232 453 275 180
481 238 844 278 COMMENTARII
871 241 927 277 IN
954 240 1170 277 HORATII
1197 239 1365 279 EPIST.
1389 241 1599 280 SECUND.
1628 245 1725 284 LIB.
1745 246 1777 282 Ι.
1833 242 1888 286 74

369 348 566 387 veteribus
591 349 726 388 fictum
754 363 839 387 esse
863 356 1054 400 tanquam
1082 350 1297 400 voluptatis
1322 364 1413 388 cum
1431 353 1575 390 virtute
1599 355 1891 392 contentionem

370 415 552 464 opinatur
567 415 713 454 Athen.
735 417 800 464 12,
829 418 868 456 1.
884 430 924 467 p·
947 415 1044 456 397.
1072 414 1259 468 Schwgh.
1287 418 1348 455 Cf.
1373 419 1516 456 Muret.
1543 420 1644 471 Opp.
1666 419 1729 459 ed.
1750 422 1798 459 R.
1817 423 1889 459 ΠΙ.

368 497 409 534 p.
428 483 525 523 295.
554 491 592 520 et
612 485 734 521 Vaen.
754 483 889 520 Embl.
910 483 1006 520 Hor.
1025 496 1066 534 p.
1086 483 1156 523 30.

480 552 526 588 V.
551 550 617 589 56.
650 550 811 598 Semper
829 570 887 576 -—
893 548 1037 596 finem.
1093 551 1224 596 Quum
1254 548 1433 598 aliorum,
1462 558 1549 589 tum
1585 553 1710 592 nostri
1742 553 1890 591 Poetae

370 623 430 653 est
469 617 689 654 communis
725 616 934 664 sententia,
972 617 1014 653 in
1044 616 1276 668 quotidiana
1310 617 1415 654 vitae
1444 619 1714 658 observatione
1747 621 1890 670 posita,

369 697 532 721 avarum
555 696 762 735 nunquam
783 684 865 721 suis
895 682 1011 720 rebus
1037 689 1265 720 contentum
1284 695 1369 721 esse
1398 683 1452 734 (v.
1469 686 1595 736 Epist.
1619 688 1658 735 1,
1677 686 1778 734 33.),
1806 685 1890 734 sed,

368 757 516 802 quanto
543 751 658 801 plura
681 751 840 802 pararit,
869 756 978 787 tanto
1005 750 1119 800 plura
1152 763 1317 801 cupere,
1348 753 1543 802 congestis
1575 758 1613 789 et
1640 752 1891 803 comportatis

367 818 426 854 uti
455 819 719 865 nescientem3
759 819 828 870 qui
858 817 981 854 animi
1006 816 1169 855 affectus
1193 818 1348 855 Zenoni
1371 817 1402 869 ’ἦ
1421 815 1565 865 σπάνις
1590 817 1743 866 dicitur,
1771 819 1890 868 Diog.

366 885 498 921 Laert.
517 884 557 932 7,
592 885 629 932 1,
665 884 759 924 113.
816 885 919 921 Hinc
946 884 1145 935 praeclare
1172 886 1335 922 Aristot.
1361 885 1515 936 Repub.
1538 887 1579 933 2,
1603 886 1643 924 7.
1661 899 1702 936 p.
1724 882 1817 926 194.
1844 886 1889 925 F.

367 948 530 1003 ἄπειρος
554 947 630 1002 γάρ
655 950 685 1003 ἦ
715 953 787 1003 τῆς
816 950 1032 1002 ἐπιθυμίας
1059 947 1201 1000 φύσις·
1235 947 1286 1003 ἦς
1318 948 1416 1004 πρὸς
1441 948 1515 1003 τήν
1543 947 1828 1005 ἀναπλήρωσιν
1851 951 1895 992 οἱ

366 1017 504 1058 πολλοὶ
525 1018 638 1066 ζῶσις
668 1025 707 1054 et
724 1020 901 1070 apprime
921 1019 1000 1059 Cic.
1021 1016 1072 1055 ad
1087 1019 1258 1055 Herenn.
1279 1017 1320 1067 4,
1341 1021 1407 1059 17.
1428 1032 1488 1070 pr.
1538 1019 1673 1069 Egens
1692 1031 1815 1069 aeque
1836 1025 1892 1055 est

365 1087 417 1131 is,
437 1087 509 1135 qni
526 1099 604 1122 non
622 1086 718 1121 satis
731 1085 866 1131 habet,
884 1092 920 1122 et
936 1086 987 1129 is,
1005 1085 1071 1120 cui
1087 1084 1191 1121 nihil
1201 1086 1431 1135 satis-potest
1442 1099 1533 1122 esse.
1558 1083 1889 1123 Claud.iuRufin.

368 1154 406 1201 1,
423 1154 520 1193 200.
554 1153 714 1202 Semper
732 1153 863 1202 inope,
891 1152 1126 1202 quicumque
1146 1153 1267 1201 cupit.
1299 1152 1406 1190 curt.
1428 1153 1468 1200 7,
1493 1152 1532 1200 8,
1553 1153 1622 1192 20.
1646 1153 1805 1202 parasti
1809 1152 1891 1202 sa·-

366 1233 484 1265 mem,
503 1226 547 1256 ιιι
571 1233 647 1270 quo
655 1213 781 1268 plura
798 1218 977 1263 haberes,
996 1219 1145 1264 aeriae,
1166 1232 1266 1269 quae
1285 1233 1364 1256 non
1379 1219 1517 1264 habes,
1546 1232 1717 1269 caperes.
1776 1219 1889 1256 Alios

365 1288 408 1323 iu
429 1285 532 1323 hanc
551 1299 636 1323 rem
659 1286 766 1324 locos
789 1284 952 1323 laudant
966 1284 1118 1322 Riedel.
1138 1284 1188 1322 ad
1197 1286 1326 1337 Epist.
1346 1287 1386 1334 2,
1410 1287 1446 1334 1,
1468 1287 1561 1326 119.
1582 1283 1760 1324 Schmid.
1779 1283 1830 1321 ad
1845 1282 1889 1322 h.

365 1355 394 1393 l.
422 1360 461 1391 et
479 1351 636 1392 Mitsch.
655 1351 705 1390 ad
722 1351 796 1391 od.
816 1355 857 1401 2,
876 1356 915 1400 2,
943 1352 995 1392 13
1020 1364 1097 1401 ss.;
1127 1353 1167 1400 3,
1197 1354 1261 1401 16,
1283 1354 1349 1393 17.
1381 1354 1446 1394 18.
1465 1353 1533 1392 28.
1555 1350 1623 1392 42.
1646 1349 1715 1400 24,
1747 1349 1801 1391 52
1819 1362 1888 1398 ss.;

365 1422 417 1459 cf.
437 1421 520 1458 Sat.
544 1422 581 1469 1,
604 1422 642 1460 1.
659 1422 699 1468 2,
721 1421 761 1467 3,
787 1419 867 1460 142
891 1433 941 1459 ss.
968 1420 1095 1471 Epist.
1115 1421 1152 1468 1,
1170 1421 1208 1468 6,
1225 1418 1280 1460 34
1300 1433 1350 1458 ss.
1380 1421 1419 1469 2,
1441 1421 1480 1469 2,
1500 1418 1579 1459 147
1594 1431 1647 1456 ss-
1665 1440 1722 1446 —
1742 1424 1890 1454 eertum

365 1501 404 1525 ν.
418 1501 466 1537 p.
481 1487 630 1534 finem,
651 1488 760 1538 cujus
778 1485 872 1524 dicti
891 1488 1198 1538 explicationem
1211 1494 1301 1538 pete
1319 1489 1366 1524 ab
1381 1489 1466 1538 ipso
1487 1488 1582 1524 Hor.
1607 1498 1645 1524 v.
1662 1482 1730 1525 46.
1752 1491 1791 1521 et
1807 1484 1888 1524 Sat.

368 1556 406 1602 1,
425 1555 462 1602 1,
477 1555 545 1594 92.
574 1554 758 1605 Denique
776 1555 829 1590 sit
836 1554 941 1601 finis
957 1554 1172 1605 quaerendi
1185 1560 1257 1590 etc.
1279 1565 1318 1589 v.
1334 1554 1424 1593 106.
1455 1554 1531 1590 Est
1544 1551 1682 1588 modu-s·
1697 1553 1740 1588 in
1758 1549 1889 1596 rebus,

363 1628 458 1657 sunt
484 1621 578 1657 certi
605 1620 773 1670 deniqne
797 1621 907 1669 fines
931 1628 1005 1661 etc.
1043 1622 1227 1658 Horatius
1254 1621 1375 1670 igitur
1400 1620 1465 1656 vel
1492 1617 1568 1656 hoc
1586 1619 1695 1656 vult:
1723 1617 1890 1656 modum

363 1694 491 1725 statue
513 1686 729 1737 cupiditati,
754 1685 960 1725 contrahas
981 1686 1237 1738 cupiditatem
1259 1685 1401 1735 (Od.3,
1422 1687 1486 1734 16,
1501 1684 1588 1736 39.)
1604 1686 1669 1722 vel
1691 1685 1750 1721 uti
1766 1686 1890 1721 Lam-

362 1755 479 1792 binus
493 1755 793 1805 interpretatur:
818 1761 994 1802 „certam
1012 1755 1188 1805 aliquam
1209 1766 1253 1790 ac
1271 1753 1472 1790 definitam
1488 1752 1677 1803 pecuniae
1691 1763 1889 1789 summam

363 1829 456 1873 opta
487 1828 527 1859 et
553 1827 709 1872 expete,
741 1833 863 1872 quam
890 1821 958 1858 ubi
984 1827 1214 1858 consecutus
1236 1821 1370 1867 fueris,
1400 1820 1513 1870 plura
1540 1831 1727 1870 quaerere
1752 1817 1889 1855 desine

363 1891 556 1940 bonisque
592 1889 714 1939 partis
743 1888 873 1925 fruere
903 1894 942 1924 et
967 1889 1099 1925 vive.“
1157 1889 1268 1924 Hanc
1298 1886 1605 1936 explicationem
1639 1886 1712 1923 etsi
1735 1886 1889 1922 Haber-

362 1956 462 1994 feld.
489 1955 759 2007 impugnabat,
793 1967 930 2006 quum,
961 1953 1086 1992 donec
1112 1955 1254 2005 aliquis
1278 1952 1332 2002 id,
1363 1951 1471 2004 quod
1499 1959 1716 2003 expeteret,
1747 1953 1889 1990 fuisset

363 2030 577 2072 assecutus,
608 2020 814 2073 cupiditati
838 2028 877 2058 et
900 2022 1185 2072 perturbationi
1208 2021 1342 2057 locum
1365 2018 1448 2055 dari
1473 2018 1740 2066 contenderet,
1767 2016 1889 2056 habet

364 2105 410 2128 ea
438 2098 586 2138 tamen,
615 2102 694 2141 quo
722 2102 764 2126 se
791 2095 961 2126 tueatur.
1018 2089 1202 2126 Horatius
1231 2088 1339 2123 enim
1373 2093 1519 2122 certum
1541 2086 1672 2134 finem
1700 2086 1889 2136 intelligit

363 2160 645 2210 frugalitatem,
678 2156 762 2195 Sat.
795 2157 832 2204 1,
869 2157 907 2203 1,
933 2155 1160 2195 73—106.
1189 2154 1404 2202 laudatam,
1432 2166 1463 2191 s.
1480 2153 1535 2202 id,
1565 2152 1672 2205 quod
1692 2154 1790 2190 satie
1809 2159 1887 2200 est,-

363 2232 603 2278 quapropter
629 2230 720 2260 cert.
751 2236 791 2261 ν.
819 2236 864 2272 p.
879 2222 1011 2270 finem
1037 2223 1123 2270 erit,
1153 2235 1201 2258 ne
1223 2222 1349 2271 plura
1375 2235 1512 2271 cogas,
1541 2233 1663 2272 quam
1687 2221 1784 2262 satis·
1813 2225 1883 2256 est.

362 2294 491 2344 Epist.
519 2293 555 2340 1,
578 2292 644 2338 10,
671 2288 751 2338 46„
780 2290 850 2326 ubi
868 2288 974 2326 vide.
1033 2289 1095 2326 Cf.
1114 2290 1223 2326 Pers.
1241 2289 1282 2337 3,
1305 2288 1386 2336 69.,
1416 2289 1510 2326 Juv.
1533 2285 1596 2335 14,
1618 2287 1716 2327 316.
1746 2286 1886 2326 Senec.

363 2360 513 2397 consol.
539 2356 591 2395 ad
613 2358 730 2395 Helv.
758 2370 793 2394 c.
818 2357 886 2397 11.
913 2358 1032 2394 Haec
1053 2356 1242 2394 accidunt
1267 2355 1428 2392 divitz'as
1446 2369 1525 2392 non
1542 2354 1600 2391 ad
1615 2353 1806 2390 rationem
1824 2364 1886 2388 re-

363 2424 612 2470 vocantibus,
638 2427 752 2472 cujus
777 2425 872 2460 certi
897 2431 991 2461 sunt
1011 2425 1122 2472 fine-5·
1130 2438 1148 2470 ;
1176 2422 1247 2460 sed
1278 2422 1336 2459 acl
1367 2423 1547 2459 vitiosam
1573 2419 1887 2457 consuetudinem

364 2501 439 2530 etc.
463 2492 522 2530 ld.
539 2494 666 2543 Epist.
687 2491 753 2532 15.
783 2492 922 2528 Finem
942 2494 1147 2536 constitue,
1177 2502 1293 2540 quem
1312 2489 1479 2525 trans-ire
1495 2501 1543 2524 ne
1555 2487 1688 2537 possis
1710 2485 1886 2537 quidem5

364 2561 399 2597 si
429 2559 539 2596 velis.
570 2557 630 2596 Id.
667 2559 760 2598 119.
794 2559 866 2609 qui
895 2559 992 2596 satis
1018 2557 1153 2602 habet,
1187 2562 1413 2592 consecutus
1444 2562 1516 2600 est,
1541 2553 1648 2605 qaod
1680 2566 1887 2604 nunquam

363 2627 480 2663 diviti
495 2627 703 2677 contingit,
720 2626 864 2674 finem.
894 2626 1046 2663 Auson.
1062 2622 1180 2675 Idyll.
1196 2623 1236 2671 3,
1260 2621 1323 2662 14.
1357 2623 1432 2660 Cui
1450 2621 1573 2658 nullis
1581 2620 1686 2669 finis
1702 2621 1888 2671 cupiendi

365 2701 438 2739 est,
467 2694 602 2730 nullus
631 2691 819 2730 habendi.
890 2692 968 2731 Ille
995 2690 1134 2743 opibus
1161 2689 1300 2726 modus
1329 2696 1402 2734 est,
1430 2702 1546 2740 quem
1579 2694 1705 2725 status
1733 2689 1880 2726 animo.

365 2762 508 2798 Contra
533 2767 666 2797 autem
694 2762 787 2800 Juv.
819 2760 884 2808 10,
917 2760 985 2799 23.
1023 2759 1165 2796 Prima
1182 2757 1276 2808 sere
1306 2764 1397 2794 νοια
1430 2763 1466 2792 ει
1498 2756 1650 2793 cunctis
1683 2756 1886 2792 notissima

366 2827 520 2878 templis
545 2827 740 2873 Divitiae,
780 2833 956 2864 crescant
983 2833 1029 2863 ut
1054 2839 1145 2876 opes
1169 2831 1267 2872 etc.,
1305 2824 1373 2861 ubi
1410 2823 1493 2861 vid.
1532 2823 1695 2862 Weber.
1719 2835 1761 2872 p.
1787 2821 1885 2862 317.

366 2895 528 2947 Cruquii
560 2894 795 2945 explicatio:
825 2900 912 2931 νοιο
939 2901 1028 2944 pete
1053 2894 1082 2932 i.
1114 2906 1150 2930 e.
1179 2897 1311 2943 optato
1341 2902 1364 2927 a
1395 2889 1469 2928 diis
1497 2889 1806 2937 hmnortalibus,
1839 2895 1885 2926 ut
