2028 3268
134 282 194 324 ‘97
279 280 658 321 COMMENTARH
687 281 743 320 IN
772 281 996 323 HORATII
1024 281 1125 322 LlB.
1146 283 1174 322 Ι.
1194 281 1360 322 EPIST.
1380 281 1528 320 SEPT.
1598 281 1684 324 369

131 410 204 448 ⁴Sic
229 399 334 448 recte
357 410 522 460 jungunt
541 408 685 458 Schm„
715 407 905 459 Hoched.,
936 408 1071 458 Orell.,
1098 407 1175 458 alii,
1207 413 1250 446 ut
1271 407 1427 459 Cinara,
1458 420 1557 459 quae
1585 410 1684 446 inter

141 478 486 518 commissationem
514 477 694 527 fugisset,
723 476 924 515 Horatium
952 477 1012 514 vel
1040 489 1215 515 moerore
1244 477 1422 515 afflixerit
1448 476 1509 515 vel
1538 477 1588 514 ad
1612 479 1683 515 fle-

140 547 235 586 biles
260 547 454 585 canendos
485 545 615 596 elegos
646 546 889 595 permoverit.
947 545 1088 583 Similis
1125 544 1339 596 puellarum
1376 546 1489 596 fugae
1520 547 1683 584 mentio-

139 628 227 654 nem
254 614 398 652 faciunt
427 614 502 664 alii,
532 614 608 651 vid.
641 613 706 652 Fr.
731 613 884 652 Jacobs.
914 628 952 666 p.
977 615 1072 656 126.
1130 612 1301 650 Broukh.
1331 616 1370 651 et
1387 613 1494 652 Diss.
1523 614 1572 651 ad
1592 613 1682 651 Tib.

138 683 181 733 3,
210 685 252 733 6,
279 682 348 724 59.
408 682 469 722 De
496 683 779 721 constructione
809 681 908 720 conf.
939 681 1054 724 Fabr.
1080 681 1130 718 ad
1157 680 1242 719 Liv.
1272 682 1342 730 21,
1371 682 1448 733 36,
1479 683 1518 722 6.
1575 682 1682 720 Con-

137 755 200 790 tra
226 750 413 802 plerique,
442 753 480 790 in
510 751 646 802 quibus
681 750 942 789 Welandius
969 750 1120 802 puellae
1150 751 1283 801 fugam
1309 750 1348 787 in
1369 750 1547 801 jocosum
1574 749 1683 789 Mae-

138 823 312 859 cenatem
340 820 487 859 derivat
512 820 583 872 (N.
614 819 688 872 4.),
713 821 879 871 jungunt
908 833 1077 857 moerere
1101 820 1204 856 inter
1222 819 1339 864 vina,
1368 830 1494 868 neque
1518 831 1683 869 prorsus

137 888 250 938 male,
280 889 312 926 si
346 902 515 926 moerere
542 890 593 927 ad
622 889 788 928 carmina
815 889 1012 938 amatoria,
1046 887 1183 939 quibus
1210 887 1360 926 fleverit
1381 885 1500 924 Poeta
1525 887 1683 925 menda-

137 969 220 994 cem
247 957 425 1008 puellam,
455 959 611 997 referas.
670 958 734 994 Sic
762 957 876 1008 queri
903 956 979 995 Od.
1002 959 1042 1005 2,
1075 957 1143 1007 13,
1175 954 1244 999 24.
1273 960 1314 994 et
1342 953 1588 993 miserabiles
1616 955 1683 992 de-

135 1031 300 1062 cantare
329 1025 458 1077 elegos
488 1026 565 1064 Od.
597 1028 635 1076 1,
663 1026 734 1075 33,
762 1026 818 1074 2.,
848 1024 913 1062 ubi
942 1025 1028 1062 vide
1055 1027 1104 1063 ad
1132 1030 1335 1075 utrumque
1363 1024 1437 1062 loc.
1470 1022 1684 1062 Mitseher-

133 1092 300 1131 lichiam
328 1094 524 1145 eleganter
550 1096 878 1146 interpretantem.
937 1092 1067 1131 Lusus
1097 1093 1182 1131 illos
1212 1093 1328 1144 igitur
1355 1093 1404 1130 ad
1441 1087 1587 1145 λόγους
1615 1090 1682 1132 ἐπὶ

130 1162 184 1216 τῇ
210 1156 345 1202 κύλικι
371 1163 597 1201 referendos
624 1176 711 1202 esse
740 1162 842 1200 haud
874 1163 1114 1201 incommode
1143 1162 1299 1200 dixeris,
1358 1160 1420 1200 De
1444 1160 1517 1198 illis
1548 1161 1680 1211 dispu-

130 1232 189 1268 tat
226 1230 445 1270 Hemsterh.
489 1232 539 1270 ad
573 1231 732 1272 Lucian.
770 1230 871 1268 Tim.
912 1230 942 1268 Ι.
977 1245 1016 1282 p.
1046 1231 1144 1272 437.
1203 1230 1264 1269 De
1307 1230 1459 1267 Cinara
1472 1256 1488 1274 ‚
1531 1228 1681 1267 Horatii

129 1299 250 1336 amica
280 1299 356 1336 od.
388 1296 431 1349 4,
464 1300 532 1350 13,
564 1302 615 1343 22
638 1314 696 1351 sq.
729 1302 768 1349 1,
798 1299 837 1339 3.
858 1299 911 1349 4.,
939 1300 1109 1338 dicemus
1139 1301 1189 1338 ad
1209 1299 1332 1350 Epist.
1357 1294 1426 1347 14,
1455 1297 1494 1337 3·
1553 1295 1615 1335 Ad
1645 1309 1679 1333 v.

123 1373 340 1416 protervae
375 1367 553 1405 Orellius
583 1373 780 1421 comparat
809 1364 986 1422 λαμυρίς
1000 1398 1015 1415 ,
1065 1367 1286 1420 Asclepiad.
1314 1367 1354 1404 in
1391 1365 1508 1404 Anth.
1536 1363 1618 1402 Pal.
1648 1364 1677 1403 1.

127 1447 168 1486 p-
200 1437 295 1478 128·
351 1434 404 1476 Ἡ
424 1433 583 1491 λαμυρή
613 1432 653 1489 μ’
681 1436 826 1491 ἔτρωσε
855 1437 1078 1489 φιλαίνιον.
1141 1437 1254 1476 Conf.
1280 1434 1432 1474 Mitsch.
1461 1435 1512 1472 ad
1538 1434 1614 1472 Od.
1638 1435 1678 1484 1,

130 1501 211 1553 19,
241 1505 281 1544 7.

242 1572 291 1610 V.
319 1570 528 1615 29—33.
588 1575 706 1612 Forte
732 1596 790 1603 ——-
816 1573 970 1613 subisti.
1029 1574 1252 1613 Sententia:
1286 1570 1369 1623 „Et
1397 1571 1429 1609 si
1458 1571 1543 1622 quis
1573 1571 1677 1609 dice-

125 1643 208 1689 ret,
237 1641 288 1678 ad
317 1641 540 1692 fugiendum
562 1643 699 1694 ingrati
728 1644 841 1681 animi
868 1647 1030 1694 propter
1054 1643 1220 1681 officium
1238 1642 1319 1692 jam
1347 1652 1424 1678 non
1452 1639 1677 1690 praestitum

126 1707 269 1746 crimen
301 1709 499 1748 reddenda
528 1724 615 1750 esse
644 1723 800 1751 munera
827 1724 850 1749 a
878 1711 1103 1750 Maecenate
1130 1724 1216 1749 meo
1246 1711 1431 1759 accepta,
1471 1707 1676 1744 redderem

58 1805 64 1812 .
123 1789 196 1828 pro
233 1775 435 1828 libertate,
485 1792 562 1830 qua
601 1780 692 1818 nihil
730 1780 801 1832 (V.
833 1779 928 1831 36.)
971 1779 1060 1818 mihi
1099 1782 1161 1816 est
1200 1778 1323 1814 carius
1361 1779 1401 1813 et
1428 1775 1676 1825 antiquius.“

123 1843 246 1882 Paulo
274 1844 383 1884 aliter
402 1846 473 1884 R.
497 1847 679 1893 Jacob-⁴2„
709 1862 824 1900 quem
849 1849 933 1886 vide
961 1862 998 1900 p.
1025 1845 1135 1897 114„
1165 1845 1275 1884 aliter
1302 1857 1455 1896 quoque
1483 1843 1673 1892 Ονεῖίίιιε,

122 1913 189 1963 qui
210 1913 323 1951 nimis
352 1915 461 1952 anxie
489 1913 589 1954 hunc
618 1916 825 1969 apologum
852 1917 978 1956 verbis
1002 1916 1172 1968 proxime
1193 1912 1505 1952 antecedentibus
1528 1913 1583 1951 ita
1605 1926 1673 1951 an-

123 1981 264 2018 nectit:
307 1980 434 2030 „Jam
460 1995 551 2020 vero
580 1986 758 2033 quoniam
786 1986 868 2023 fieri
894 1986 1051 2036 nequit,
1080 1986 1123 2021 ut
1148 1983 1332 2034 pristinae
1362 1982 1461 2019 vires
1492 1983 1582 2020 mihi
1610 1997 1672 2021 re-

124 2049 264 2098 deant,
298 2047 456 2086 liberum
484 2051 588 2086 certe
617 2063 678 2088 me
708 2065 794 2090 esse
826 2053 986 2104 cupio.“
1046 2051 1226 2089 Ceterum
1254 2050 1327 2087 hoc
1355 2049 1521 2100 apologo
1551 2052 1672 2088 omni-

124 2115 196 2154 bus
225 2119 319 2153 noto
349 2116 520 2154 veritatis
550 2117 821 2169 acerbitatem,
859 2121 892 2157 si
919 2133 994 2170 qua
1022 2121 1190 2167 inesset,
1230 2117 1341 2154 leniri
1368 2119 1527 2155 maxime
1557 2131 1671 2169 supra

123 2184 335 2234 significavi
359 2179 536 2233 idemque
573 2189 776 2222 senserunt
810 2186 1011 2237 Cruquizcs
1041 2188 1080 2222 et
1109 2185 1177 2225 Fr.
1208 2183 1368 2224 Jacobs,
1397 2201 1436 2239 p.
1464 2188 1533 2229 98.
1594 2188 1669 2227 Fa-

123 2251 224 2290 bella
257 2255 383 2289 autem
411 2249 601 2301 Aesopica
629 2264 653 2289 a
680 2252 820 2290 Babrio
862 2257 900 2291 et
938 2253 977 2291 in
1004 2251 1127 2290 Fabb.
1158 2251 1301 2303 Aesop.
1333 2255 1426 2295 158.
1486 2256 1576 2295 Cor.
1610 2259 1669 2295 di-

122 2333 235 2359 verso
258 2321 373 2358 modo
402 2323 578 2358 narratur
607 2321 773 2372 itemque
802 2320 851 2358 ab
884 2320 1073 2370 Areosto,
1114 2320 1178 2370 qui
1207 2319 1339 2371 (quem
1367 2322 1492 2362 locum
1523 2326 1667 2363 indica-

30 2386 42 2402 ⁵
121 2390 176 2428 vit
201 2387 387 2439 Orellius)
416 2389 455 2426 in
482 2389 608 2426 Satira
636 2389 783 2440 prima,
813 2401 890 2438 qua
918 2388 1015 2426 hanc
1044 2387 1260 2439 Epistolam
1287 2389 1456 2428 imitatus
1482 2396 1561 2438 est,
1602 2407 1666 2431 cu-

119 2467 248 2495 merae
274 2456 466 2506 horreum,
495 2457 716 2507 volpeculae
738 2457 898 2506 asinum,
928 2455 1112 2496 mustelae
1139 2469 1285 2494 murem
1314 2458 1523 2497 substituit.
1561 2460 1665 2500 Ean-

122 2526 209 2564 dem
249 2529 374 2562 autem
411 2525 460 2562 de
497 2525 696 2576 volpecula
724 2525 981 2562 narrationem
1004 2524 1161 2574 respicit
1189 2523 1264 2562 Dio
1297 2525 1597 2577 Chrysostomus
1626 2531 1665 2568 in

121 2592 251 2631 Oratt.
279 2591 436 2630 XLVII.
474 2606 513 2644 p.
543 2593 639 2635 232.
701 2593 814 2630 Conf.
852 2592 919 2629 Fr.
952 2591 1107 2630 Jacobs.
1146 2605 1183 2642 p.
1219 2592 1299 2632 135
1331 2607 1389 2644 sq.
1449 2596 1573 2640 Quum
1606 2598 1662 2635 fa-

121 2659 212 2698 bula
239 2660 279 2696 in
303 2673 374 2697 usu
387 2660 535 2699 Horatii
558 2662 672 2698 fuerit
701 2660 794 2711 (vid.
817 2661 866 2697 ad
886 2660 928 2707 3,
960 2660 1061 2711 20.),
1089 2660 1170 2698 veri
1199 2660 1328 2698 similis
1357 2675 1434 2700 non
1465 2669 1524 2703 est
1540 2666 1661 2702 Mar-

122 2726 210 2765 cilc‘c'
247 2727 398 2778 opini0,
445 2740 519 2777 qua
557 2728 653 2766 hanc
692 2729 859 2767 fabulam
886 2729 1086 2767 Horatium
1114 2729 1162 2765 de
1189 2726 1326 2766 Lucilii
1354 2743 1455 2780 penu
1484 2732 1522 2770 in
1554 2747 1661 2772 suam

122 2796 366 2846 congessisse
406 2796 557 2846 conjicit
594 2796 747 2835 laudato
784 2796 908 2838 Lucil.
946 2797 1008 2834 lib.
1039 2795 1084 2833 V.
1124 2807 1187 2846 ap.
1215 2796 1383 2835 Nonium
1407 2811 1442 2837 v.
1473 2801 1661 2840 minutim

120 2860 203 2914 (ed.
227 2863 315 2913 Bip.
346 2875 386 2913 p.
420 2861 514 2903 195.
543 2863 597 2901 N.
624 2863 697 2916 5.),
726 2866 790 2904 ubi
818 2866 954 2904 verba:
991 2865 1074 2902 Dic
1106 2877 1305 2915 quaenam
1335 2875 1454 2918 cogat
1480 2871 1541 2907 vis
1568 2869 1660 2922 (sic)

121 2930 180 2966 ire
206 2931 392 2967 minutim
422 2931 504 2967 Per
533 2933 810 2970 commissuras
839 2935 1036 2970 rimarum
1065 2930 1183 2969 noeti'
1212 2934 1370 2985 nigrore
1398 2937 1582 2976 mustelae
1610 2941 1659 2976 ad

122 2997 354 3048 vulpeculam
383 3011 470 3036 esse
500 2998 686 3049 opinatur.
715 3024 773 3032 —-
797 3001 844 3040 V.
866 3001 934 3045 29.
967 3002 1096 3038 tennis
1123 3001 1346 3052 volpecula.
1407 3005 1521 3050 Quod
1542 3019 1659 3058 saepe

167 3063 315 3100 Honmr.
338 3063 368 3100 Ι.
1234 3067 1291 3109 24
1319 3070 1385 3126 (7)
