2028 3268
342 256 426 299 378
483 260 852 301 COMMENTARII
879 261 935 299 IN
963 253 1184 299 HORATII
1211 259 1310 300 LIB.
1332 262 1360 300 Ι.
1384 260 1548 302 EPIST.
1567 263 1712 303 SEPT.
1773 263 1856 306 106

342 384 600 433 pauperrimos
629 394 770 431 eosque
798 382 972 418 sordidos
1001 394 1077 419 non
1107 384 1304 432 convenit,
1344 395 1367 420 a
1394 396 1468 433 quo
1497 385 1685 423 hominum
1714 398 1853 436 genere

343 449 502 488 alienum
523 450 673 487 Menam
700 449 782 497 ipse
810 447 888 485 vult
917 448 1102 486 Orellius.
1161 449 1256 487 Rem
1280 453 1468 488 testantur
1497 454 1536 488 et
1567 451 1639 488 loci
1662 456 1750 490 ante
1773 453 1854 490 lau-

344 516 422 553 dati
451 520 488 553 et
515 515 678 552 casaub.
702 515 751 551 ad
777 514 968 565 Theophr.
999 515 1112 554 Char.
1144 517 1208 556 10.
1229 529 1268 566 p.
1292 518 1386 557 134.
1407 517 1452 555 F.
1481 518 1644 556 Schmid.
1663 520 1712 556 ad
1729 519 1855 569 Epist.

346 583 391 630 1,
421 584 494 630 18,
524 583 564 620 7.
621 581 780 631 Rupert.
808 585 847 619 et
870 582 1000 620 Heinr.
1029 583 1077 620 ad
1104 583 1187 620 JuV.
1215 586 1264 633 2,
1295 582 1362 624 14.
1420 583 1591 622 Perizon.
1621 587 1669 623 ad
1697 585 1779 624 Ael.
1807 584 1854 623 V.

341 649 392 687 H.
424 650 500 695 11,
532 647 623 696 10.‚
673 649 772 685 conf.
802 648 912 686 Voss.
942 650 990 686 ad
1018 648 1122 700 Virg.
1152 649 1233 688 Ecl.
1264 653 1310 699 1,
1359 653 1426 692 28.
1483 651 1640 701 Baumg.
1669 651 1778 689 Crus.
1806 653 1855 689 ad

342 715 447 752 Suet.
472 715 583 752 Caes.
612 713 679 754 45.
737 714 906 764 Septima
933 719 1106 754 auctores
1131 716 1244 755 habet
1279 716 1527 755 Giintherum
1554 722 1593 755 et
1616 717 1858 755 Braunhar-

342 781 456 826 dum,
484 782 549 830 qui
573 784 729 830 uterque
757 793 925 819 rasuram
949 782 1007 819 vel
1036 787 1228 822 tonsuram
1254 784 1428 834 intelligit
1454 785 1620 822 nondum
1636 785 1856 835 perfectam,

341 854 382 886 at
412 848 697 899 perficiendam;
724 861 880 898 quorum
908 848 989 886 ille:
1018 850 1098 898 „da
1123 850 1291 900 gewahrt
1319 863 1374 899 er,
1402 865 1445 889 so
1475 855 1562 902 sagt
1595 865 1696 901 man,
1719 852 1856 900 Einen,

341 918 409 953 der
436 916 475 952 in
503 916 571 952 des
597 915 773 953 Barbiers
802 916 880 953 leet
905 915 1106 954 stehender
1133 919 1240 956 Bude
1269 917 1523 968 gemiichlich,
1561 919 1752 958 Wahrend
1781 919 1856 956 ihm

340 983 465 1020 dieser
494 983 568 1019 den
586 983 679 1020 Bart
707 983 880 1032 abschor,
910 983 989 1020 sich
1019 984 1079 1021 die
1098 983 1225 1034 Niigel
1253 986 1503 1024 verstutzte.“
1560 985 1759 1030 Quomodo
1779 983 1855 1022 tale

341 1049 430 1098 quid
457 1049 538 1086 fieri
566 1050 753 1098 potuerit,
801 1050 860 1087 vix
888 1049 1087 1100 intelligaS.
1145 1051 1280 1089 Melius
1309 1056 1434 1090 autem
1471 1052 1551 1090 hic:
1598 1051 1701 1101 „wir
1725 1050 1858 1088 ziehen

341 1116 405 1153 mit
430 1114 528 1152 Voss
557 1115 644 1154 adr.
672 1115 806 1154 leviter
833 1121 998 1165 tonsum,
1023 1117 1290 1168 angeschoren
1301 1146 1318 1164 ,
1346 1130 1435 1167 vor,
1464 1119 1590 1155 indem
1618 1118 1685 1154 der
1713 1115 1857 1165 miissig

340 1184 378 1219 in
407 1184 474 1220 der
501 1183 662 1220 Baderei
690 1182 868 1220 Sitzende
896 1185 963 1221 der
991 1184 1228 1235 Vollendung
1249 1187 1317 1224 der
1340 1185 1588 1235 begonnenen
1610 1184 1763 1222 Tonsur
1789 1183 1856 1220 mit

340 1248 616 1298 Wohlgefallen
645 1252 834 1298 entgegen
862 1263 908 1287 zu
936 1250 1052 1289 seben
1079 1251 1269 1291 scheint.“
1325 1252 1404 1289 Sed
1433 1251 1527 1289 hanc
1552 1251 1651 1288 haud
1678 1263 1770 1288 sane
1797 1250 1855 1286 in-

339 1319 465 1365 eptam
492 1316 645 1353 missam
670 1316 873 1366 faciamus,
902 1321 944 1354 ut
973 1322 1143 1356 octavam
1167 1319 1370 1356 enodemus
1398 1318 1446 1355 ab
1474 1317 1633 1354 Hutlzio
1660 1317 1686 1355 l.
1713 1316 1740 1354 l.
1765 1327 1855 1366 pro-

339 1383 514 1432 positam.
572 1382 632 1420 De
660 1383 767 1433 hujus
797 1386 986 1422 sententia
1021 1387 1133 1434 „fuit
1155 1386 1313 1424 Horatio
1349 1385 1460 1422 homo
1489 1384 1577 1421 adr.
1609 1385 1666 1434 is,
1718 1383 1780 1434 qui
1816 1386 1856 1420 et

340 1450 496 1487 vestitus
525 1449 704 1488 munditia
728 1453 767 1487 et
794 1450 916 1488 vultus
945 1453 1095 1503 orisque
1123 1455 1337 1501 venustate,
1364 1454 1537 1490 universo
1565 1451 1726 1500 denique
1755 1449 1855 1487 cultu

340 1521 494 1554 externo
522 1517 711 1566 spectanti
735 1517 886 1556 cuilibet
912 1531 999 1556 sese
1027 1519 1351 1558 commendaret.“
1405 1517 1666 1569 Metaphoram
1693 1507 1855 1566 igitur&

338 1583 475 1633 rebus,
506 1596 610 1633 —quae
632 1583 841 1633 levigentur
865 1589 904 1623 et
926 1587 1093 1624 radendo
1119 1587 1329 1637 poliantur,
1369 1590 1554 1636 sumptam
1583 1583 1780 1634 opinatur,
1814 1585 1855 1618 ut

337 1651 452 1689 Mart.
485 1653 524 1700 1,
556 1652 649 1691 118.
679 1649 779 1687 liber
806 1653 965 1701 pumice
992 1666 1119 1695 rasus.
1175 1654 1235 1691 Ita
1260 1653 1452 1690 adrasum
1477 1651 1637 1689 eundem
1661 1661 1760 1698 esse,
1790 1649 1853 1698 qui

333 1717 484 1768 politus
515 1717 574 1755 vel
602 1716 660 1753 ad
685 1731 858 1768 unguem
874 1719 1020 1769 sactus
1046 1719 1190 1757 dicatur
1219 1721 1299 1757 Sat.
1333 1722 1379 1768 1,
1406 1719 1454 1767 5,
1483 1719 1578 1767 32,
1602 1716 1663 1754 vel
1690 1715 1854 1752 limatus

339 1785 418 1821 Cic.
446 1783 499 1821 N.
527 1782 578 1820 D.
604 1785 644 1831 2,
672 1784 738 1826 29.
789 1786 862 1823 Vir
889 1785 1063 1822 moribus
1090 1786 1309 1823 domesticis
1334 1799 1385 1822 ac
1406 1791 1626 1822 nostrorum
1649 1782 1853 1820 hominum

338 1849 564 1888 urbanitate
590 1850 780 1898 limatus;
806 1865 850 1889 ex
874 1853 1007 1890 eodem
1034 1853 1139 1890 fonte
1165 1853 1245 1893 Cic.
1270 1851 1388 1890 Acad.
1413 1848 1455 1902 4,
1479 1852 1548 1891 31.
1574 1863 1653 1887 non
1675 1851 1780 1887 enim
1797 1856 1853 1886 est

338 1932 358 1955 e
387 1931 482 1955 saxo
519 1917 698 1967 sculptus
726 1917 913 1970 (sapiens)
942 1925 1014 1956 aut
1041 1933 1062 1956 e
1089 1918 1221 1956 robore
1247 1919 1416 1957 dolatus.
1474 1917 1682 1954 Adrasum
1712 1918 1852 1966 majore

337 1987 451 2024 etiam
477 1987 560 2035 jure
595 1985 781 2022 translata
808 1987 963 2023 notione
997 1986 1037 2023 in
1070 1985 1327 2023 describendis
1362 1986 1549 2022 hominum
1578 1983 1766 2032 moribus,
1812 1983 1852 2020 in

338 2055 476 2091 vestitu
504 2056 544 2089 et
569 2056 705 2089 ornatu
731 2064 860 2090 eorum
889 2053 962 2090 dici
995 2064 1110 2102 posse
1139 2064 1184 2090 ex
1211 2063 1316 2090 more
1349 2051 1540 2087 hominum
1575 2050 1783 2088 molliorum
1811 2053 1851 2087 et

336 2120 607 2168 delicatiorum,
635 2120 780 2169 pumice
801 2125 923 2158 cutem
944 2119 1163 2167 adradendi,
1187 2122 1231 2156 ut
1251 2118 1365 2156 Ovid.
1390 2115 1437 2154 A.
1462 2115 1508 2153 A.
1538 2118 1577 2165 1,
1606 2116 1702 2156 506.
1735 2116 1850 2154 Mart.

340 2189 379 2235 1,
408 2187 474 2227 65.
531 2185 626 2223 Plin.
654 2185 777 2236 Epist.
808 2189 848 2236 2,
878 2189 943 2236 11,
973 2186 1040 2228 23.
1098 2185 1141 2223 In
1169 2186 1327 2223 eundem
1356 2196 1509 2222 censum
1534 2182 1658 2221 locum
1685 2182 1851 2220 Petronii

335 2253 406 2295 32.
445 2256 576 2290 vocat:
635 2252 772 2290 Pallio
813 2255 988 2291 coccineo
1024 2253 1216 2290 adrasum
1253 2252 1469 2288 excluserat
1505 2256 1638 2300 caput.
1693 2250 1747 2288 Ut
1783 2263 1850 2287 au-

336 2325 412 2357 tem
441 2332 487 2357 ex
519 2320 599 2356 ovis
627 2319 719 2370 pulli
747 2320 893 2357 excludi
917 2320 1109 2369 dicantur,
1157 2320 1210 2358 ita
1238 2319 1445 2370 comparari
1472 2318 1697 2368 pumicatum
1725 2321 1765 2354 et
1790 2317 1849 2354 ni-

336 2387 453 2424 tidum
484 2386 771 2424 Trimalchionis
800 2391 912 2436 caput
940 2398 1022 2424 cum
1059 2386 1161 2437 pullo
1198 2387 1311 2424 modo
1340 2385 1505 2423 excluso.
1560 2384 1710 2422 Dixisse
1736 2385 1850 2434 igitur

335 2458 443 2504 putat
468 2452 514 2490 V.
545 2453 583 2491 d.
612 2453 827 2490 Petronium
853 2452 942 2489 adr.
972 2459 1095 2502 caput
1119 2454 1252 2490 eadem
1285 2453 1365 2490 fere
1402 2451 1578 2500 notione,
1626 2463 1700 2500 qua
1723 2450 1846 2489 Hora-

336 2522 411 2557 tius
439 2520 623 2558 hominem
642 2520 839 2566 ,adrasum
848 2545 864 2564 ,
910 2520 947 2557 h.
978 2532 1011 2556 e.
1035 2531 1105 2569 pro
1136 2519 1259 2568 capite
1285 2519 1470 2569 pumicato
1500 2520 1540 2554 et
1566 2517 1708 2567 nitido,
1751 2530 1848 2556 nun-

337 2589 548 2638 cupaverit3
595 2591 636 2625 at
671 2587 773 2637 quod
812 2586 966 2637 proprie
1000 2586 1137 2624 dixerit
1162 2584 1386 2633 Petronius,
1434 2584 1473 2620 id
1509 2582 1556 2620 ab
1581 2584 1737 2622 Horatio
1771 2585 1848 2635 jam

336 2655 532 2692 transferri
563 2656 612 2692 ad
649 2653 860 2691 universum
896 2653 1054 2691 hominis
1083 2653 1257 2691 vestitum
1284 2655 1323 2689 et
1350 2652 1501 2690 cultum.
1560 2650 1687 2689 Paene
1714 2662 1847 2688 assen—

337 2733 401 2758 sus
425 2734 506 2758 sum
524 2722 612 2758 Viro
638 2719 784 2758 erudite
806 2721 1016 2770 disserenti,
1040 2720 1110 2758 sed
1134 2719 1217 2757 loco
1241 2723 1444 2757 retractato
1467 2717 1518 2756 illi
1541 2718 1678 2767 aliquid
1699 2717 1847 2756 humani

336 2788 517 2825 accidisse
545 2800 621 2826 non
649 2788 729 2825 sine
763 2786 894 2824 dolore
923 2787 1008 2824 vidi.
1065 2786 1248 2824 Adrasas
1279 2786 1375 2823 enim
1411 2785 1474 2822 ille
1502 2786 1635 2823 eadem
1661 2785 1847 2822 sententia

337 2858 505 2903 vocatur,
534 2867 609 2904 qua
633 2867 665 2891 c.
692 2855 759 2895 27.
791 2867 906 2891 senex
932 2853 1088 2900 calvus,
1117 2854 1189 2892 vid.
1218 2853 1266 2890 ibi
1290 2852 1445 2890 Erhard.
1475 2864 1514 2902 p.
1534 2850 1619 2901 94.,
1645 2856 1684 2890 et
1709 2850 1844 2888 exclu—

337 2934 426 2959 sum
447 2928 570 2972 caput
595 2919 683 2958 nihil
711 2921 809 2958 aliud
837 2925 919 2970 est,
962 2922 1033 2959 nisi
1063 2925 1174 2973 caput
1197 2919 1387 2971 paulisper
1414 2922 1519 2957 extra
1546 2918 1696 2969 pallium
1717 2929 1845 2956 exser-
