2028 3268
372 274 452 316 382
511 274 882 314 COMMENTARII
911 275 967 313 IN
993 274 1212 314 HORATII
1240 274 1337 315 IJIB.
1358 277 1384 316 Ι.
1413 277 1575 316 EPIST.
1596 279 1742 322 SEPT.
1800 282 1880 324 110

371 401 420 436 ad
442 399 526 436 Div,
552 399 627 446 16,
667 395 731 436 15.
789 395 929 431 Aenea
956 408 1017 446 ap.
1045 396 1191 446 Apulej.
1219 398 1267 434 de
1297 397 1478 449 Orthogr.
1503 412 1542 449 p.
1571 401 1610 439 9.
1640 403 1701 440 ed.
1733 403 1877 441 Osann,

371 466 506 514 Neque
533 465 668 500 desunt
702 462 869 511 exempla
896 463 934 499 in
962 462 1116 499 alteram
1149 468 1306 514 partem.
1365 465 1428 502 Sic
1451 466 1598 504 Menas
1620 468 1879 519 Dispensator

370 544 432 580 ap.
462 529 680 567 Bourdelot.
716 529 754 564 in
780 529 881 565 notis
909 529 958 565 ad
986 528 1139 567 Petron.
1170 530 1236 570 30.
1294 530 1490 570 Praeclare
1516 532 1586 570 hac
1610 535 1658 572 de
1682 547 1725 573 re
1747 537 1878 586 dispu—

371 600 462 635 tavit
502 595 706 641 Bentlejas
738 595 776 632 in
815 594 985 644 Epistola
1019 597 1067 633 ad
1101 597 1255 635 Millium
1290 611 1328 648 p.
1360 598 1427 638 83.
1467 597 1628 649 (Opusc.
1656 600 1785 651 philol.
1816 603 1876 639 ed.

369 664 475 714 Lips.
506 664 626 703 1781.
655 675 693 712 p.
726 659 807 701 517
837 661 942 712 sqq.)
971 661 1079 701 Adde
1108 664 1231 701 Sturz.
1259 664 1284 703 l.
1312 677 1427 715 supra
1449 664 1547 703 laud.
1586 678 1626 717 p.
1653 664 1681 705 4
1708 679 1794 718 sqq.
1829 667 1875 705 C.

369 731 583 768 Schneider.
610 728 798 766 Formenl.
825 742 865 778 p.
897 728 962 770 29.

478 795 524 833 V.
555 795 620 835 56.
651 806 736 845 sqq.
793 796 1052 843 Praeconem,
1074 798 1183 835 tenui
1209 810 1344 843 censu,
1373 798 1445 847 cui,
1474 802 1515 836 ut
1541 796 1684 835 Lucan.
1710 797 1750 848 5,
1780 797 1875 842 528.

369 864 474 900 vitae
507 868 592 899 tuta
620 861 801 911 facultas
827 863 1024 913 Pauperis
1057 865 1296 915 angustique
1331 864 1442 901 laris.
1510 863 1570 902 De
1603 877 1717 902 censu
1751 865 1876 911 tenui,

369 930 493 974 brevi,
520 935 689 979 angusto
717 930 791 966 vid.
821 930 869 966 ad
900 932 937 978 1,
970 932 1007 980 1,
1037 927 1103 970 43.
1135 935 1173 968 et
1203 932 1250 968 cf.
1280 931 1399 970 Drak.
1429 933 1477 969 ad
1504 932 1570 969 Sil.
1599 931 1681 969 Ital.
1709 933 1751 980 7,
1782 933 1873 973 167.

368 998 427 1035 lta
454 995 662 1046 Symmach.
692 996 815 1046 Epist.
839 999 877 1045 1,
904 997 972 1036 37.
990 997 1186 1047 fortunae
1213 1001 1350 1036 tenuis.
1406 998 1466 1036 De
1493 998 1754 1048 praeconibus,
1781 1011 1875 1048 quo—

367 1079 449 1101 rum
487 1064 608 1100 varius
651 1068 689 1100 et
724 1063 915 1113 multiplex
944 1077 1033 1101 usus
1062 1065 1155 1113 fuit,
1198 1065 1270 1103 vid.
1301 1065 1435 1104 Lamb.
1464 1067 1512 1103 ad
1540 1066 1576 1102 h.
1609 1064 1633 1102 l.
1661 1065 1798 1102 Heind.
1826 1066 1875 1102 ad

367 1132 447 1168 Sat.
480 1132 527 1179 1,
558 1131 605 1178 6,
635 1130 702 1169 86.
758 1130 899 1168 Herm.
928 1129 1098 1168 Hubert.
1125 1129 1286 1169 Dissert.
1315 1132 1363 1169 II.
1387 1133 1475 1182 „de
1500 1130 1732 1181 Argentariis
1760 1131 1874 1169 Vete—

366 1197 484 1235 rum‘6
522 1197 570 1245 3,
618 1198 656 1237 2.
693 1210 731 1246 p.
760 1197 814 1236 75
845 1210 930 1247 sqq.
960 1202 999 1235 et
1032 1198 1212 1235 Creuzeri
1257 1198 1425 1248 „Abriss
1455 1200 1521 1236 der
1548 1198 1682 1236 Roem.
1708 1196 1875 1247 Antiq.“

365 1263 397 1310 §.
431 1263 523 1303 173.
580 1263 662 1300 Huc
691 1268 814 1302 autem
842 1265 952 1314 facit,
992 1266 1091 1314 quod
1119 1277 1325 1316 praecones
1354 1269 1486 1315 utpote
1512 1265 1679 1302 homines
1707 1265 1798 1303 viles
1826 1265 1874 1302 de

365 1343 432 1367 sua
460 1330 687 1367 humanitate
715 1330 810 1368 male
839 1332 1038 1369 audierunt
1067 1333 1146 1372 Cic.
1173 1345 1231 1382 pr.
1261 1333 1390 1376 Quint.
1422 1332 1473 1380 3,
1513 1333 1577 1372 11.
1634 1331 1718 1369 Juv.
1747 1333 1797 1380 7,
1833 1331 1872 1370 6.

365 1397 455 1446 ibiq.
478 1396 639 1446 Rupert.
667 1419 724 1425 -—
750 1398 834 1433 sine
857 1399 1018 1434 erimine
1045 1405 1179 1434 notum
1207 1400 1232 1438 i.
1255 1412 1289 1436 e.
1319 1398 1419 1436 nulla
1439 1398 1679 1448 improbitate
1707 1397 1875 1435 infamia-
1919 1409 1923 1411 ’

364 1477 450 1513 que,
479 1465 556 1501 sive
586 1464 769 1501 hominem
796 1477 871 1502 non
899 1465 1087 1514 infamem,
1116 1467 1184 1503 sed
1213 1465 1309 1503 bene
1336 1466 1572 1514 audientem,
1602 1466 1702 1515 quod
1728 1465 1875 1514 quidem

365 1532 593 1569 contrarium
620 1532 769 1582 ponitur
795 1532 920 1569 verbis
949 1538 1026 1572 ten.
1057 1545 1159 1569 cens.
1174 1560 1188 1577 ,
1220 1535 1273 1586 'ut
1300 1545 1362 1582 ap.
1393 1532 1549 1576 Quintil.
1578 1531 1744 1569 Declam.
1776 1530 1872 1570 331.

363 1597 482 1648 Inops
510 1611 645 1642 censa,
669 1598 740 1635 sed
763 1599 929 1649 integer,
956 1600 1040 1635 sine
1066 1600 1229 1636 erimine
1253 1603 1325 1638 etc.
1382 1600 1504 1649 Saepe
1527 1599 1624 1636 enim
1644 1597 1872 1647 praepositio

364 1667 448 1701 sine
483 1677 565 1702 cum
600 1677 688 1702 casu
725 1678 794 1701 suo
827 1667 957 1715 juncta
984 1668 1138 1704 inservit
1163 1667 1380 1716 praedicato
1407 1666 1580 1715 negative
1607 1662 1870 1702 describendo.

361 1732 418 1768 Ita
445 1731 527 1767 Juv.
558 1732 607 1779 7,
646 1732 740 1771 207.
782 1738 935 1768 tenuem
964 1739 1000 1769 et
1031 1735 1116 1770 sine
1148 1734 1320 1783 pondere
1348 1739 1503 1771 terram.
1561 1730 1672 1767 Ovid.
1699 1729 1792 1766 Met.
1829 1730 1870 1777 7,

363 1797 457 1838 275.
487 1798 569 1832 sine
597 1798 752 1834 nomine
779 1798 905 1838 rebus.
963 1799 1088 1837 Sedul.
1121 1797 1169 1849 4,
1212 1802 1249 1841 2.
1279 1801 1362 1835 sine
1388 1799 1544 1835 nomine
1570 1797 1735 1832 mixtam
1769 1795 1871 1833 Vul-

360 1877 450 1914 gus:
508 1862 621 1900 Anth.
658 1863 724 1901 lat.
763 1865 812 1913 3,
851 1866 927 1914 60,
969 1867 1005 1904 1.
1030 1865 1158 1916 finus
1184 1867 1268 1902 sine
1297 1866 1458 1902 crimine
1487 1876 1676 1914 parvum.
1735 1862 1870 1900 Senec.

361 1931 501 1968 Phoen.
532 1931 627 1970 513.
691 1931 783 1967 Sine
811 1932 973 1967 crimine
1001 1931 1102 1968 exul.
1163 1931 1246 1968 Alia
1284 1931 1373 1969 talia
1410 1930 1649 1981 suppeditant
1677 1929 1802 1966 Bentl.
1833 1932 1872 1965 et

362 1997 525 2034 Schmid.
556 1998 603 2033 ad
632 1996 669 2034 h.
699 1997 724 2034 l.
756 1997 870 2034 Fabr.
901 2001 940 2034 et
967 1999 1132 2047 Herzog.
1161 1999 1209 2036 ad
1237 1999 1328 2036 Sall.
1359 1998 1445 2047 Jug.
1478 1997 1551 2044 10,
1598 1997 1634 2035 1.
1702 1995 1804 2032 Idem
1833 1998 1871 2032 et

360 2065 482 2101 Kritz.
517 2064 564 2099 ad
591 2062 678 2112 Jug.
708 2061 783 2112 54,
819 2065 857 2103 6.
927 2064 1043 2102 Roth.
1080 2065 1128 2101 ad
1155 2065 1249 2102 Tac.
1280 2065 1406 2115 Agr-ic.
1435 2077 1474 2114 p.
1506 2062 1603 2105 230.
1675 2061 1789 2099 Fabr.
1818 2063 1865 2099 ad

359 2130 444 2168 Liv.
475 2131 550 2179 22,
586 2131 636 2178 7,
667 2130 705 2170 5.
767 2130 874 2168 Cort.
906 2132 954 2168 ad
983 2130 1126 2168 Lucan.
1158 2133 1206 2180 1,
1239 2131 1332 2173 260.
1389 2131 1504 2169 Herz.
1534 2130 1581 2167 ad
1611 2129 1721 2167 Caes.
1750 2130 1795 2166 B.
1825 2130 1868 2166 C.

360 2198 409 2245 3,
450 2197 517 2236 93.
564 2200 602 2233 et
643 2209 737 2246 quos
776 2197 903 2235 laudat
938 2197 1051 2235 Hess.
1081 2198 1129 2234 ad
1164 2197 1259 2234 Tac.
1289 2198 1387 2236 Dial.
1418 2199 1465 2235 de
1504 2197 1572 2234 Or.
1603 2194 1669 2236 40.
1706 2209 1745 2246 p.
1775 2197 1869 2237 271.

358 2263 539 2301 Dietrich.
571 2264 609 2300 in
638 2263 770 2300 Zimm.
812 2264 1105 2312 „Zeitschrift.“
1136 2265 1256 2304 1837.
1285 2278 1324 2315 p.
1353 2265 1448 2304 365.
1507 2264 1579 2308 Qui
1607 2263 1677 2300 hoc
1705 2263 1871 2300 insolen—

361 2334 419 2366 ter
447 2331 586 2366 dictum
610 2334 853 2380 praetexunt,
892 2332 961 2380 iis,
1000 2332 1032 2368 si
1056 2333 1139 2381 jure
1167 2333 1206 2369 id
1234 2333 1425 2380 facerent,
1462 2330 1588 2368 sobria
1616 2329 1677 2366 illa
1709 2329 1874 2366 Gesneri

359 2398 407 2433 ad
431 2398 513 2434 Sat.
542 2399 580 2445 1,
609 2396 649 2445 4,
678 2397 742 2437 26.
765 2397 966 2436 admonitio
989 2399 1193 2447 ingerenda
1215 2403 1336 2435 esset:
1365 2397 1437 2447 „Si
1462 2395 1663 2445 singularia
1691 2397 1811 2433 omnia
1832 2400 1871 2433 et

360 2464 475 2501 semel
513 2468 659 2501 tantum
699 2463 899 2500 observata
940 2465 1153 2502 damnamus
1166 2466 1194 2488 ‘⁶
1230 2469 1302 2502 etc.
1360 2463 1485 2512 Atque
1521 2463 1569 2499 ad
1600 2463 1697 2500 hunc
1723 2462 1870 2512 quidem

359 2531 479 2568 locum
506 2531 595 2568 nihil
623 2531 746 2581 aptius
774 2530 910 2567 Volteii
937 2543 1144 2580 responso,
1181 2543 1278 2580 quo,
1314 2532 1366 2568 uti
1393 2535 1496 2567 recte
1525 2529 1738 2566 observavit
1769 2529 1870 2566 Ges-

358 2611 497 2646 neras,
527 2598 612 2647 „ab
641 2598 853 2635 innocentia
881 2610 922 2634 se
950 2598 1076 2648 potius
1105 2597 1292 2647 nobilem,
1320 2609 1430 2647 quam
1457 2596 1692 2634 nobilitatum
1715 2595 1867 2646 flagitiis

358 2668 423 2702 aut
450 2665 498 2700 ob
527 2665 710 2714 ignaviam
739 2664 936 2702 obscurum
965 2665 1081 2701 esse“
1110 2664 1285 2702 declarat.
1342 2663 1533 2713 Negativa
1561 2667 1684 2700 autem
1710 2662 1868 2700 formula

359 2731 531 2768 consulto
562 2745 649 2768 usus
678 2731 737 2769 hic
765 2736 824 2769 est
846 2733 999 2781 jocosus
1027 2730 1166 2780 Poeta,
1194 2734 1236 2767 ut
1262 2731 1419 2768 hominis
1443 2731 1543 2768 bona
1570 2730 1692 2778 fama,
1721 2729 1761 2766 in
1788 2727 1865 2766 ele-

357 2799 491 2836 mentis
521 2798 660 2836 ethices
675 2825 686 2846 ,
726 2799 886 2835 erimine
914 2810 1062 2843 carere,
1087 2798 1212 2848 posita
1236 2802 1275 2834 et
1298 2798 1395 2835 haud
1423 2796 1534 2835 dubie
1559 2796 1632 2846 ipsi
1658 2807 1769 2833 verae
1791 2795 1864 2831 vir—-

357 2866 446 2902 tutis
483 2877 718 2914 summaeque
755 2865 875 2902 laudis
911 2863 994 2901 loco
1030 2864 1157 2902 habita
1182 2863 1354 2914 Philippo
1380 2863 1572 2914 quaerenti
1609 2863 1680 2900 rite
1715 2862 1863 2899 innote-

358 2935 492 2969 sceret.
550 2931 600 2968 Et
629 2943 761 2982 reapse
787 2943 895 2980 „non
921 2942 1037 2982 parva
1063 2930 1144 2970 laus
1171 2934 1275 2979 erat,
1303 2943 1387 2969 nam
1418 2931 1479 2980 qui
1507 2942 1650 2980 pauper
1681 2928 1793 2976 est‚“
1821 2931 1863 2964 ut
