2028 3268
415 261 498 304 370
556 265 926 304 COMMENTARII
955 264 1010 302 lN
1038 262 1222 301 HORAT
1224 263 1257 300 11
1284 263 1383 302 LIB.
1403 265 1433 302 Ι.
1453 264 1615 304 EPIST.
1636 264 1780 305 SEPT.
1862 267 1922 308 98

414 388 551 426 accidit
571 386 837 436 interpretibus
868 384 1129 436 parabolarum
1158 397 1359 434 sacrarum,
1388 390 1430 423 ut
1458 387 1603 436 singula
1629 388 1737 426 nimis
1765 388 1922 439 diligen-

414 461 472 494 ter
498 457 734 500 rimarentur,
763 454 864 489 idem
891 452 1033 501 aliquot
1057 452 1164 501 hujus
1189 451 1341 502 apologi
1367 452 1631 502 interpretibus
1659 457 1839 494 accidisse
1866 457 1922 494 vi-

416 527 560 563 demus,
625 518 869 571 Vialpeculae
891 520 1010 566 enim,
1051 522 1183 569 utpote
1208 518 1351 555 bestiae
1378 520 1760 572 fraudulentissimae,
1798 523 1923 562 Hora-

414 594 506 630 tium
525 590 652 626 vident
677 589 944 636 comparatum,
964 589 1166 635 propterea
1189 586 1288 634 quod
1308 585 1347 621 in
1368 586 1566 623 amicitiam
1587 586 1815 628 Maecenatis
1837 603 1924 628 sese

416 655 701 703 insinuavisset,
748 658 791 691 ut
828 654 925 703 apud
962 665 1047 690 eum
1073 653 1338 702 pinguesceret
1363 651 1388 688 i.
1419 664 1452 688 e.
1479 652 1693 693 ditesceret.
1750 657 1924 695 Similiter

416 724 552 761 erravit
578 721 822 771 Doeringius
834 747 850 764 ‚
897 719 944 757 ab
984 719 1248 756 humanissimo
1278 718 1347 755 155⁶.
1372 717 1554 755 Jacobsio
1577 733 1616 770 p.
1650 724 1743 764 127,
1771 723 1926 761 meliora

416 790 589 837 edoctus,
619 801 732 837 quum
758 786 874 824 verbo
903 791 1076 835 repserat
1100 798 1135 822 v.
1155 785 1221 824 30.
1252 798 1334 822 eam
1361 786 1433 822 vim
1458 786 1651 837 tribueret,
1680 793 1721 826 ut
1751 790 1783 826 si
1801 789 1924 827 Hora-

415 856 487 892 tius
523 855 562 891 in
589 854 819 892 Maecenatis
856 855 1003 890 domum
1040 854 1314 902 amicitiamque
1347 853 1592 903 adrepsisset.
1653 853 1768 892 Aliter
1807 855 1855 894 de
1882 869 1924 893 se

416 922 498 971 ipse
528 921 679 970 quidem
707 923 826 959 sensit
858 921 1002 969 Poeta,
1042 920 1073 956 si
1103 919 1377 969 comparaveris
1405 920 1485 956 Sat.
1513 923 1560 969 1,
1589 922 1638 970 6,
1665 921 1719 960 50
1747 934 1832 972 sqq.
1868 942 1924 952 ...-

415 987 474 1025 De
501 989 635 1038 partic.
665 989 796 1033 Forte,
825 1000 921 1037 quae
950 988 1009 1025 hic
1037 986 1155 1036 accipi
1178 990 1306 1036 potest
1334 998 1403 1036 pro
1433 986 1669 1037 aliquando,
1696 989 1788 1026 dixit
1801 989 1924 1028 Hand.

415 1055 464 1092 ad
494 1054 608 1092 Turs.
632 1055 680 1093 II.
706 1069 744 1106 p.
774 1055 869 1095 733.

525 1122 571 1160 V.
605 1123 675 1162 30.
705 1135 902 1159 cumeram
923 1119 1130 1171 frumenti.
1188 1118 1372 1170 Porphyr.
1406 1133 1602 1170 „camera
1631 1123 1730 1159 vasis
1758 1122 1925 1159 frumen-

415 1190 499 1228 tarii
525 1202 671 1239 genus,
710 1189 850 1227 sactum
876 1201 920 1226 ex
948 1186 1081 1224 vimine
1110 1186 1311 1223 admodum
1340 1186 1553 1225 obductum.
1566 1188 1595 1210 “
1650 1187 1776 1226 Schol.
1807 1188 1924 1236 Cruq.

417 1268 523 1305 „vas
559 1257 862 1304 frumentarium,
912 1267 956 1291 ex
992 1251 1189 1289 viminibus
1231 1256 1455 1292 contextum.
1468 1255 1496 1277 ‘⁶
1564 1253 1676 1291 Plura
1711 1254 1927 1305 suppeditat

415 1324 554 1360 Acron.
582 1323 631 1359 ad
654 1322 733 1359 Sat.
756 1325 794 1371 1,
825 1324 862 1370 1,
895 1321 961 1361 53.
1020 1319 1129 1356 Conf.
1153 1318 1217 1355 Fr.
1243 1319 1395 1358 Jacobs.
1421 1334 1459 1370 p.
1486 1321 1578 1363 132.
1634 1320 1831 1362 Dae-erius
1857 1331 1927 1355 ca-

415 1402 582 1433 meram,
613 1401 724 1438 quam
754 1388 944 1426 mentione
973 1385 1208 1436 vulpeculae
1231 1387 1332 1424 facta
1359 1387 1526 1425 offensus
1553 1388 1734 1437 conjecit,
1762 1390 1805 1424 ut
1831 1385 1923 1423 haec

415 1471 492 1495 non
519 1458 745 1493 frumentum
771 1455 999 1501 comederet,
1029 1454 1097 1490 sed
1122 1458 1165 1490 ut
1192 1453 1316 1502 pullos
1346 1458 1385 1491 et
1413 1454 1604 1492 columbas
1633 1457 1816 1504 captaret,
1842 1465 1927 1490 ver-

416 1526 462 1562 tit
490 1524 669 1574 „grenier
698 1521 854 1558 voute'.“
875 1519 915 1557 !‘.l
938 1543 995 1548 —-
1022 1519 1067 1557 V.
1088 1520 1155 1560 31.
1179 1519 1299 1569 pleno
1328 1533 1502 1570 corpore,
1530 1522 1577 1558 de
1605 1521 1791 1558 sententia
1808 1509 1927 1557 Bent-

415 1592 477 1640 leji
511 1587 839 1640 „pinguefacta.“
894 1587 939 1624 Ei
976 1587 1230 1624 assentiuntur
1261 1586 1526 1632 Sanadonus,
1572 1586 1833 1637 Don'ghello,
1878 1586 1926 1624 al.

416 1658 465 1695 At
489 1657 598 1707 plen.
628 1669 733 1705 corp.
766 1655 864 1691 idem
893 1658 952 1691 est
982 1655 1082 1703 quod
1105 1653 1224 1702 pleno
1254 1660 1385 1690 ventre
1411 1667 1472 1704 ap.
1501 1653 1716 1701 Hieronym.
1742 1653 1809 1690 l.l.
1840 1651 1927 1700 ἕξο-

414 1727 616 1776 γκωθεῖσα
641 1720 714 1772 τὴν
739 1717 905 1772 γαστέρα
928 1732 989 1768 ap.
1013 1719 1152 1769 Aesop.
1184 1724 1222 1756 et
1252 1717 1317 1758 διοὶ
1345 1717 1388 1760 τό
1418 1719 1697 1771 ἐμπλησθῆναι
1724 1731 1784 1770 ap.
1810 1718 1926 1757 Dion.

417 1791 612 1839 Chrysost.
653 1788 764 1826 Conf.
793 1787 858 1823 Fr.
888 1785 1039 1823 Jacobs.
1068 1799 1106 1834 p.
1130 1786 1224 1825 137.
1253 1806 1308 1812 —-
1331 1784 1376 1823 V.
1406 1787 1473 1826 33.
1504 1799 1647 1823 cavum
1673 1792 1821 1823 artum.
1862 1787 1926 1824 Sic

416 1856 575 1894 Phaedr.
592 1858 635 1904 2,
661 1852 701 1902 4,
734 1854 798 1893 17.
828 1859 908 1888 tuto
938 1864 1048 1888 οανο.
1076 1849 1117 1900 4,
1147 1851 1187 1899 5,
1216 1852 1255 1891 3.
1283 1859 1390 1888 artos
1418 1866 1550 1889 cavos.
1610 1851 1692 1891 Vid.
1713 1853 1765 1890 ibi
1783 1853 1927 1902 Burm.,

420 1936 532 1973 quem
555 1923 683 1959 laudat
707 1919 846 1960 Heind.
871 1920 918 1955 ad
945 1919 1025 1956 Sat.
1055 1921 1095 1966 2,
1123 1919 1162 1966 6,
1192 1920 1284 1959 116.
1343 1918 1455 1956 Conf.
1483 1917 1667 1969 Doering.
1697 1920 1747 1956 ad
1774 1919 1855 1957 Sat.
1887 1922 1927 1969 2,

416 1991 466 2038 3,
499 1989 591 2029 173.
622 1989 670 2035 6,
700 1987 766 2026 81.

525 2053 571 2092 V.
595 2051 803 2094 34—36.
862 2051 957 2086 Hac
989 2071 1035 2077 —-
1067 2057 1187 2090 muto.
1244 2051 1460 2089 Sententia:
1489 2052 1633 2101 „Quod
1662 2052 1709 2090 de
1728 2051 1929 2090 reddendis

418 2120 631 2159 muneribus
657 2131 726 2169 pro
754 2118 1012 2167 recuperanda
1034 2116 1206 2154 libertate
1234 2118 1322 2166 dixi,
1350 2119 1382 2155 si
1404 2117 1530 2156 fabula
1554 2118 1647 2156 haec
1670 2118 1776 2168 quasi
1801 2120 1849 2157 de
1870 2132 1930 2158 me

419 2190 604 2234 narratur,
634 2186 756 2222 omnia
785 2186 941 2223 restituo
971 2197 1047 2222 non
1077 2189 1233 2234 propter
1260 2185 1493 2223 fastidiosam
1512 2186 1697 2234 quandam
1715 2186 1930 2224 inconstan-

419 2255 508 2292 tiam
536 2257 601 2290 aut
629 2252 774 2289 sincero
803 2252 986 2288 libertatis
1017 2252 1142 2290 studio
1172 2254 1394 2302 destitutus,
1443 2253 1510 2290 sed
1544 2253 1620 2302 ita,
1667 2255 1708 2290 ut
1737 2264 1859 2302 neque
1886 2265 1930 2290 ex

421 2320 593 2358 satietate
626 2319 684 2355 vel
713 2319 863 2356 fastidio
891 2319 989 2356 vitae
1029 2319 1196 2356 lautioris
1230 2320 1465 2368 tranquillam
1503 2318 1688 2356 hominum
1722 2319 1932 2356 tenuiorum

422 2386 725 2436 plebejorumque
755 2387 867 2424 vitam
893 2387 1107 2436 praedicem
1134 2399 1256 2435 neque
1295 2399 1379 2423 cum
1407 2385 1640 2435 amplissimis
1668 2385 1806 2422 divitiis
1835 2387 1932 2423 otio-

423 2466 503 2490 sam
523 2453 734 2491 libertatem
755 2458 990 2491 commutem.
1046 2451 1119 2488 Alii
1137 2452 1257 2501 aliter,
1287 2453 1358 2490 vid.
1376 2451 1572 2501 Doering.,
1599 2449 1711 2488 Both.
1731 2451 1777 2488 ad
1797 2451 1931 2500 Gesn.‚

423 2521 490 2558 Fr.
517 2519 668 2557 Jacobs.
692 2533 730 2570 p.
759 2517 851 2559 114.
883 2522 921 2556 et
950 2518 1029 2560 128
1057 2531 1114 2567 sq.
1143 2522 1182 2556 et
1213 2519 1332 2557 Orell.
1361 2539 1417 2546 ——
1443 2516 1653 2568 compellor
1679 2517 1874 2568 imagine,
1902 2517 1928 2555 i.

426 2599 459 2623 e.
490 2588 672 2636 increper,
701 2586 955 2636 reprehendar
982 2588 1024 2622 ut
1048 2585 1128 2622 Sat.
1160 2587 1199 2633 2,
1233 2585 1274 2634 3,
1304 2583 1397 2626 296.
1454 2583 1539 2622 Vid.
1558 2585 1673 2623 Fabr.
1692 2585 1740 2622 ad
1757 2583 1841 2622 Liv.
1864 2587 1932 2634 22,

427 2655 498 2700 12,
540 2655 604 2694 12.
667 2653 896 2690 Schmidms
932 2654 970 2690 in
1006 2652 1120 2690 literis
1148 2653 1196 2689 ad
1223 2664 1283 2690 me
1308 2651 1406 2688 datis
1434 2651 1504 2688 hoc
1533 2651 1779 2702 significatum
1805 2655 1930 2702 putat:

425 2719 487 2766 „si
516 2719 583 2756 hac
608 2719 734 2757 sabula
755 2725 797 2758 ut
820 2720 967 2758 debitor
994 2731 1163 2767 accusor,
1194 2720 1316 2756 omnia
1341 2718 1539 2767 resigno,“
1566 2719 1605 2756 in
1631 2718 1727 2757 hanc
1745 2731 1824 2756 rem
1851 2718 1932 2758 lau-

426 2785 519 2821 dans
547 2785 699 2823 Ernest.
725 2787 830 2825 Clav.
857 2787 939 2825 Cic.
966 2786 1003 2824 h.
1028 2799 1064 2824 v.
1120 2786 1221 2836 Nep.
1248 2787 1289 2834 7,
1317 2783 1358 2834 4,
1390 2787 1426 2826 1.
1482 2783 1584 2822 Duk.
1610 2785 1657 2822 ad
1677 2784 1761 2823 Liv.
1790 2782 1861 2834 34,
1890 2787 1930 2834 2,

425 2852 466 2892 8.
523 2851 650 2888 Burm.
679 2854 726 2889 ad
755 2853 861 2890 Suet.
889 2854 998 2891 Caes.
1021 2855 1085 2894 17.
1141 2852 1287 2891 Manat.
1317 2852 1365 2889 ad
1395 2851 1476 2888 Cic.
1503 2850 1576 2901 Ep.
1605 2852 1655 2889 ad
1681 2851 1767 2890 Div.
1795 2852 1837 2900 8,
1866 2853 1931 2899 12,

428 2917 466 2959 5.
496 2924 535 2957 et
562 2931 782 2969 comparans
809 2920 1013 2969 appellare
1040 2923 1086 2959 de
1108 2919 1302 2959 monendis
1330 2917 1559 2958 debitoribus
1582 2918 1660 2956 Cic.
1679 2919 1785 2957 Brut.
1807 2917 1847 2967 5,
1869 2918 1931 2959 18·
