2028 3268
408 234 494 276 254
538 236 914 277 COMMENTARII
941 236 997 274 IN
1009 234 1239 274 HORATII
1263 234 1358 276 LIB.
1381 237 1398 274 Ι
1438 237 1602 278 EPIST.
1629 239 1808 286 QUINT.
1865 240 1920 281 64

409 356 665 394 Hoelzedems
676 384 691 402 ,
729 368 837 404 quem
862 356 955 393 vide.
1011 354 1153 392 Dictio:
1191 357 1399 406 imperium
1417 358 1508 408 fer,
1547 361 1594 398 de
1631 373 1706 410 qua
1732 361 1919 400 somniant

407 421 531 460 Acron
552 427 590 460 et
609 422 817 460 Scholiasta
832 421 962 471 Cruq·,
993 434 1016 458 a
1040 423 1238 459 Torrentio
1261 425 1306 460 et'
1329 423 1474 462 Orellio
1497 427 1545 463 ad
1577 428 1766 477 imperium
1795 428 1918 465 convi-

405 489 564 538 vatoris,
594 489 656 537 qui
679 489 776 524 idem
806 491 844 523 et
867 499 931 524 rex
964 490 1003 523 et
1020 488 1189 525 dominus
1210 492 1249 526 et
1265 501 1400 527 coenae
1427 495 1534 541 pater
1553 505 1596 531 ac
1615 494 1789 543 magister
1810 506 1917 531 voca-

409 559 469 591 tus
488 558 558 603 est,
579 554 713 592 rectius
736 554 905 602 refertur,
928 566 1038 602 quam
1059 555 1105 592 ab
1126 556 1205 593 aliis
1223 558 1272 594 ad
1290 557 1508 606 magistrum
1527 559 1603 596 sive
1621 571 1746 608 regem
1766 558 1918 596 bibendi

408 620 490 658 talis
510 623 681 657 creatum.
741 619 913 656 Similiter
928 619 1088 658 Martial.
1111 622 1184 671 12,
1209 621 1285 673 48,
1318 623 1383 663 15.
1448 624 1641 661 Convivas
1659 625 1758 662 alio-5·
1774 639 1917 663 coena-

408 701 498 723 rum
534 699 676 736 qaaere
709 686 922 735 magister,
966 686 1071 735 Quos
1101 691 1266 738 capiant
1291 704 1445 726 mensae
1469 704 1592 741 regna
1620 690 1788 740 superba
1813 699 1915 733 tuae.

408 755 481 790 Me
502 766 610 789 meus
635 752 693 788 ad
712 751 863 789 subitas
881 754 1018 789 invitet
1040 756 1191 791 amiens
1209 756 1371 806 ofillas:
1404 757 1519 792 Ilaec
1539 757 1656 800 milii,
1687 772 1807 808 quam
1819 773 1917 808 pos-

408 834 495 857 sum
523 819 706 863 reddere,
737 833 856 855 coena
880 819 1024 869 placet.
1083 821 1217 859 Severe
1240 823 1349 859 etiam
1374 823 1456 860 JuV.
1476 823 1526 862 11
1542 850 1554 872 ,
1585 823 1678 863 129.
1704 824 1915 874 superbum

411 887 627 925 Convivam
649 899 764 922 caveo
775 914 790 931 ,
817 888 887 937 qui
906 901 966 923 me
982 886 1059 923 sibi
1077 897 1305 938 comparat,
1336 897 1370 924 et
1388 903 1448 925 res
1469 890 1652 938 Despicit
1669 892 1844 941 exiguas.

514 953 558 990 V.
584 954 622 993 7.
679 952 925 989 Jamdadam
946 975 1002 981 —
1020 955 1205 1004 supellex.
1242 957 1304 994 Sic
1327 957 1400 994 Od.
1419 954 1470 1006 4,
1506 957 1580 1007 11,
1610 957 1649 996 6.
1707 957 1830 994 Ridet
1847 971 1916 994 ar·-

400 1026 519 1072 gento
547 1019 698 1055 domus.
757 1020 830 1057 Od.
851 1021 900 1069 2,
927 1021 1000 1070 16,
1032 1018 1096 1060 14.
1127 1030 1340 1071 paternum
1368 1023 1556 1073 Splendet
1581 1025 1624 1060 in
1653 1037 1786 1061 mensa
1809 1026 1917 1060 tenui

403 1086 593 1122 salinum.
622 1084 782 1125 Phaedr.
802 1083 848 1135 4,
879 1083 953 1135 24,
983 1087 1046 1126 20.
1098 1088 1339 1137 Splendebat
1360 1089 1487 1126 hilare
1499 1090 1657 1139 poculis
1679 1093 1913 1132 convivium.

409 1153 621 1203 Splendere
649 1155 772 1189 autem
797 1153 843 1188 de
876 1153 974 1189 omni
1004 1153 1158 1190 convivii
1183 1159 1367 1204 apparatu
1389 1157 1539 1207 proprie
1568 1157 1639 1194 dici
1659 1157 1824 1207 pluribus
1850 1159 1914 1195 de-

402 1220 624 1258 monstravit
650 1219 911 1255 Burmannus
945 1220 993 1256 ad
1015 1218 1174 1258 Phaedri
1191 1220 1321 1260 'locum
1353 1227 1391 1260 et
1425 1225 1474 1260 ad
1493 1223 1597 1272 Virg.
1622 1222 1716 1263 Aen.
1739 1225 1785 1274 1,
1819 1225 1912 1265 637.

402 1287 521 1325 Lares
546 1286 612 1324 tali
642 1286 701 1322 die
722 1289 841 1322 tersos
865 1297 945 1322 esse
973 1297 1078 1336 cera,
1105 1287 1368 1338 fuliginemque
1391 1289 1461 1325 soci
1477 1294 1640 1326 amotum
1661 1294 1760 1327 recte
1780 1291 1914 1328 docent

409 1354 604 1398 Schmid„
630 1351 806 1390 Hoclaed.
826 1356 862 1388 et
888 1352 1086 1399 Orellms,·
1115 1359 1344 1406 quapropter
1371 1355 1547 1393 falluntur
1576 1357 1662 1406 qui,
1693 1361 1736 1394 ut
1763 1357 1915 1394 Rodel-

404 1421 501 1466 lius,
529 1421 792 1470 Desprezias,
821 1419 906 1469 alii,
931 1419 1001 1456 hoc
1018 1419 1128 1457 verbo
1150 1421 1329 1470 ignem-in
1350 1423 1430 1460 foco
1457 1426 1494 1459 et
1517 1423 1566 1460 ad
1579 1423 1792 1471 coquendos
1813 1423 1913 1461 cibos

404 1492 442 1526 et
463 1488 510 1524 ad
531 1486 810 1537 temperandam
828 1486 1001 1535 frigidam
1020 1486 1139 1524 balnei
1159 1489 1385 1539 descriptum
1404 1487 1641 1529 arbitrantur.
1686 1489 1745 1526 De
1763 1490 1914 1527 munda

404 1553 643 1603 supellectile
670 1553 716 1588 cf.
735 1551 848 1589 Orell.
882 1553 932 1590 ad
960 1552 1034 1590 od.
1064 1554 1110 1602 2,
1140 1555 1190 1604 7,
1220 1555 1286 1596 21.
1315 1559 1353 1593 et
1374 1554 1511 1596 Athen.
1530 1554 1663 1607 Deipn.
1690 1557 1735 1606 2,
1760 1556 1797 1594 9.
1823 1555 1852 1594 I.
1871 1570 1910 1606 p.

407 1622 500 1660 187.
521 1621 577 1657 ed.
601 1619 808 1667 Schweigh.

516 1686 564 1726 V,
593 1688 633 1725 8.
667 1686 706 1724 9.
755 1685 874 1720 Mtte
898 1705 953 1712 —
974 1699 1150 1723 causam.
1212 1687 1273 1724 Ob
1303 1687 1374 1725 hoc
1396 1690 1559 1738 prudens
1596 1687 1806 1738 consilium,
1836 1701 1910 1737 quo

403 1752 583 1790 Horatius
605 1751 838 1800 Torquatum
859 1751 1001 1788 omissis
1025 1751 1133 1788 rebus
1150 1754 1284 1790 severis
1300 1755 1348 1791 ad
1364 1754 1528 1793 hilariter
1556 1755 1751 1792 vivendum
1775 1755 1911 1794 adhor-

403 1823 527 1867 tatur,
555 1819 776 1866 interpretes
795 1818 945 1866 quidam
965 1818 1144 1856 acutiores
1168 1818 1266 1856 hunc
1290 1821 1399 1858 nimia
1427 1823 1540 1859 fuisse
1559 1822 1782 1872 parsimonia
1798 1826 1911 1871 atque

403 1885 558 1923 avaritia
575 1884 646 1921 sibi
668 1888 941 1935 persuaserunt.
999 1883 1052 1921 At
1071 1884 1252 1922 Horatius
1272 1888 1439 1925 omnibus
1457 1889 1533 1925 fere
1558 1888 1670 1936 locis,
1700 1887 1832 1936 quibus
1856 1888 1911 1925 hi-

402 1951 516 1989 larem
536 1951 633 1989 vitae
649 1964 755 1987 usum
775 1949 900 2000 (sicuti
915 1951 1078 1988 studium
1097 1953 1313 2000 sapientiae
1330 1953 1451 2003 Epist.
1472 1955 1494 1993 1
1506 1981 1519 2004 ,
1548 1955 1588 2004 3,
1617 1952 1702 2004 26.)
1724 1966 1909 1991 commen-

403 2019 490 2067 dat,
520 2030 564 2055 ex
584 2017 713 2054 umbra
731 2017 836 2066 quasi
848 2021 887 2054 et
911 2017 1072 2054 tenebris
1091 2017 1209 2054 lucem
1226 2018 1344 2069 elicit,
1376 2021 1400 2056 i.
1428 2033 1461 2058 e.
1483 2035 1598 2057 curas
1615 2020 1911 2070 relinquendas,

403 2097 536 2122 severa
561 2084 774 2120 omittenda
788 2112 803 2129 ,
839 2098 925 2134 spes
946 2083 1190 2131 abjiciendas
1204 2096 1248 2120 eo
1265 2086 1415 2124 consilio
1435 2088 1633 2136 praecipit,
1663 2090 1705 2124 ut
1723 2087 1806 2138 ipsa
1825 2100 1912 2126 vera

402 2151 550 2190 vivendi
577 2151 671 2188 ratio
695 2155 876 2202 appareat
893 2155 930 2188 et
947 2163 1015 2188 sua
1037 2150 1153 2200 ipsius
1180 2150 1260 2187 luce
1286 2153 1541 2201 perturbatam
1562 2166 1605 2191 ac
1621 2158 1790 2192 vexatam
1814 2166 1912 2192 mor-

403 2218 533 2255 talium
565 2218 678 2254 vitam
713 2217 913 2256 collustret.
971 2219 1211 2268 Quapropter
1242 2218 1304 2267 qui
1335 2219 1427 2257 haec
1454 2220 1537 2270 ipsa
1556 2220 1678 2257 amicis
1695 2220 1910 2258 Horatianis

402 2295 669 2334 usquequaque
684 2285 912 2334 ascripserit,
941 2297 988 2322 ne
1011 2285 1050 2321 in
1068 2297 1132 2321 eos
1154 2297 1299 2322 omnem
1317 2285 1463 2335 culpam
1490 2287 1625 2336 injuste
1650 2288 1850 2325 transferat
1868 2299 1911 2324 ac

402 2351 601 2403 plerosque
642 2354 681 2388 et
709 2350 917 2387 divitiarum
951 2355 990 2388 et
1024 2351 1205 2388 honorum
1246 2351 1500 2402 cupidissimos
1537 2353 1670 2402 faciat,
1710 2354 1911 2392 verendum

403 2418 483 2455 erit.
539 2415 701 2455 Multum
720 2429 868 2466 quoque
889 2418 1053 2454 dandum
1073 2429 1154 2453 esse
1170 2418 1419 2467 apostrophae
1446 2418 1523 2455 sive
1550 2419 1819 2470 compellationi
1850 2419 1910 2472 (ut

405 2484 481 2523 Od.
501 2482 550 2534 4,
579 2485 629 2533 7,
659 2483 745 2534 20.)
766 2495 810 2520 ex
829 2484 1018 2521 annotatis
1036 2484 1084 2520 ad
1102 2483 1222 2533 Epist.
1250 2484 1295 2533 1,
1327 2483 1374 2533 1,
1394 2481 1460 2524 42.
1480 2490 1639 2535 apparet
1662 2491 1701 2524 et
1728 2491 1828 2524 recte
1843 2488 1910 2524 do-

403 2551 479 2588 cuit
508 2551 574 2589 R.
604 2549 809 2587 Jacobsius
834 2549 899 2601 (V.
914 2564 952 2601 p.
978 2547 1077 2601 34.)
1100 2549 1279 2600 Exempla
1311 2549 1439 2587 talium
1462 2552 1511 2588 ad
1540 2564 1644 2590 curas
1669 2554 1908 2604 deponendas

405 2617 706 2655 adhortationum
733 2616 846 2654 habes
867 2617 993 2654 haece
1015 2617 1090 2655 Od.
1113 2617 1160 2666 1,
1189 2618 1237 2667 7,
1268 2617 1445 2657 12—21.
1475 2618 1524 2667 2,
1565 2618 1644 2669 11,
1681 2617 1718 2658 4.
1746 2623 1816 2658 etc.
1842 2620 1907 2668 16,

407 2683 472 2721 17.
494 2688 564 2724 etc.
587 2684 637 2733 3,
659 2685 707 2734 8,
725 2685 791 2722 17.
812 2684 879 2724 28.
900 2683 976 2734 29,
1003 2683 1070 2724 25.
1089 2686 1158 2720 etc·
1185 2680 1236 2732 4,
1268 2683 1342 2732 12,
1379 2683 1445 2724 25.
1466 2688 1537 2725 etc.
1556 2685 1681 2736 Epod.
1697 2685 1772 2735 13,
1802 2687 1842 2725 7.
1867 2686 1906 2725 8-

404 2748 524 2799 Epist.
546 2750 591 2799 1,
610 2747 658 2799 4,
689 2751 756 2790 12.
813 2749 899 2788 Huc
924 2750 1087 2799 accedit,
1115 2750 1218 2798 quod
1237 2749 1329 2786 Hor.
1349 2750 1395 2787 ab
1414 2751 1559 2802 amicis,
1588 2753 1637 2790 ad
1659 2763 1752 2800 quos
1769 2751 1907 2801 scribit,

406 2827 574 2864 quosque
581 2815 698 2866 probe
718 2820 872 2855 noverat
889 2816 947 2854 vel
961 2829 983 2854 a
1002 2815 1136 2854 talibus
1155 2815 1252 2852 vitiis
1269 2815 1507 2856 alienissimos
1526 2818 1581 2856 vel
1598 2817 1780 2868 patientes
1799 2828 1907 2867 prae-

405 2882 548 2920 bituros
573 2894 654 2920 esse
683 2884 890 2935 praeceptis
917 2882 1163 2923 saluberrimis
1186 2894 1293 2921 aures
1306 2910 1320 2935 ,
1349 2884 1424 2922 fere
1449 2885 1583 2925 transit
1613 2884 1663 2922 ad
1682 2881 1907 2934 generaliora
