2054 3268
350 245 377 284 4
917 247 1300 285 HORATII

418 359 596 403 Virtutis
623 371 753 402 verae
780 362 920 402 custos
949 359 1195 419 rigidusque
1225 359 1423 416 satelles3

418 437 539 480 Nune
568 438 609 480 in
636 436 842 495 Aristippi
872 435 1014 480 furtim
1043 441 1270 495 praecepta
1298 438 1487 496 relabor,

419 515 477 558 Et
502 515 601 558 mihi
629 529 725 574 res,
755 528 838 557 non
867 528 934 557 me
960 515 1082 558 rebus
1112 516 1369 573 subjimgere
1397 530 1540 559 conor.

419 592 475 637 Ut
504 607 589 636 nox
614 593 746 649 longa
775 593 918 650 quibus
946 595 1146 637 mentitur
1171 595 1305 636 amiea
1333 594 1504 652 diesque

1810 596 1864 636 20

419 671 574 729 Longa
600 670 766 713 videtur
795 684 900 729 opus
929 671 1194 731 debentibus,
1241 676 1286 716 ut
1313 673 1436 730 piger
1462 685 1594 714 annus

419 748 622 807 Pupillis7
669 763 770 806 quos
799 748 904 793 dura
928 751 1080 809 premit
1107 750 1299 795 custodia
1328 755 1531 807 matrum3

352 877 441 909 inter
465 880 591 910 sectam
613 877 808 910 Stoicorum
829 881 865 910 et
878 877 1081 922 Epicurium

351 933 668 977 (Epicureorum).
714 933 764 968 Et
803 934 881 967 ideo
921 935 1081 968 secundis

351 997 406 1031 (se
423 989 538 1031 undis)
565 989 724 1023 civilibus
747 990 860 1035 mergi
883 990 995 1024 dixit“
1012 997 1079 1025 etc.

350 1045 443 1078 Edd.
470 1045 567 1078 Flor.
590 1046 670 1081 482.
722 1047 810 1080 Ven.
836 1047 916 1081 483.
941 1048 998 1081 86.
1023 1048 1080 1081 90.

350 1101 407 1135 95.
424 1102 482 1135 96.
506 1101 605 1146 Lips.
630 1102 709 1136 492.
733 1103 813 1138 508.
844 1104 898 1136 10.
927 1104 981 1138 14.
1009 1104 1079 1137 Co-

350 1159 421 1191 lon.
447 1158 526 1193 510.
553 1158 697 1192 Erford.
721 1159 800 1194 517.
827 1159 971 1194 Ascens.
998 1161 1081 1194 Bas.

351 1214 431 1249 553.
457 1215 514 1249 80.
539 1215 694 1248 Lambin.
709 1242 719 1258 ‚
756 1227 857 1260 quem
879 1229 953 1261 seq.
979 1217 1080 1261 reliq.

351 1272 451 1304 Hanc
467 1271 673 1316 scripturam
690 1273 836 1316 erudite,
847 1279 885 1307 ut
893 1274 992 1317 solet,
1004 1279 1081 1307 tue-

351 1334 408 1361 tur
416 1327 609 1362 Schmidius
619 1329 661 1360 ad
673 1329 707 1362 h.
719 1329 757 1373 l.,
771 1331 944 1374 approbat
950 1330 1082 1365 Hauth.

353 1385 396 1418 ad
408 1384 508 1418 Pers.
528 1397 563 1430 p.
576 1383 654 1418 175.
703 1386 865 1421 Ceterum
880 1399 985 1432 saepe
1001 1399 1082 1432 per-

351 1441 496 1475 miscent
509 1440 590 1474 libri
606 1452 685 1474 mSS.
702 1441 821 1476 literas
837 1455 858 1476 v
876 1449 910 1476 et
926 1456 970 1477 m.
1000 1445 1082 1478 Vid.

352 1497 460 1531 Drak.
480 1497 523 1529 ad
548 1496 614 1529 Sil.
636 1498 670 1539 2,
695 1499 751 1532 96.
779 1498 858 1532 Liv.
885 1501 942 1542 22,
967 1501 1023 1543 50,
1047 1502 1082 1534 6.

352 1553 487 1586 Peerlk.
511 1553 556 1586 ad
574 1553 642 1586 Od.
668 1555 700 1595 2,
729 1556 761 1588 1.
786 1567 821 1599 p.
848 1557 925 1589 161.
953 1557 1083 1590 Versus

355 1611 502 1644 16—18
526 1609 618 1642 delet
634 1609 806 1652 Guyetus‚
839 1617 927 1645 teste
943 1614 987 1646 de
1005 1613 1081 1647 Ma-

354 1666 453 1700 rollio
473 1666 520 1699 II.
545 1679 582 1710 p.
598 1666 678 1700 341.
703 1666 759 1699 ed.
777 1665 890 1700 Paris.
915 1670 1012 1702 1660.

398 1722 443 1754 V.
470 1722 524 1755 17.
551 1726 661 1756 custos
682 1733 795 1756 verae.
842 1723 909 1757 Ms.
930 1725 1025 1757 Feae
1052 1727 1083 1768 1,

354 1789 388 1810 o.
440 1777 584 1810 Virtutis
604 1789 681 1811 vere
703 1784 824 1812 custos.
871 1779 958 1813 Mss.
981 1780 1084 1814 Dess.

353 1835 388 1868 2.
412 1833 447 1867 3.
475 1833 582 1867 Goth.
605 1833 703 1879 Lips.
721 1835 754 1868 2.
770 1835 805 1868 3.
834 1836 912 1879 (sed
936 1837 1083 1880 plerum-

353 1902 421 1934 que
446 1889 579 1934 diphth.
607 1902 666 1933 ae,
692 1902 730 1924 oe
753 1891 853 1925 litera
876 1905 894 1926 e
919 1893 1085 1936 scribunt,

354 1946 447 1990 quod
471 1946 576 1980 semel
602 1947 735 1990 indico)
765 1947 858 1982 Edd.
887 1950 977 1983 Ven.
1003 1949 1084 1983 479.

354 2005 410 2037 81.
459 2003 527 2036 Alii
554 2003 623 2047 legi
648 2004 769 2038 volunt
791 2005 870 2038 virt.
902 2017 1003 2039 verus
1025 2017 1086 2039 cu—

354 2065 432 2102 εῐοε,
456 2063 547 2093 teste
571 2060 750 2093 Lambino.
776 2080 822 2085 —
845 2062 998 2106 regidus.
1024 2061 1086 2095 Sic

354 2127 416 2149 ins.
443 2116 541 2161 Lips.
567 2116 601 2149 2.
637 2135 683 2141 —-
721 2117 767 2150 V.
798 2118 852 2150 18.
880 2117 981 2150 Nunc
1002 2118 1086 2151 Ari-

354 2172 459 2216 stippi
474 2175 511 2216 s.
535 2173 572 2206 in
591 2183 647 2216 pr.
671 2173 733 2206 rel.
778 2173 847 2208 Ms.
865 2174 985 2207 Guelf.
1003 2174 1039 2208 4.

399 2229 444 2262 V.
470 2229 525 2262 19.
572 2229 788 2273 subjungere.
835 2229 922 2263 Mss.
959 2229 1084 2274 pleriq.

355 2296 411 2330 ap.
437 2284 556 2318 Lamb.
581 2296 670 2318 omn.
696 2295 752 2329 ap.
775 2284 886 2320 Pulm.
908 2286 1017 2331 Cruq.
1037 2291 1086 2330 et,

356 2346 394 2374 ut
422 2341 578 2383 videtur,
613 2352 670 2386 ap.
705 2341 812 2375 Torr.
846 2343 999 2387 quinque
1027 2354 1084 2387 ap.

359 2397 486 2431 Bersm.
511 2397 748 2442 duodevigint.
766 2397 911 2443 ap.Val.
930 2399 1086 2432 un.Bar—

357 2453 420 2486 thii
444 2453 532 2486 Adv.
554 2453 618 2496 37,
643 2455 698 2487 19.
745 2454 898 2488 Franek.
926 2465 983 2499 ap.
1000 2455 1086 2488 Bos.

357 2522 393 2554 p.
426 2510 482 2542 66.
515 2509 625 2553 plerq.
661 2521 718 2555 ap.
757 2511 824 2545 Fe.
859 2514 895 2544 et
927 2510 1086 2544 Hoched.

358 2577 447 2598 omn.
473 2565 591 2597 Guelf.
615 2566 716 2600 Dess.
747 2569 779 2601 1.
797 2569 831 2602 2.
859 2566 968 2601 Goth.
986 2567 1087 2600 Gott.

361 2624 392 2655 1.
419 2622 452 2655 2.
477 2621 575 2665 Lips.
603 2624 635 2656 1.
661 2624 695 2656 2.
719 2624 753 2658 3.
788 2625 919 2658 Graev.
943 2623 1088 2657 Mentel.

361 2677 476 2710 Schol.
501 2678 596 2719 Aer„
619 2677 794 2723 Porphyr.
819 2681 863 2714 ad
888 2680 1006 2725 Epist.
1033 2681 1087 2723 10,

358 2735 415 2767 40.
447 2733 540 2766 Edd.
566 2738 651 2767 vett.
676 2746 761 2779 quas
784 2736 901 2771 laudat
922 2737 1008 2779 Fea,
1034 2742 1087 2771 et—

358 2791 423 2823 iam
439 2790 594 2824 Lambin.
611 2791 717 2835 Cruq.
736 2793 821 2827 Min.
837 2794 968 2828 Bersm.
981 2793 1087 2827 Torr-

358 2865 404 2871 —
426 2846 541 2880 Bentl.
573 2847 638 2880 Fe.
670 2848 763 2882 Pott.
789 2850 833 2883 al.
881 2851 1086 2886 submittere.

359 2903 444 2936 Mss.
470 2903 542 2937 alii.
591 2903 682 2937 Edd.
708 2910 795 2939 vett.
819 2917 875 2950 ap.
891 2907 1010 2949 Feam,
1034 2912 1086 2941 et-

1134 878 1202 912 iam
1233 878 1332 923 Lips.
1355 878 1435 912 492.
1465 878 1545 912 508.
1572 878 1625 911 10.
1653 877 1706 911 14.
1751 877 1862 911 Loch.

1134 935 1231 969 Junt.
1255 935 1334 970 514.
1373 934 1526 979 Xyland.
1550 934 1630 969 575.
1667 934 1775 968 Fabr.
1799 935 1866 971 578

1136 992 1215 1036 (qui
1239 991 1330 1034 def.)
1363 991 1446 1024 Bas.
1470 990 1550 1025 580.
1580 990 1629 1023 H.
1652 990 1777 1036 Steph.
1799 991 1867 1024 600

1137 1049 1215 1094 (qui
1246 1049 1317 1082 def.
1342 1048 1378 1082 in
1398 1047 1512 1081 Diatr.
1537 1058 1608 1080 sec.
1633 1059 1670 1092 p.
1698 1047 1795 1089 127.)
1818 1045 1863 1080 al.

1135 1117 1331 1151 supponere.
1370 1104 1440 1138 Ms.
1464 1115 1524 1137 un.
1546 1103 1680 1136 Bersm.
1703 1102 1804 1136 Dess.
1828 1102 1864 1135 3.

1139 1162 1263 1206 [subp]
1285 1161 1447 1204 subjicere
1468 1159 1539 1203 alii,
1561 1158 1780 1194 testeLamb.
1794 1158 1866 1191 Bo-

1139 1219 1205 1253 sio.
1228 1238 1273 1244 —
1296 1218 1366 1252 Nec
1389 1217 1474 1251 mihi
1495 1227 1570 1256 res,
1591 1215 1651 1249 sed
1672 1226 1737 1248 me.
1784 1214 1866 1248 Cle-

1136 1276 1230 1310 ricus
1254 1287 1273 1308 e
1297 1275 1495 1318 conjectura
1517 1271 1687 1315 (Seebod.
1712 1275 1748 1304 et
1764 1271 1866 1304 Frie-

1137 1333 1226 1366 dem.
1250 1331 1353 1364 Misc.
1379 1330 1474 1364 critt.
1497 1330 1527 1362 I.
1551 1329 1586 1363 3.
1617 1340 1654 1372 p.
1679 1327 1769 1370 522)
1790 1327 1866 1360 lau—

1138 1387 1224 1421 dans
1246 1387 1364 1433 Epist.
1391 1388 1421 1430 1,
1449 1387 1502 1430 17,
1526 1385 1583 1420 24.
1627 1384 1708 1417 Liv.
1731 1384 1788 1426 22,
1809 1383 1868 1426 38,

1140 1447 1196 1479 11.
1227 1445 1322 1478 Idem
1345 1444 1380 1477 in
1403 1443 1491 1488 ipsis
1513 1442 1642 1476 Poetae
1666 1440 1781 1474 verbis
1803 1451 1868 1484 po-

1138 1501 1209 1534 suit
1231 1500 1406 1543 Valartus,
1430 1499 1467 1532 in
1490 1499 1575 1531 Var.
1598 1497 1693 1530 lectt.
1716 1496 1806 1529 Hor.
1828 1508 1866 1542 p.

1138 1558 1204 1591 325
1229 1557 1354 1590 docens
1369 1582 1379 1599 ,
1403 1556 1453 1589 ita
1474 1555 1600 1598 legisse
1622 1554 1718 1587 Cam.
1741 1551 1868 1585 Falco-

1139 1618 1269 1646 nettum
1291 1612 1395 1645 allato
1417 1612 1494 1644 loco
1516 1609 1635 1655 Epist.
1665 1611 1703 1652 1,
1734 1609 1788 1651 17,
1809 1609 1866 1643 23.

1140 1668 1314 1702 Turbavit
1349 1678 1470 1702 versus
1507 1665 1711 1700 Sanadonus
1724 1691 1734 1708 ‚
1780 1665 1871 1698 hunc.

1139 1725 1351 1758 constituens
1374 1724 1549 1757 ordinem:
1576 1722 1675 1755 Nunc
1697 1722 1783 1754 mihi
1803 1732 1869 1763 res,

1139 1793 1206 1814 non
1234 1793 1287 1815 me
1317 1781 1387 1814 reb.
1418 1780 1505 1822 subj.
1535 1789 1638 1812 conor
1670 1778 1871 1812 Virtutis-—

1136 1839 1292 1872 satelles.-
1316 1837 1414 1870 Nunc
1436 1837 1473 1869 in
1495 1834 1868 1879 Aristippi—relabor.

1140 1895 1231 1928 Eum
1246 1906 1322 1938 seq.
1343 1891 1510 1935 Mervill.,
1527 1891 1693 1925 refutavit
1707 1891 1868 1924 Batteux.

1141 1951 1177 1984 in
1187 1950 1293 1984 Acad.
1311 1950 1423 1982 Inscr.
1449 1948 1601 1982 tom.26.
1625 1947 1696 1992 p.2
1717 1957 1809 1990 sqq„
1833 1950 1872 1978 ut

1142 2011 1284 2041 annotat
1293 2007 1379 2039 Fea.
1403 2004 1552 2038 Meliora
1564 2003 1665 2036 etiam
1681 2003 1872 2036 docuerunt

1141 2062 1343 2107 Dorighello
1366 2066 1403 2095 et
1417 2059 1635 2094 wielandius
1658 2059 1702 2093 ad
1724 2059 1759 2093 h.
1783 2059 1808 2092 1.
1833 2071 1870 2104 p.

1138 2119 1183 2153 45
1199 2130 1278 2163 sqq.

1187 2175 1231 2208 V.
1248 2175 1305 2208 20.
1331 2175 1449 2218 longa,
1472 2173 1592 2217 quibus
1604 2172 1713 2206 nomm‘
1726 2176 1777 2206 ent
1788 2182 1872 2216 pars

1140 2232 1251 2266 nulla.
1296 2231 1390 2264 Edd.
1423 2229 1610 2263 Tar-teron.
1644 2228 1741 2272 (vid.
1765 2227 1871 2261 Coste

1141 2289 1185 2321 ad
1193 2287 1334 2321 Tarter.
1346 2285 1487 2320 Amstel.
1500 2286 1598 2319 1710.
1611 2285 1641 2317 Ι.
1657 2283 1874 2329 p.Xxxlx)

1141 2345 1226 2377 San.
1267 2343 1416 2387 (omisso
1455 2342 1529 2385 est)
1574 2341 1694 2386 Camp.
1739 2342 1873 2386 requies

1141 2401 1236 2435 haud
1265 2401 1342 2433 ulla
1371 2418 1417 2423 —
1439 2407 1592 2432 somnum
1626 2399 1742 2441 aufert
1775 2409 1872 2431 cura.

1141 2457 1302 2501 Conject.
1337 2467 1394 2499 ap.
1419 2455 1499 2488 Jon.
1531 2472 1577 2478 ——
1609 2453 1654 2486 V.
1678 2454 1736 2487 21.
1759 2454 1866 2487 lenta.

1142 2513 1212 2546 Ms.
1250 2511 1386 2546 Jaeekii
1420 2512 1452 2545 1.
1499 2514 1533 2544 et
1578 2508 1714 2543 Barthii
1752 2509 1771 2552 (
1782 2508 1872 2543 Adv.

1143 2570 1206 2612 37,
1233 2568 1335 2611 19.),
1372 2578 1414 2600 ex
1439 2577 1507 2610 quo
1530 2565 1664 2609 recepit
1683 2565 1873 2609 Bendejus,

1143 2630 1183 2659 ut
1215 2624 1300 2658 satis
1330 2623 1534 2656 inconcinna
1567 2621 1729 2666 repetitio
1762 2621 1873 2656 evita-

1141 2685 1250 2714 retur.
1298 2678 1389 2711 Eum
1411 2689 1487 2722 seq.
1512 2683 1651 2722 praeter
1674 2689 1755 2721 eos,
1787 2688 1874 2722 quos

1143 2736 1295 2771 nominat
1317 2735 1410 2777 Fea,
1437 2734 1537 2768 etiam
1558 2734 1709 2768 Mervill.
1726 2734 1872 2778 Dorigh.

1143 2793 1238 2827 Sivr.
1251 2791 1400 2825 Haberf.
1416 2791 1519 2824 Both.
1536 2790 1624 2824 zell.
1642 2791 1762 2836 longa.
1785 2790 1872 2824 Mss-

1141 2848 1244 2893 reliq.
1269 2859 1358 2882 omn.
1381 2846 1557 2891 Porphyr.
1594 2852 1630 2881 et
1653 2848 1732 2882 edd.
1754 2846 1874 2890 vulgo.

1141 2924 1188 2930 --
1214 2905 1260 2937 V.
1284 2905 1343 2939 22.
1367 2903 1460 2937 dira.
1485 2902 1554 2936 Ms.
1578 2902 1680 2936 Dess.
1703 2902 1739 2937 3.
1779 2902 1872 2936 Con·
