2028 3268
475 255 530 296 94
623 259 992 299 COMMENTARII
1012 264 1063 301 IN
1092 262 1309 300 HORATH
1339 263 1509 302 EPIST.
1539 265 1680 302 PRIM.
1710 265 1847 321 LIBJ.

472 369 589 418 jectio
620 369 779 421 quidem
804 370 871 408 hic
897 372 1030 409 locum
1050 370 1186 420 habet,
1224 386 1347 424 quum
1374 374 1692 425 interrogationis
1720 373 1859 412 eadem
1889 376 1985 413 ratio

477 437 527 472 sit
547 443 664 487 atque
685 439 811 487 Epist.
833 440 858 477 2
872 466 882 485 ,
905 439 970 478 10.
1034 439 1142 488 Quid
1157 438 1368 476 Antenor?
1405 447 1451 476 ut
1471 447 1545 477 etc.
1602 442 1847 492 Quapropter
1871 443 1988 478 etiam

477 502 663 539 ridiculus
696 511 754 540 est
792 504 987 554 Craqaius
999 533 1014 550 ,
1043 518 1165 557 quum
1195 506 1337 542 verba:
1387 506 1497 555 Quid
1507 507 1696 557 pauper?
1750 509 1988 544 Maecenatis

478 583 562 606 esse
583 570 695 617 dicit,
729 569 779 606 ad
800 583 900 621 quae
921 573 1104 609 Horatius
1125 586 1166 610 se
1186 574 1318 624 ipsum
1339 574 1565 624 intelligens
1586 573 1839 624 respondeat,
1869 586 1989 625 seque

477 639 569 674 satis
599 639 887 673 inconstantem
920 638 1089 676 fateatur
1116 641 1159 676 iu
1191 652 1262 676 sua
1294 652 1453 691 quoque
1486 647 1739 692 paupertate,
1778 639 1886 692 quod
1918 653 1988 691 pro

475 717 584 740 more
603 717 673 740 suo
700 704 840 751 faciat,
869 716 947 755 quo
966 706 1126 742 liberius
1143 718 1272 743 mores
1298 706 1423 743 rideat
1442 708 1590 744 alienos
1603 736 1614 755 ‚
1642 708 1760 744 nimis
1783 708 1990 757 incompo-

477 772 570 806 sitos
592 771 918 821 inaequalesque,
946 778 991 808 ut
1012 773 1094 809 Sat.
1112 773 1159 819 2,
1191 774 1231 812 7.
1290 771 1403 808 Idem
1419 773 1502 810 fere
1523 776 1641 811 sentit
1661 774 1881 818 Dacerius,
1909 786 1990 810 non

475 850 632 888 prorsus
658 838 969 887 improbantibus
1006 839 1218 875 Sanadono
1242 845 1281 876 et
1309 839 1470 876 Botlzio.
1512 839 1593 877 Sed
1609 846 1763 876 tantum
1781 841 1891 877 abest
1906 868 1916 887 ,
1947 847 1990 876 ut

476 918 628 942 morem
653 906 769 941 illum
791 917 1001 954 negemus,
1032 913 1076 942 ut
1097 907 1334 956 reperiamus
1358 908 1398 943 in
1422 920 1460 943 v.
1486 905 1540 946 94
1561 919 1648 958 sqq.
1688 907 1748 944 cf.
1768 907 1811 944 C.
1829 908 1990 943 Passov.

478 973 504 1007 1.
526 972 554 1008 l.
583 973 673 1008 Not.
695 971 791 1010 225.
816 977 855 1007 et
873 972 968 1011 228.
996 994 1052 999 —
1079 973 1305 1010 coenacula.
1365 975 1440 1019 Qui
1459 975 1501 1010 in
1523 975 1636 1010 tenui
1656 986 1697 1010 re
1717 980 1866 1021 essent,
1895 985 1991 1010 con-

478 1038 638 1075 duxisse
663 1039 703 1074 iu
734 1039 934 1088 superiore
961 1039 1119 1076 aedium
1142 1047 1250 1091 parte
1278 1043 1502 1078 mansiones
1523 1053 1583 1077 res
1610 1046 1718 1077 nota.
1774 1041 1875 1076 Hinc
1898 1040 1990 1076 Juv-

481 1107 552 1153 10,
579 1105 643 1144 18.
702 1106 840 1141 Rarus
867 1107 973 1142 venit
995 1107 1038 1142 in
1071 1106 1284 1143 coenacula
1307 1107 1430 1144 miles.
1489 1106 1602 1144 Idem
1625 1105 1791 1143 eandem
1821 1118 1905 1142 rem
1928 1118 1991 1142 re-

477 1173 608 1222 spexit
634 1174 671 1217 7,
695 1172 788 1211 119.
846 1172 1046 1221 Figantur
1069 1173 1229 1218 virides,
1259 1174 1459 1211 scalarum
1473 1175 1605 1226 gloria
1615 1203 1631 1220 ,
1653 1173 1833 1223 palmae.
1888 1173 1991 1209 Pru—

478 1239 583 1276 dent.
606 1240 647 1274 iu
671 1237 899 1288 Symmach.
919 1240 966 1286 2,
994 1238 1087 1278 581.
1123 1239 1261 1276 Omnis
1282 1242 1352 1291 qui
1377 1241 1481 1278 celsa
1498 1241 1654 1278 scandit
1670 1238 1883 1278 coenacula
1901 1237 1993 1275 vul-

473 1321 564 1356 gns.
622 1305 709 1344 Vid.
745 1307 876 1350 Torr.,
909 1306 1100 1356 Stieglitz.
1124 1305 1331 1344 Archaeol.
1352 1306 1421 1344 der
1437 1306 1565 1344 Bauk.
1589 1310 1641 1344 Π.
1666 1309 1706 1347 2.
1728 1320 1769 1357 p.
1796 1303 1875 1346 184
1890 1317 1991 1356 sqq.‚

477 1375 609 1409 Palast
632 1371 700 1410 des
723 1373 860 1409 Scaur.
889 1372 951 1409 ed.
984 1374 1184 1410 Wiistem.
1218 1387 1258 1423 p.
1291 1374 1370 1414 167
1394 1386 1507 1425 sqq.‚
1537 1372 1682 1411 Hand.
1707 1372 1758 1409 ad
1781 1371 1880 1409 Stat.
1902 1374 1934 1408 Ι.
1951 1385 1991 1422 p.

477 1438 572 1480 425.
595 1446 633 1476 et
649 1441 755 1476 locos
775 1441 816 1475 in
838 1439 900 1476 ed.
921 1442 951 1476 1.
977 1439 1086 1476 laud.
1102 1439 1285 1476 -leccos
1302 1442 1329 1477 i.
1356 1454 1390 1478 e.
1413 1442 1646 1478 tricliniares
1659 1452 1691 1477 s.
1707 1437 1992 1485 discubitorios,

477 1519 577 1558 quos
603 1506 742 1543 divites
762 1505 959 1543 habebant
979 1507 1306 1557 pretiosissimost,
1338 1507 1418 1545 vid.
1445 1508 1623 1545 Schmid.
1648 1506 1699 1544 ad
1713 1507 1840 1556 Epist.
1865 1504 1913 1553 5,
1940 1505 1991 1551 1.‚

479 1573 622 1609 Palast
638 1573 705 1610 cles
728 1573 904 1610 Scaurus
934 1586 974 1623 p.
1002 1573 1098 1612 231.
1124 1574 1220 1613 262.
1277 1575 1406 1619 Quum
1437 1574 1578 1612 divites
1610 1572 1800 1610 haberent
1824 1572 1994 1609 triclinia

478 1639 529 1676 ad
551 1653 668 1677 omne
693 1641 787 1676 anni
805 1647 962 1690 tempus
994 1646 1084 1690 apta
1111 1639 1285 1690 (Vitruv.
1306 1641 1354 1688 6,
1377 1640 1460 1692 7.),
1491 1653 1684 1692 pauperes
1704 1640 1847 1677 saltem
1871 1639 1993 1676 lectos

477 1706 696 1742 mutabant.
754 1708 880 1752 Quare
908 1705 1096 1743 dissentio
1127 1707 1174 1743 ab
1203 1706 1468 1757 Iiabetfildo,
1500 1709 1569 1759 qui
1588 1718 1782 1758 pauperes
1804 1704 1992 1742 delicatos

477 1774 579 1808 inter
597 1773 843 1810 coenandum
863 1774 1036 1810 molliter
1056 1780 1095 1810 et
1117 1773 1319 1811 fastidiose
1341 1775 1462 1811 lectos
1480 1781 1652 1811 mutasse
1671 1772 1808 1810 credit.
1862 1774 1993 1824 Atque

478 1838 586 1876 haud
615 1841 696 1877 scio
725 1853 775 1876 an
798 1840 996 1890 Craqaius
1026 1840 1074 1877 de
1095 1842 1255 1877 Horatio
1279 1839 1440 1891 quidem
1464 1842 1661 1890 cogitans,
1699 1840 1914 1876 coenacula
1928 1841 1993 1875 in-

477 1908 673 1944 tellexerit
697 1909 945 1944 coenationes
968 1913 1005 1943 et
1027 1906 1146 1942 lectos
1167 1907 1408 1944 cubiculares
1426 1907 1543 1958 (quos
1564 1908 1683 1944 etiam
1702 1907 1891 1956 intelligit
1907 1909 1993 1944 Ho-

479 1973 674 2026 cheder.)‚
710 1987 833 2025 quum
857 1976 912 2011 sic
934 1976 1274 2024 interpretaretur:
1306 1987 1412 2011 nunc
1442 1974 1549 2012 domi
1567 1980 1706 2010 coenat
1724 1974 1767 2009 in
1785 1973 1882 2010 urbe
1901 1972 1994 2010 dor·

478 2043 655 2092 mitque,
685 2054 790 2077 nunc
817 2042 897 2077 ruri
921 2043 963 2077 in
983 2041 1215 2077 Tusculano
1243 2047 1316 2077 etc.
1337 2039 1346 2077 3
1368 2039 1388 2077 ‘3
1445 2042 1498 2078 At
1519 2039 1732 2077 coenacula
1752 2042 1885 2090 potius
1908 2041 1936 2077 i.
1958 2054 1991 2076 e.

478 2109 717 2145 urbanarum
738 2106 1027 2144 vicissitudines
1050 2106 1338 2144 habitationum
1365 2114 1618 2159 opponuntur
1643 2106 1812 2144 divitum
1829 2109 1994 2145 secessi-

480 2176 550 2212 bus
574 2177 617 2211 in
643 2175 762 2211 villis.
819 2175 878 2210 De
916 2172 979 2211 his
1013 2181 1190 2210 accurate
1221 2173 1324 2210 dixit
1355 2175 1398 2212 C.
1430 2176 1592 2212 Passov.
1620 2174 1649 2210 1.
1674 2175 1703 2210 l.
1728 2177 1776 2212 N.
1803 2175 1886 2215 216
1904 2187 1991 2226 sqq.

478 2244 604 2279 Aliter
622 2248 757 2278 tamen
777 2242 902 2278 sentio
921 2242 963 2277 in
986 2254 1032 2278 eo
1045 2270 1055 2288 ,
1088 2240 1196 2292 quod
1215 2243 1297 2280 Vir.
1317 2240 1356 2278 d.
1374 2243 1422 2278 N.
1441 2242 1538 2281 228.
1557 2242 1992 2291 pauperuminsaniens

480 2309 620 2347 divites
656 2307 840 2345 imitandi
866 2307 1043 2345 studium
1079 2307 1145 2345 hic
1184 2307 1466 2359 reprehensum
1497 2308 1692 2358 opinatur.
1757 2309 1992 2360 Quanquam

478 2376 580 2414 illud
599 2382 656 2414 est
669 2405 680 2424 ,
719 2375 828 2412 aliud
846 2382 979 2412 tamen
999 2377 1127 2413 voluit
1157 2375 1376 2426 significare
1397 2376 1540 2422 Poeta,
1574 2375 1879 2412 inconstantiam
1905 2374 1992 2412 dico

479 2443 706 2482 hominibus
737 2444 918 2480 omnium
943 2441 1127 2479 ordinum
1151 2454 1415 2480 communem.

588 2513 636 2550 V.
652 2510 830 2551 92—93.
886 2509 1046 2546 Balnea
1066 2530 1116 2537 -—
1136 2510 1316 2545 triremis.
1376 2506 1536 2544 Balnea
1554 2505 1622 2558 (de
1644 2505 1740 2554 hac,
1769 2519 1848 2559 qua
1867 2509 1994 2546 Hora-

480 2579 557 2617 tius
586 2579 710 2615 utitur
739 2578 887 2624 forma,
915 2582 1093 2613 accurate
1125 2574 1326 2627 disputant
1354 2573 1485 2611 Drak.
1519 2572 1570 2610 ad
1595 2575 1683 2610 Liv.
1709 2573 1787 2623 23,
1813 2576 1887 2624 18,
1913 2576 1991 2624 12„

485 2645 710 2682 Schneider.
736 2645 780 2680 in
796 2643 996 2681 Formenl.
1018 2656 1059 2694 p.
1088 2640 1184 2683 482.
1215 2649 1255 2679 et
1281 2640 1454 2680 Heund.
1484 2641 1528 2677 in
1548 2641 1695 2678 Lexico
1725 2638 1765 2677 h.
1784 2639 1851 2691 v.)
1881 2642 1994 2692 priva

480 2710 676 2749 habebant
699 2709 863 2759 divites,
890 2710 1058 2761 publicis
1074 2709 1286 2747 utebantur
1299 2720 1491 2759 pauperes
1502 2735 1513 2755 ,
1543 2719 1644 2759 quae
1662 2708 1799 2759 quanti
1814 2707 1992 2755 fecerint,

480 2785 645 2816 testatur
660 2778 816 2815 villicus
837 2778 907 2814 ille
928 2779 1055 2828 Epist.
1079 2774 1151 2825 14,
1175 2776 1240 2816 15.
1271 2775 1440 2813 Omnino
1461 2771 1559 2810 haec
1584 2774 1756 2824 corporis
1774 2785 1866 2811 cura
1888 2772 1993 2825 apud

480 2845 638 2882 nullum
669 2845 789 2882 totius
817 2845 1060 2896 antiquitatis
1090 2843 1283 2895 populum
1310 2842 1438 2892 magis
1472 2839 1523 2878 ad
1552 2841 1696 2878 luxum
1722 2841 1848 2879 valuit
1874 2853 1993 2893 quam

483 2909 588 2963 apud
606 2912 819 2949 Romanos.
875 2910 967 2949 vid.
997 2911 1137 2962 Capm.
1161 2910 1210 2948 de
1232 2908 1399 2959 Chaupy
1419 2908 1663 2946 Decouverte
1683 2912 1757 2945 etc.
1776 2907 1808 2944 1.
1826 2919 1867 2958 p.
1883 2905 1992 2954 252„
