2028 3268
21 610 26 614 «
6 437 37 602 &⁹⁶45OEst
11 353 41 428 „VJ-2:⁴3
14 329 35 346 j·
23 315 29 323 1.
13 274 34 306 avg-¹
21 261 27 266 .

47 611 55 619 .

128 238 183 283 41
269 237 652 278 COMMENTARII
681 239 739 278 IN
767 237 955 280 HORAT
957 240 995 279 11
1021 239 1119 280 LIB.
1142 239 1171 279 Ι.
1192 239 1359 278 EPIST.
1382 240 1532 280 SEXT.
1592 238 1677 280 313

127 363 224 404 velle
251 364 311 403 vel
340 365 574 404 curiosorum
604 372 664 405 est
698 365 756 404 vel
795 365 989 403 hominum
1016 367 1141 404 nodos
1171 367 1210 404 in
1246 366 1373 417 scirpo
1402 367 1676 417 quaerentium.

126 431 190 471 Ad
217 433 403 472 rationem
432 434 582 485 linguae
610 435 650 472 in
679 447 761 473 voc.
790 447 907 471 mane
941 438 980 472 et
1009 447 1114 485 vesp.
1180 433 1411 472 Groebelius
1440 434 1571 473 laudat
1601 435 1678 471 Ca-

126 501 208 540 tull.
237 501 308 552 31,
337 499 377 541 4.
443 501 576 552 Quam
606 510 643 540 te
672 501 863 547 libenter,
894 516 1018 553 quam
1048 510 1084 540 te
1113 502 1242 540 laetus
1274 503 1414 542 ἰηνίθο.
1475 503 1598 548 Quale
1628 503 1680 540 sit

125 569 166 608 in
190 568 331 607 talibus
361 570 588 622 discrimen,
636 572 815 610 indicavit
841 571 973 612 Kritz,
1002 572 1051 610 ad
1080 571 1172 609 Sall.
1197 571 1284 622 Jug.
1314 571 1395 620 31,
1437 572 1503 621 2.,
1541 571 1610 609 sed
1640 570 1680 607 in

125 635 334 688 Adjeetivis
363 641 547 690 temporis
575 639 649 677 alia
677 644 737 678 est
765 641 874 678 ratio.
932 638 994 677 De
1024 640 1071 677 iis
1101 640 1256 690 quidem
1294 639 1367 680 vid.
1400 638 1529 680 Schm.
1557 640 1607 676 ad
1638 638 1676 676 h.

125 704 152 743 l.
183 711 223 744 et
248 706 406 758 Forbig.
433 709 483 746 ad
511 708 615 759 Virg.
645 706 742 746 Aen.
769 705 818 758 4,
861 708 962 748 303.
1002 731 1058 737 —
1094 707 1139 745 V.
1170 709 1237 749 21.
1278 706 1480 744 dotalibus
1509 721 1598 759 agr.
1636 711 1681 745 ut

127 773 240 813 ovid.
272 775 380 814 Fast.
411 777 452 827 5,
483 776 581 819 209.
637 776 714 813 Est
731 775 834 813 milti
848 775 1058 828 secundus
1086 774 1289 813 dotalibus
1315 775 1454 813 hortus
1482 775 1527 812 in
1555 776 1680 827 agris,

129 865 179 871 —
213 850 357 881 emetat
381 845 407 883 i.
432 858 465 883 e.
486 849 606 884 metat
629 858 675 883 ex
698 846 814 895 agris.
871 846 932 884 Ita
961 846 1042 883 Sat.
1065 845 1104 894 2,
1134 846 1175 893 2,
1205 845 1271 884 77.
1300 843 1510 896 desurgere
1540 857 1680 890 coena,

125 911 216 951 ibid.
251 914 344 954 106.
374 913 543 950 emetiris
572 926 723 951 acerve.
757 915 804 963 1,
844 911 894 963 4,
925 913 993 954 32.
1024 912 1234 963 deperdere
1260 926 1431 955 summa.
1460 913 1549 951 ibid.
1583 913 1679 954 138.

126 981 257 1019 illudo
287 981 447 1020 chartis.
506 982 563 1020 Ita
593 981 732 1019 Graeci
760 978 1003 1030 ἀπελπίζειν,
1034 978 1238 1032 ἐπιλέγειν,
1267 974 1494 1031 ἀπεσθίειν,
1527 979 1682 1022 α’πολα-

126 1051 229 1103 βεῖν.
286 1049 463 1091 Lambin.
494 1050 544 1087 ad
574 1049 650 1087 Od.
681 1051 730 1099 2,
761 1051 809 1099 7,
837 1048 903 1092 24.
966 1049 1132 1088 Casaub.
1163 1049 1211 1086 ad
1239 1048 1434 1100 Theophr.
1463 1050 1580 1087 Char.
1614 1051 1680 1091 12.

127 1133 168 1171 p.
201 1118 294 1160 150.
323 1120 384 1161 ed.
412 1119 459 1156 F.
489 1123 529 1157 et
555 1118 600 1156 C.
629 1117 788 1156 Passov.
817 1119 867 1157 ad
905 1119 1041 1170 Eclog.
1082 1132 1119 1169 p.
1149 1117 1216 1158 34.
1278 1117 1458 1156 Ceterum
1492 1119 1550 1156 his
1586 1118 1681 1170 ipsis

129 1187 255 1226 verbis
285 1187 519 1226 Groebelius
539 1200 634 1239 opes
665 1201 710 1226 ex
735 1187 942 1226 latifundiis
973 1199 1179 1237 eorumque
1210 1186 1395 1224 reditibus
1424 1191 1555 1238 partas
1577 1190 1683 1224 recte

130 1257 324 1307 opinatur,
350 1258 391 1294 in
426 1269 511 1295 eam
539 1270 620 1294 rem
648 1256 806 1294 laudans
837 1256 913 1294 Od.
948 1259 988 1306 1,
1026 1258 1064 1306 1,
1099 1255 1163 1296 10.
1194 1255 1236 1305 3,
1271 1256 1338 1304 16,
1369 1258 1421 1298 26
1442 1278 1496 1285 —-
1519 1257 1586 1297 28.
1613 1253 1682 1296 41.

127 1324 255 1376 Epod.
284 1323 335 1375 4,
367 1325 420 1366 13
451 1338 510 1376 sq.
554 1347 612 1354 -—
650 1324 695 1363 V.
724 1327 791 1367 22.
823 1325 890 1366 23.
948 1325 1090 1362 Mutus
1119 1325 1232 1362 homo
1259 1325 1437 1375 ignotus,
1467 1337 1683 1376 quanquam

127 1407 206 1432 non
241 1393 372 1432 fictum
406 1395 488 1445 ejus
528 1392 688 1440 nomen3
739 1394 880 1432 etenim
922 1394 976 1431 sic
1012 1406 1075 1446 ap.
1107 1394 1263 1431 Gruter.
1295 1393 1321 1430 l.
1354 1392 1380 1431 l.
1440 1394 1486 1432 P.
1522 1392 1683 1431 ALBU-

130 1461 254 1501 TIUS
282 1461 327 1500 P.
357 1461 406 1500 F.
436 1462 636 1501 MUTUS.
708 1463 863 1501 Nomen
892 1466 1020 1500 autem
1048 1467 1209 1513 propter
1238 1464 1515 1501 contrariorum
1543 1463 1619 1500 vim
1645 1473 1681 1499 v.

132 1530 200 1572 19.
225 1533 364 1582 jocose
392 1531 454 1569 hic
482 1531 627 1570 illatum
655 1530 832 1569 arbitror.
892 1531 956 1568 Sic
986 1530 1067 1568 aliis
1096 1530 1190 1569 locis
1218 1531 1411 1570 nominum
1440 1544 1571 1583 propr.
1604 1531 1684 1580 sig-

128 1599 387 1638 nificationem
412 1604 514 1638 tecte
545 1599 720 1651 respicit,
759 1604 800 1638 ut
828 1598 959 1646 Albi,
999 1599 1171 1638 candide
1195 1600 1320 1651 Epist.
1351 1599 1398 1650 4,
1432 1603 1495 1650 1.,
1525 1598 1684 1636 Asinae

131 1680 348 1719 cognomen
379 1668 455 1717 13,
489 1668 555 1717 8.,
583 1667 743 1719 sanam
778 1668 972 1706 Vacunae
1003 1669 1081 1718 10,
1112 1667 1209 1718 49.,
1239 1668 1419 1706 Nerones
1455 1669 1532 1706 Od.
1564 1667 1614 1717 4,
1640 1666 1683 1716 4,

117 1734 200 1778 29.
227 1735 299 1776 30.
360 1734 538 1774 Scaevae
566 1737 702 1786 nepoti
730 1736 812 1775 Sat.
844 1739 884 1787 2,
918 1738 958 1787 1,
994 1735 1062 1777 53.
1091 1759 1150 1767 ·—-
1179 1742 1216 1773 et
1244 1753 1303 1772 =
1331 1750 1420 1788 neu,
1447 1737 1524 1774 vid.
1553 1736 1684 1774 Hand.

130 1802 300 1842 Turseli.
330 1803 380 1842 ΙΙ.
415 1818 456 1856 p.
487 1803 586 1844 499.
617 1804 714 1846 536.
743 1805 877 1843 Heinr.
905 1805 955 1843 ad
993 1805 1080 1843 Juv.
1113 1806 1189 1855 11,
1240 1802 1335 1847 148.
1368 1812 1407 1846 et
1446 1804 1605 1855 Forbig.
1636 1803 1686 1840 ad

130 1868 235 1923 Virg.
263 1871 360 1910 Aen.
387 1869 438 1922 4,
484 1874 580 1916 236.
611 1897 667 1902 —
695 1873 936 1925 indignum,
985 1875 1088 1926 quod
1117 1876 1253 1913 dicitur
1282 1888 1327 1913 ex
1357 1875 1547 1914 sententia
1587 1874 1685 1923 ejus,

131 1941 198 1991 qui
226 1954 338 1979 omne
367 1942 534 1979 studium
562 1942 601 1978 in
629 1945 805 1992 augenda
834 1957 876 1981 re
906 1944 1080 1981 familiari
1117 1944 1251 1995 ponit,
1302 1947 1346 1981 ut
1375 1943 1472 1981 bene
1505 1942 1687 1980 observat

129 2007 355 2057 Lambinus,
387 2013 448 2046 est
478 2010 691 2060 interjectio
715 2010 963 2061 indignantis,
994 2025 1092 2062 quae
1122 2026 1184 2050 res
1205 2011 1265 2049 hic
1291 2011 1419 2050 multis
1445 2010 1532 2048 olim
1562 2008 1687 2045 fraudi

129 2077 205 2115 fuit
229 2076 522 2127 interpretibus3
549 2077 619 2113 sed
647 2077 724 2114 vid.
755 2079 883 2117 Bentl.
914 2081 964 2117 ad
991 2081 1074 2119 Sat.
1109 2081 1150 2129 2,
1181 2080 1222 2128 5,
1253 2079 1322 2118 79.
1383 2079 1493 2115 Cort.
1525 2078 1574 2114 ad
1603 2075 1685 2114 Lu-

133 2157 218 2184 can.
251 2146 290 2195 1,
321 2145 418 2186 626.
476 2144 595 2182 Bach.
622 2144 672 2181 ad
698 2144 813 2183 Ovid.
843 2146 939 2184 Met.
972 2147 1021 2196 5,
1050 2147 1120 2187 37.
1180 2146 1339 2196 Forbig.
1371 2147 1421 2182 ad
1450 2145 1554 2194 Virg.
1587 2142 1685 2180 Aen.

135 2217 176 2265 1,
206 2213 302 2254 251.
329 2234 386 2242 —
410 2212 540 2251 Verba
568 2211 677 2264 quod
700 2213 754 2249 sit
772 2213 981 2263 pejoribus
1016 2221 1125 2251 ortus
1153 2215 1342 2264 expressit
1363 2214 1516 2251 Persius
1547 2213 1587 2260 6,
1621 2210 1686 2251 15.

132 2282 194 2322 De
222 2282 334 2322 simili
361 2294 432 2319 usu
461 2295 544 2319 voc.
574 2282 745 2317 minores
775 2281 950 2319 dixerunt
985 2281 1215 2319 Selzmidias
1243 2283 1292 2319 ad
1322 2283 1396 2331 17,
1450 2284 1488 2323 2.
1520 2285 1560 2318 et
1593 2279 1688 2316 See-

136 2350 280 2389 bodius
310 2352 350 2389 in
378 2349 621 2401 ,‚Sch01ien“
650 2349 679 2387 I.
707 2362 747 2400 p.
780 2347 846 2398 9.,
888 2351 958 2388 sed
987 2351 1025 2388 in
1054 2363 1138 2388 voc.
1162 2352 1280 2400 pejor
1307 2351 1413 2387 notio
1444 2349 1503 2386 hic
1534 2352 1594 2387 est
1621 2360 1687 2383 su-

133 2419 289 2474 perbiae
319 2423 359 2458 et
385 2417 689 2457 malevolentiae.
720 2440 775 2447 -—
801 2417 847 2455 V.
880 2417 948 2460 23.
978 2417 1040 2457 Ad
1062 2432 1146 2457 voc.
1169 2417 1386 2464 mirabilis,
1413 2418 1452 2455 in
1481 2430 1556 2467 quo
1585 2419 1689 2454 tecte

134 2489 337 2540 respicitur
368 2487 478 2525 illud:
529 2486 592 2523 nil
615 2486 817 2523 admirari
843 2498 879 2523 v.
913 2488 951 2528 1.
980 2487 1038 2525 vel
1067 2489 1214 2525 mirare
1242 2500 1277 2525 v.
1312 2489 1404 2537 18.,
1450 2490 1555 2524 recte
1585 2497 1689 2522 com-

134 2560 273 2609 parant
302 2556 494 2593 Graecum
532 2549 718 2607 ζηλωτός.
784 2553 966 2594 Groebel.
999 2556 1094 2594 scite
1135 2556 1266 2593 laudat
1296 2556 1343 2592 de
1374 2554 1484 2592 simili
1513 2552 1691 2591 mirandi

133 2624 411 2675 significatione
442 2624 573 2662 Burm.
615 2623 664 2660 ad
694 2620 822 2667 Anth.
854 2623 922 2662 lat.
952 2623 983 2660 I.
1014 2637 1054 2674 p.
1086 2622 1181 2664 456.
1241 2622 1357 2674 Prop.
1391 2626 1441 2673 2,
1493 2625 1568 2674 17,
1622 2624 1689 2664 11.

136 2692 314 2745 (invidia
337 2690 580 2742 admirante)
608 2697 647 2744 ct
671 2693 839 2731 Casaub.
869 2693 918 2730 ad
946 2691 1142 2743 Theophr.
1171 2691 1285 2729 Char.
1307 2705 1346 2742 p.
1371 2692 1465 2732 153.
1524 2691 1690 2731 Senten-

133 2761 226 2800 tiam
254 2760 397 2800 Poetae
426 2764 623 2798 assecutus
654 2766 714 2800 est
742 2760 966 2799 Plutarchus
995 2759 1062 2811 (de
1092 2760 1128 2798 T
1131 2772 1238 2810 ranq.
1267 2759 1393 2798 Anim.
1423 2759 1505 2798 VII.
1531 2774 1570 2811 p.
1590 2759 1688 2801 840.

134 2827 205 2880 R.)
233 2827 277 2870 ἐν
305 2831 360 2885 τῷ
388 2828 464 2883 βίῳ
494 2825 537 2868 δὲ
561 2824 609 2868 τά
637 2825 850 2883 πράγματα
879 2829 1019 2869 δίδωσι
1046 2823 1238 2881 περιόντα
1266 2830 1428 2868 πολλῶν
1456 2827 1554 2881 μέγα
1584 2843 1689 2879 φρο-

136 2899 225 2938 νεῖν
262 2895 331 2937 nai
363 2894 537 2948 ζηλωτὸν
573 2898 727 2949 μᾶλλον
755 2894 858 2938 εἶναι
885 2895 912 2949 ἥ
944 2899 1091 2948 ζηλοῦν
1120 2893 1289 2949 ἑτέρους.
1349 2897 1413 2935 Cf.
1444 2896 1689 2935 Democritus

133 2975 196 3016 ap.
227 2964 347 3004 Orell.
378 2965 409 3003 Ι.
438 2978 479 3017 p.
511 2963 579 3008 92.
635 2959 726 3006 Ἐπὶ
757 2970 842 3014 τοῖς
878 2966 1064 3013 δυνατοῖς
1094 2958 1169 3006 οὖν
1196 2965 1261 3006 δεῖ
1285 2963 1385 3018 ἔχειν
1424 2961 1501 3018 τήν
1526 2961 1692 3019 γνώμην
