2028 3268
353 234 434 276 100
488 236 855 276 COMMENTARII
880 238 935 274 IN
956 236 1174 273 HORATII
1199 235 1368 273 EPIST.
1389 236 1528 273 PRIM.
1557 237 1655 273 LIB.
1680 238 1711 273 1.

353 354 392 385 et
409 347 520 386 Suet.
541 348 625 386 Jul.
645 347 756 384 Caes.
775 343 843 386 46.
871 347 925 383 At
942 347 1083 384 rectius
1101 346 1237 383 fecerit
1249 374 1260 393 ‚
1290 346 1359 396 qui
1376 342 1473 382 haec
1491 346 1609 382 verba
1629 346 1761 384 addita
1778 360 1863 384 cre-

353 413 421 452 dat
438 415 504 452 vel
527 415 583 451 rei
605 411 809 463 augendae
831 425 961 462 causa,
989 414 1055 450 vel
1073 426 1125 449 ex
1144 413 1381 464 proverbiali
1400 411 1570 463 quadam
1587 414 1799 461 locutione,
1819 420 1865 451 ut

349 493 421 529 ea,
450 493 551 533 quae
576 484 807 531 sequuntur.
865 479 1005 517 Senec.
1029 480 1155 531 Epist.
1178 478 1244 519 88.
1272 476 1320 514 de
1338 481 1573 528 geometria:
1610 480 1646 517 Ο
1667 480 1866 531 egregiam

351 554 475 584 artem
489 562 501 584 .-
522 547 597 582 scis
607 544 777 582 rotunda
788 547 931 592 metiri,
943 547 986 583 in
997 546 1236 597 quadratum
1250 544 1395 596 redigis
1406 559 1691 597 quamcumque
1704 558 1866 595 accepe-

351 615 406 651 ris
414 615 610 664 sormam.
657 612 738 648 cic.
760 610 808 648 de
827 614 914 649 Fin.
943 615 992 662 2,
1013 615 1086 661 12,
1112 612 1179 652 36.
1222 611 1526 661 inidjndieant
1542 613 1706 650 sensus?
1733 612 1866 656 dulce,

352 678 566 717 amarum?
592 700 649 706 —
674 678 932 729 quadratum,
960 680 1187 717 rotundam.

461 747 508 785 V.
537 745 631 786 101.
687 745 870 783 Insanire
890 767 939 775 —
961 747 1079 784 rides.
1138 748 1253 783 Errat
1278 746 1491 796 Cruqnins,
1513 744 1620 796 quod
1637 743 1740 782 hanc
1757 747 1867 783 insa-

352 811 461 850 niam
479 810 530 848 ad
547 809 781 848 iracundum
802 813 955 849 Horatii
977 814 1154 849 animum
1175 813 1294 849 refert
1307 842 1317 860 ‚
1350 819 1480 849 errant
1504 825 1661 864 qnoque
1677 841 1687 859 ,
1715 814 1784 864 qui
1804 811 1869 850 his

352 878 481 915 verbis
503 877 671 928 ineptias
690 877 883 929 quasdam
902 879 1054 917 Horatii
1075 881 1251 931 proprias
1271 879 1482 930 significari
1499 880 1639 916 volunt
1663 875 1727 932 (ut
1751 881 1869 916 Wie-

351 943 461 982 land.
473 973 484 993 ‚
513 944 564 982 cf.
583 957 700 995 supra
719 944 921 996 Lambin.)
935 975 945 993 ,
980 947 1102 983 iimno
1122 946 1295 982 insanire
1314 945 1518 982 sollemnia
1537 953 1615 982 est:
1638 959 1747 984 more
1766 948 1870 985 alio-

353 1024 461 1060 rmn,
491 1018 537 1048 ut
563 1023 654 1048 cum
681 1010 814 1050 Schol.
834 1013 926 1050 Acr.
951 1019 990 1050 et
1011 1013 1128 1063 Cruq.
1160 1012 1260 1048 bene
1286 1012 1370 1061 jam
1396 1011 1496 1048 vidit
1521 1013 1731 1050 Turnebus
1751 1011 1870 1064 (Adv.

354 1078 430 1126 30,
449 1078 508 1130 3.)
541 1077 708 1116 laudans
732 1079 871 1116 senec.
898 1080 1024 1130 Epist.
1058 1080 1150 1118 122.
1185 1077 1345 1115 Nolunt
1365 1078 1480 1115 solita
1502 1092 1692 1128 peecare,
1725 1078 1869 1130 quibus

349 1143 544 1195 peccandi
554 1147 778 1195 praemium
793 1145 963 1195 infamia
979 1152 1046 1181 est.
1107 1146 1222 1181 Hunc
1237 1157 1324 1182 voc.
1343 1145 1540 1182 sollemnis
1556 1159 1673 1183 usum
1689 1147 1870 1197 pluribus

352 1211 566 1248 illustravit
591 1213 772 1250 Perizon.
795 1211 846 1249 ad
873 1212 1007 1249 sanct.
1027 1213 1127 1248 Min.
1158 1212 1208 1251 II.
1237 1224 1278 1261 Ρ.
1297 1211 1377 1251 558
1396 1224 1483 1263 sqq.
1511 1218 1551 1248 et
1573 1213 1756 1250 Horatius
1775 1226 1870 1250 suae

352 1279 438 1328 ipse
458 1279 514 1315 rei
532 1279 724 1329 interpres
745 1286 803 1316 est
823 1279 904 1316 Sat.
925 1281 965 1326 2,
989 1278 1029 1326 3,
1049 1279 1142 1318 120.
1175 1277 1381 1314 Nimirum
1399 1279 1564 1315 insaniis
1575 1281 1722 1328 paucis
1735 1279 1872 1316 videa-

353 1351 419 1381 tar
437 1358 478 1381 eo
495 1345 603 1396 quod
619 1347 806 1382 Maxima
820 1359 921 1395 pars
940 1345 1144 1382 hominnm
1161 1343 1293 1382 morbo
1301 1347 1487 1392 jactatur
1505 1345 1646 1384 eodem.
1692 1347 1872 1384 Insanire

353 1418 510 1460 autem,
542 1419 587 1449 ut
607 1411 684 1449 hoc
704 1414 790 1463 ipso
813 1413 897 1450 Sat.
916 1413 1025 1460 loco,
1064 1410 1348 1462 explicandum
1377 1425 1428 1449 ex
1454 1413 1610 1463 placitis
1635 1413 1871 1461 Stoicorum,

353 1479 497 1531 quibus
514 1480 683 1530 praeivit
703 1479 883 1516 Socrates
910 1492 972 1530 ap.
994 1477 1179 1530 Xenoph.
1197 1480 1317 1516 Mem.
1338 1480 1378 1525 3,
1403 1480 1442 1527 9,
1463 1481 1490 1520 6
1514 1493 1622 1531 sqq.,
1651 1480 1762 1518 Stob.
1785 1480 1872 1516 1⁴:01.

352 1547 400 1594 2,
433 1546 475 1588 7.
509 1559 551 1597 Ρ.
583 1545 676 1589 124.
722 1543 810 1585 ”En
843 1543 887 1586 δὲ
914 1543 1070 1597 λέγουσι
1099 1543 1277 1597 (Stoici)
1309 1541 1440 1584 πάντα
1467 1550 1626 1596 φαῦλον
1659 1546 1873 1598 μαίνεσθαι

353 1609 530 1665 ἄγνοιαν,
541 1611 676 1664 ἔχοντα
700 1611 825 1653 αὑτοῦ
845 1610 912 1651 καὶ
930 1614 1009 1650 τῶν
1030 1607 1124 1654 καθ’
1144 1609 1286 1662 αὐτόν,
1317 1609 1413 1664 ὅπερ
1437 1612 1516 1653 ἐστὶ
1535 1613 1656 1665 μανία
1677 1619 1716 1650 et
1737 1613 1872 1650 Cicero

354 1680 477 1717 Tusc.
500 1678 546 1727 3,
581 1679 623 1719 4.
654 1681 830 1716 omnium
857 1679 1125 1729 insipientium
1145 1679 1271 1715 animi
1290 1679 1333 1715 in
1365 1679 1497 1718 morbo
1516 1687 1625 1726 sunt;
1668 1693 1874 1730 omnesque

354 1746 578 1796 insipientes
593 1746 717 1796 igitar
745 1747 962 1783 insaniunt.
1027 1745 1248 1782 Sanitatem
1274 1746 1378 1781 enim
1396 1748 1618 1783 animorum
1643 1748 1814 1796 positam
1830 1748 1874 1783 in

355 1812 643 1864 tranquillitate
673 1812 848 1863 quadam
881 1813 1178 1861 constantiaque
1203 1811 1410 1848 censebant
1417 1827 1434 1860 ;
1475 1812 1537 1850 liis
1568 1812 1684 1850 rebus
1709 1820 1875 1850 mentem

354 1893 526 1920 vacuam
544 1879 801 1930 appellarunt
818 1880 1031 1915 insaniam.
1092 1878 1153 1916 Cf.
1171 1878 1268 1916 ibid.
1286 1878 1325 1928 4,
1351 1880 1416 1920 13.
1429 1909 1439 1927 ,
1472 1879 1614 1916 Parad.
1638 1877 1696 1928 4.,
1731 1882 1818 1917 Fin.
1834 1878 1873 1929 4,

354 1948 443 1995 27„
479 1947 619 1984 Senec.
640 1947 767 1997 Epist.
786 1947 852 1990 72.
869 1975 879 1994 ,
906 1943 1128 1984 Weichert.
1149 1945 1201 1982 ad
1217 1946 1300 1983 Sat.
1325 1947 1361 1995 1,
1381 1948 1420 1994 3,
1437 1948 1504 1986 82.
1523 1948 1566 1983 in
1583 1948 1709 1983 Leott.
1728 1949 1872 1985 Venus.

354 2015 405 2051 ΙΙ.
422 2027 463 2064 p.
474 2013 543 2054 23.
565 2021 604 2051 et
616 2020 801 2051 annotata
821 2012 872 2049 ad
887 2025 926 2049 v.
939 2014 1007 2052 41.
1022 2010 1090 2052 42.
1100 2033 1157 2040 —-
1172 2012 1320 2058 Quodsi
1340 2012 1474 2051 Schol.
1490 2014 1654 2065 Cruquii
1669 2013 1876 2051 sollemnia

302 2107 310 2117 .
358 2081 533 2131 explicat
549 2081 801 2126 sollemniter,
821 2081 987 2118 fortasse
1009 2078 1059 2116 ad
1078 2079 1318 2116 Graecormn
1337 2094 1455 2118 usum
1475 2082 1667 2132 respexit,
1689 2088 1734 2118 ut
1754 2081 1872 2119 Pind‘.

354 2149 467 2186 Nem.
479 2145 518 2196 4,
539 2147 607 2187 39.
625 2144 808 2200 φθονεροὶ
825 2145 995 2199 βλέπειν,
1016 2159 1136 2198 quem
1154 2147 1298 2183 imitati
1317 2153 1409 2184 suut
1425 2148 1569 2195 Latini,
1589 2147 1671 2186 vid.
1680 2150 1815 2185 Burm.
1824 2148 1874 2185 ad

354 2215 442 2253 Val.
452 2215 580 2251 Flacc.
592 2215 619 2253 2
630 2242 640 2261 ,
664 2212 771 2262 154.,
789 2212 969 2252 Oudend.
984 2212 1034 2250 ad
1045 2214 1164 2264 Apul.
1179 2215 1275 2250 Met.
1289 2215 1335 2252 V.
1354 2228 1393 2264 p.
1404 2214 1500 2254 358.
1511 2243 1521 2262 ‚
1543 2216 1691 2264 Wagn.
1704 2214 1754 2252 ad
1765 2217 1873 2265 Virg.

356 2282 429 2321 Ge.
441 2280 481 2330 3,
494 2281 590 2322 500.
607 2281 757 2329 Aen.3,
769 2281 836 2322 56.
847 2288 885 2318 et
895 2279 1024 2318 Rudd.
1035 2283 1084 2318 II.
1099 2294 1140 2332 p.
1155 2281 1247 2321 159.
1268 2283 1365 2320 Volo
1379 2280 1564 2331 equidem
1583 2281 1702 2317 aliam
1714 2283 1875 2331 linguae

357 2349 551 2385 rationem
569 2347 694 2399 sequi,
720 2360 798 2399 qua
815 2349 1005 2387 neutralis
1025 2348 1234 2384 verborum
1255 2349 1448 2398 imprimis
1472 2346 1656 2383 affectmn
1676 2347 1874 2399 quendam

357 2414 665 2464 significantimn
686 2415 746 2452 vis
765 2421 1011 2466 permutatur
1030 2416 1095 2451 vel
1114 2415 1363 2464 conjungitur
1381 2427 1470 2450 cum
1487 2415 1634 2462 activa,
1666 2421 1711 2451 ut
1729 2416 1813 2453 Sat.
1832 2418 1875 2463 2,

357 2478 397 2526 3,
417 2479 486 2519 63.
523 2480 703 2518 Similem
723 2494 887 2518 errorem
905 2481 1091 2517 insanire.
1124 2483 1242 2532 Prop.
1263 2483 1290 2520 2
1302 2510 1312 2529 ,
1337 2480 1390 2521 25
1403 2509 1413 2528 ,
1433 2479 1499 2520 25.
1530 2482 1680 2517 insanit
1706 2495 1870 2519 amores.

359 2545 500 2583 Senec.
519 2546 568 2583 de
591 2549 670 2587 Vit.
691 2549 730 2586 b.
759 2550 824 2589 12.
858 2547 1027 2585 hilarem
1045 2548 1244 2584 insaniam
1263 2549 1447 2584 insanire.
1509 2549 1576 2585 Sic
1599 2549 1737 2585 Graeci
1757 2559 1876 2586 usur-

359 2618 456 2662 pant
473 2611 765 2664 ἒπιμαίνεσθαι,
787 2613 1004 2667 Spanhem.
1029 2613 1080 2650 ad
1099 2614 1255 2650 Gallim.
1272 2616 1419 2665 Hymn.
1448 2615 1488 2650 in
1511 2615 1640 2652 cerer.
1661 2615 1732 2656 30.
1787 2616 1876 2652 Huc

360 2679 530 2728 pertinet
550 2682 576 2719 2
589 2709 598 2727 ‚
631 2679 697 2721 14.
737 2679 938 2733 Quicquid
952 2680 1124 2718 delirant
1138 2703 1207 2717 —-.
1264 2681 1363 2719 Vide
1382 2694 1481 2733 quos
1506 2680 1672 2721 laudant
1687 2680 1870 2718 Huschk.

361 2745 403 2781 in
424 2745 541 2782 Anal.
561 2747 662 2785 critt.
685 2763 726 2799 p.
745 2750 835 2798 28.,
865 2751 1028 2786 Passov.
1058 2746 1109 2784 ad
1126 2749 1235 2785 Pers.
1256 2761 1296 2798 Ρ.
1318 2749 1414 2789 356.
1427 2778 1437 2797 ,
1470 2750 1648 2787 Perizon.
1669 2747 1720 2785 ad
1742 2748 1876 2786 sanct.

361 2815 459 2854 Min,
476 2816 508 2851 Ι.
528 2828 569 2865 p.
589 2814 670 2855 415
694 2828 767 2866 sq„
808 2815 951 2852 Stallb.
980 2815 1032 2852 ad
1053 2813 1182 2852 Rudd.
1199 2817 1250 2851 ΙΙ.
1269 2828 1310 2866 Ρ.
1330 2815 1425 2855 161.

471 2881 517 2919 V.
538 2881 723 2924 102—3.
782 2882 868 2919 IVec
889 2882 1031 2920 medici
1049 2905 1103 2910 —
1123 2881 1221 2919 dati.
1282 2883 1333 2920 Ut
1351 2882 1434 2920 Sat.
1453 2884 1499 2930 2,
1519 2882 1566 2932 3,
1593 2882 1794 2929 53-62.,
1821 2881 1878 2918 ita
