2028 3268
172 258 230 300 69
641 257 782 298 LIBRI
815 259 844 299 1.
901 258 1166 299 EPISTOLA
1194 260 1278 300 VII.

1638 259 1721 302 341

238 387 459 448 Prodigus
495 388 539 431 et
577 387 734 432 stultus
777 386 910 434 donat
949 402 1061 448 quae
1100 388 1265 447 spernit
1304 389 1349 431 et
1383 385 1492 432 odit:
1665 390 1722 431 20

239 469 367 513 Haec
401 480 534 528 seges
565 468 764 528 ingratos
799 469 898 512 tulit
932 471 976 513 et
1009 467 1122 512 feret
1157 467 1350 511 omnibus
1386 468 1526 511 annis.

237 548 317 593 Vir
350 547 486 592 bonus
523 549 567 592 et
602 549 774 607 sapiens
810 547 953 608 dignis
988 549 1049 591 ait
1087 561 1187 591 esse
1220 549 1416 607 paratus,

235 627 335 672 Nec
368 629 514 672 tamen
555 627 756 689 ignorat,
793 627 893 686 quid
930 626 1088 671 distent
1125 640 1232 671 aera
1264 628 1439 686 lupinis·

235 707 431 768 Dignum
466 707 698 768 praestabo
732 720 804 752 me
839 707 968 751 etiam
1002 720 1081 767 pro
1113 706 1246 752 laude
1278 707 1502 752 merentis.

165 829 251 869 482.
280 832 395 867 Loch.
415 828 500 868 498.
540 831 646 878 Lips.
669 829 753 867 498.
779 831 860 869 502.
884 834 918 868 8.

165 891 225 925 10.
239 889 297 925 13.
314 887 372 924 14.
390 891 448 925 16.
464 890 521 924 19.
543 889 671 924 Colon.
684 888 766 924 510.
786 890 917 925 Schur.

165 943 248 982 514.
282 947 424 981 Erfurt.
449 945 530 982 517.
561 947 648 981 Bas.
676 946 758 982 520.
785 946 843 982 55.
861 949 918 982 80.

164 1003 248 1039 Ald.
265 1003 348 1039 519.
368 1004 468 1039 Junt.
485 1000 568 1039 514.
585 1004 643 1038 19.
663 1004 790 1038 Lamb.
802 1004 917 1039 Pulm.

164 1061 278 1106 Cruq.
310 1061 423 1095 Fabr.
460 1061 509 1096 H.
538 1061 669 1107 steph.
703 1062 842 1096 Bersm.
872 1062 919 1096 al.

162 1117 265 1152 mult.
287 1118 396 1153 etiam
410 1117 532 1152 Bentl.
562 1118 645 1154 Val.
673 1118 782 1154 Both.
810 1119 916 1154 Jahn.

162 1175 290 1220 Camp.
314 1175 492 1219 relinquis.
527 1175 619 1210 Mss.
636 1175 718 1210 Val.
747 1175 916 1222 quinque.

164 1231 295 1267 Oberl.
317 1232 360 1267 C.
383 1233 430 1266 D.
452 1233 511 1276 (ut
529 1231 622 1278 vid.)
663 1232 755 1269 Bad.
779 1235 812 1268 1.
848 1235 917 1268 Fe.

161 1290 197 1333 2,
222 1289 248 1323 i.
276 1288 312 1333 5,
338 1290 366 1323 f.
405 1289 460 1323 lk.
486 1285 523 1324 4.
549 1288 583 1324 5.
624 1290 724 1324 Pott.
756 1293 789 1327 2.
815 1291 852 1325 3.
880 1292 915 1326 6.

161 1347 269 1380 Gott.
298 1347 332 1380 1.
357 1345 398 1390 (a
419 1347 453 1381 1.
480 1346 547 1390 m.)
596 1347 694 1381 Edd.
720 1347 806 1383 Zax.
830 1348 914 1382 Ald.

158 1401 242 1438 501.
273 1403 367 1437 Cun.
388 1403 475 1438 San.
500 1403 620 1438 Merv.
642 1400 776 1441 Franc.
799 1406 915 1442 Gesn.

158 1460 275 1495 Zeun.
296 1459 452 1506 Dorigh.
474 1461 604 1496 Oberl.
622 1461 750 1498 Comb.
766 1463 912 1498 VVakef.

155 1516 250 1551 Bad.
278 1517 402 1551 Wetz.
431 1518 585 1553 Haberf.
615 1518 684 1553 Fe.
716 1520 773 1555 Ik.
809 1520 911 1555 Pott.

155 1574 271 1608 Doer.
310 1574 403 1608 zell.
439 1575 559 1610 Schm.
593 1576 760 1612 Hoched.
801 1578 911 1612 Web.

155 1631 296 1666 Groeb.
308 1631 413 1666 Pass.
422 1631 583 1667 Meinek.
596 1633 755 1669 Braunh.
772 1634 909 1679 Charp.

154 1687 273 1723 Orell.
307 1691 346 1722 et
370 1687 456 1734 Bip.
484 1691 567 1726 828.
593 1690 787 1734 relinquas.
836 1691 909 1725 Ms.

154 1745 278 1780 Guelf.
302 1744 339 1780 3.
368 1746 492 1781 Berol.
517 1748 552 1782 2.
588 1746 686 1781 Edd.
708 1748 800 1781 Ven.
824 1744 908 1783 492.

151 1801 257 1848 Lips.
267 1798 352 1839 492.
370 1806 419 1847 et,
436 1806 533 1837 teste
548 1803 639 1847 Fea,
655 1805 714 1839 99.
731 1804 814 1839 Asc.
825 1805 907 1839 519.

150 1857 203 1894 At
210 1859 386 1894 Futurum
403 1862 441 1894 et
451 1860 670 1895 auctoritate
685 1862 812 1896 libror.
822 1874 907 1896 mss.

151 1920 192 1950 et
217 1918 478 1954 consuetudine
505 1918 652 1963 linguae
680 1919 815 1953 latinae
845 1920 908 1953 de-

149 1972 313 2007 fenditur
326 1999 336 2017 ,
362 1975 410 2008 cf.
437 1985 476 2008 v.
495 1971 556 2009 43.
581 1979 620 2009 et
633 1976 740 2011 Jahn.
762 1977 785 2010 l.
803 1976 849 2010 ad
869 1988 905 2011 V.

149 2030 210 2065 17.
230 2029 390 2065 laudato.

208 2086 253 2121 V.
285 2087 342 2122 20.
384 2085 563 2132 Prodigus
590 2098 633 2120 ae
660 2088 760 2121 stult.
805 2087 904 2121 Edd.

149 2142 243 2177 eun.
284 2143 372 2177 San.
420 2142 541 2177 Merv.
583 2143 750 2178 Francis.
792 2144 903 2178 Bask.

147 2199 303 2245 Dorigh.
326 2219 376 2225 ——
398 2200 540 2243 stultus,
559 2210 650 2243 quae
666 2201 788 2244 donat,
807 2212 906 2246 sper-

148 2256 202 2292 nit
221 2262 255 2291 et
272 2257 358 2292 odit.
392 2255 455 2290 Sic
476 2255 562 2290 dist.
585 2256 628 2289 Ζ.
645 2257 797 2291 Pearce.
816 2257 904 2291 stul-

146 2318 222 2357 tus,
248 2314 360 2348 donat
382 2325 492 2357 quae,
514 2312 649 2358 spernit
674 2319 707 2348 et
723 2314 808 2348 odit.
840 2313 904 2347 Sic

146 2369 412 2404 Mitscherlich.
428 2370 464 2404 in
478 2370 622 2404 Racem.
642 2371 776 2404 Venus.
793 2371 902 2404 Fasc.

146 2425 217 2461 111.
243 2439 283 2473 p.
309 2428 345 2462 9.
379 2447 428 2452 —
461 2427 507 2461 V.
531 2428 590 2462 21.
619 2427 784 2473 ingrata.
828 2427 900 2461 Ms.

145 2482 256 2518 Dess.
274 2485 309 2518 1.
331 2483 494 2530 ingrato.
527 2483 620 2518 Mss.
645 2484 700 2518 Ik.
720 2485 753 2518 1.
793 2484 901 2518 Dess.

146 2541 183 2576 2.
227 2540 344 2574 Dorv.
375 2542 409 2575 1.
456 2541 580 2575 Guelf.
610 2536 646 2574 4.
689 2541 789 2575 Mon.
815 2554 847 2575 c.
871 2542 898 2575 f.

146 2597 255 2642 (cum
283 2597 333 2641 gl.
363 2598 534 2642 „absque
560 2598 748 2642 labore“)
780 2617 829 2625 ——
860 2611 901 2632 ac

143 2656 250 2694 teret.
270 2653 367 2688 Edd.
385 2654 475 2688 Cun.
492 2655 580 2690 San.
594 2655 715 2690 Merv.
732 2655 899 2690 Francis.

142 2709 254 2744 Hunc
268 2721 412 2745 versum
425 2711 548 2746 laudat
567 2712 717 2747 Servius
733 2712 779 2746 ad
795 2712 899 2758 Virg.

144 2765 238 2802 Aen.
259 2766 296 2811 3,
317 2764 399 2803 142.

202 2824 248 2857 V.
266 2825 323 2859 22.
346 2836 386 2859 ac
399 2823 550 2869 sapiens.
579 2824 650 2859 Ed.
667 2825 824 2870 Cuning.
845 2845 893 2850 —

143 2878 264 2926 dignis
285 2881 376 2927 agit.
405 2880 496 2915 Mss.
525 2881 637 2915 Torr.
666 2881 755 2927 alqt.
781 2882 895 2916 Pulm.

142 2936 178 2971 2·
203 2932 239 2971 4.
266 2938 324 2972 10.
371 2938 439 2971 Fe.
469 2938 512 2982 1,
542 2949 575 2972 a.
597 2950 630 2973 c.
662 2939 752 2982 (al.
770 2939 836 2982 m.)
858 2951 894 2984 g.

142 2991 180 3036 2,
194 2993 232 3028 b,
249 2993 286 3039 3,
302 2994 340 3030 d,
356 2992 392 3039 5,
404 2995 431 3028 f.
451 2995 487 3039 9,
503 3005 534 3029 a.
551 3006 583 3029 c.
611 2995 734 3030 Berol.
754 2997 784 3031 1.
803 2996 895 3031 Cor-

964 831 1039 867 bei.
1070 833 1208 867 Graev.
1233 831 1334 865 Mon.
1357 832 1384 866 f.
1411 830 1508 875 (cum
1531 830 1582 875 gl.
1606 829 1719 875 „niti-

964 889 1069 933 tur“)
1091 889 1170 924 cod.
1188 888 1341 923 Mentel.
1377 907 1426 913 —
1458 889 1531 922 Pro
1549 887 1668 933 dignis
1681 888 1716 922 J.

966 946 1130 981 Clericus
1147 946 1241 990 conj.
1258 945 1363 980 cuivis
1382 944 1409 979 i.
1427 957 1459 979 e.
1481 945 1603 989 „dono
1624 943 1718 979 acci·

964 1004 1121 1050 piendo,
1154 1003 1249 1049 quod
1274 1002 1424 1036 comiter
1449 1003 1623 1047 offertur,
1650 1014 1718 1036 nec

964 1066 1084 1095 tamen
1102 1060 1274 1105 ἰςζῐιοϊῑὶῑκ
1297 1064 1367 1093 etc.
1392 1059 1454 1093 scit
1469 1071 1541 1094 esse
1553 1064 1717 1104 paratus.

964 1119 1036 1153 Ed.
1053 1118 1222 1152 Praedic.
1240 1137 1288 1141 -—
1306 1121 1470 1162 paratus.
1500 1116 1590 1150 Mss.
1602 1116 1715 1162 Cruq.

966 1177 1000 1220 1,
1018 1188 1039 1210 a
1056 1195 1104 1200 —
1125 1176 1161 1209 d.
1182 1171 1218 1218 4,
1236 1186 1269 1208 a.
1290 1175 1328 1207 b.
1345 1174 1409 1208 sed
1430 1174 1498 1207 duo
1514 1184 1590 1207 cum
1607 1172 1717 1208 litura

962 1233 1092 1267 literae
1109 1244 1126 1266 s
1141 1232 1342 1266 manifesta.
1363 1232 1502 1264 Bersm.
1519 1241 1580 1264 un.
1594 1230 1716 1264 Bentl.

965 1292 999 1325 1.
1022 1290 1138 1336 (quod
1159 1290 1197 1323 in
1218 1289 1344 1323 eodem
1365 1287 1554 1322 annotavit
1573 1287 1716 1321 Brouk-

962 1347 1119 1391 husius).
1150 1347 1231 1381 val.
1253 1345 1382 1380 Oberl.
1406 1345 1534 1379 Comb.
1550 1345 1652 1378 Pott.
1669 1345 1715 1378 de

963 1405 1037 1439 suis
1062 1409 1198 1438 tacent.
1229 1403 1396 1437 Hoched.
1420 1414 1453 1436 a.
1475 1403 1512 1436 b.
1541 1401 1657 1435 orell.
1687 1402 1714 1435 S

962 1473 1123 1508 superse.
1162 1460 1249 1506 „vel
1277 1459 1468 1506 paratus.“
1517 1458 1641 1493 Guelf.
1677 1459 1712 1494 2.

961 1520 1020 1553 Cf.
1044 1521 1117 1553 Gu.
1144 1519 1293 1552 Canter.
1316 1518 1414 1551 NOV.
1440 1516 1547 1550 Lect.
1571 1517 1612 1559 6,
1638 1515 1712 1559 30„

958 1577 1012 1611 ita
1035 1576 1150 1610 citant
1172 1576 1208 1609 h.
1224 1575 1248 1609 l.
1282 1573 1426 1609 Charis.
1450 1570 1485 1607 4.
1511 1585 1549 1618 p.
1567 1573 1650 1609 239.
1675 1576 1714 1606 et.

959 1635 1067 1668 Serv.
1091 1634 1137 1668 ad
1159 1632 1264 1677 Virg.
1295 1631 1386 1666 Aen.
1412 1632 1455 1674 2,
1484 1630 1568 1665 377.
1613 1629 1711 1663 Edd.

958 1691 1071 1736 Cruq.
1111 1690 1245 1724 Zurck.
1277 1688 1420 1731 Bentl.‚
1459 1686 1520 1732 qui
1549 1686 1713 1720 vindicat

957 1758 1132 1793 quemque
1168 1758 1246 1791 seq.
1282 1747 1362 1780 sere
1401 1755 1494 1778 omn.
1525 1748 1709 1789 paratum.

956 1805 1047 1839 Mss.
1063 1804 1170 1848 reliq.
1189 1808 1227 1837 et
1241 1804 1324 1837 edd.
1340 1801 1453 1846 vulg„
1470 1799 1710 1835 erecentibus

954 1862 1080 1896 Jones.
1113 1861 1301 1906 Exemplis
1319 1872 1340 1894 a
1354 1859 1522 1904 Bentlejo
1535 1885 1544 1901 ‚
1570 1857 1709 1891 Schmi-

954 1919 1014 1954 dio
1030 1923 1068 1954 et
1094 1918 1234 1952 Orellio
1260 1917 1379 1952 allatis
1397 1916 1490 1950 adde
1511 1915 1636 1948 Lamb.
1662 1915 1709 1948 ad

955 1977 1028 2010 Od.
1051 1977 1090 2019 1,
1117 1977 1151 2018 2,
1175 1972 1235 2008 43.
1276 1975 1384 2019 Vulp.
1409 1974 1475 2008 Fr.
1495 1972 1642 2006 Jacobs.
1670 1975 1708 2005 et

954 2033 1076 2077 Sillig.
1107 2033 1154 2065 ad
1182 2032 1315 2065 Catull.
1345 2027 1390 2073 4,
1418 2032 1451 2065 2.
1496 2030 1630 2074 VVagn.
1660 2029 1707 2063 ad

951 2089 1060 2133 Eleg.
1082 2088 1125 2121 ad
1143 2088 1257 2121 Mess.
1272 2100 1310 2133 p.
1327 2084 1386 2121 42.
1403 2087 1449 2120 ad
1464 2086 1569 2130 Virg.
1585 2086 1704 2119 Catal.

951 2146 984 2187 8,
1013 2147 1048 2180 2.
1092 2144 1192 2178 Idem
1218 2148 1256 2177 et
1283 2143 1439 2187 Forbig.
1465 2142 1511 2176 ad
1537 2142 1641 2186 Virg.
1669 2144 1703 2185 2,

950 2201 1033 2236 377.
1063 2201 1175 2235 Bach.
1201 2201 1246 2234 ad
1273 2200 1383 2233 Ovid.
1415 2199 1508 2232 Met.
1530 2198 1596 2241 13,
1620 2195 1702 2232 141.

949 2258 1055 2292 Jahn.
1074 2262 1113 2291 et
1127 2258 1257 2291 Loers.
1276 2257 1321 2290 ad
1332 2255 1444 2289 Ovid.
1463 2255 1626 2298 Trist.2,
1644 2257 1701 2290 10.

949 2315 1092 2348 Ruhnk.
1110 2314 1156 2347 ad
1177 2313 1287 2348 Ovid.
1304 2314 1396 2347 Her.
1414 2311 1436 2346 5
1448 2339 1457 2355 ,
1479 2312 1538 2346 83.
1570 2312 1701 2346 Passe-

947 2375 1019 2405 rat.
1037 2372 1081 2406 ad
1096 2372 1208 2416 Prop.
1227 2383 1263 2416 p.
1280 2367 1363 2405 384.
1388 2369 1516 2403 Barth.
1533 2369 1579 2402 ad
1594 2370 1699 2404 eund.

947 2429 983 2473 3,
1004 2430 1038 2472 6,
1059 2424 1119 2472 (4)
1136 2425 1195 2462 40.
1220 2427 1381 2472 Kriiger.
1401 2427 1701 2470 „Untersuchun-

947 2485 1045 2531 gen‘⁴
1061 2485 1127 2518 III.
1143 2497 1181 2530 p.
1198 2481 1258 2519 43.
1271 2481 1355 2518 354.

1004 2543 1049 2576 V.
1067 2542 1124 2577 23.
1164 2541 1248 2576 Non
1261 2545 1397 2574 tamen.
1427 2540 1515 2573 var.
1535 2539 1621 2574 lect.
1638 2550 1696 2584 ap.

947 2599 1119 2633 Minoem.
1145 2610 1210 2632 ms.
1238 2597 1360 2631 Guelf.
1378 2599 1412 2631 1.
1444 2597 1594 2631 Santen.
1624 2597 1696 2631 Ed.

945 2656 1084 2690 Biedm.
1101 2653 1183 2689 599.
1202 2674 1251 2679 -
1272 2654 1354 2698 quid
1368 2654 1512 2688 distant.
1546 2654 1696 2687 Ms.Fe.

946 2712 981 2757 3,
998 2725 1029 2747 c.
1049 2712 1172 2756 [Bod.]
1191 2711 1314 2745 Guelf.
1332 2712 1366 2746 2.
1389 2710 1528 2745 Mon.l.
1545 2711 1696 2745 Santen.

945 2770 1005 2813 qai
1019 2770 1159 2802 distent.
1187 2767 1260 2801 Ms.
1277 2768 1344 2802 Fe.
1360 2769 1396 2812 7,
1412 2768 1451 2801 b.
1479 2767 1583 2812 Lips.
1596 2770 1628 2802 2.
1643 2787 1691 2792 —

943 2838 1028 2860 erva
1040 2825 1182 2870 lupinis.
1213 2825 1320 2869 Conj.
1343 2825 1386 2858 Z.
1402 2825 1553 2858 Pearce.
1574 2826 1619 2858 V.
1637 2826 1695 2860 22.

942 2882 1000 2918 23.
1029 2882 1209 2927 paratus?
1238 2900 1287 2906 —
1323 2881 1475 2927 lupinis?
1520 2882 1583 2915 Sic
1609 2882 1694 2915 dist.

941 2938 1062 2974 Bentl.
1082 2938 1140 2972 Cf.
1159 2938 1275 2972 Orell.
1299 2957 1357 2965 --
1382 2938 1426 2972 V.
1445 2935 1503 2974 24.
1524 2950 1579 2972 me
1590 2951 1694 2984 prae-

940 2997 1052 3030 stabo.
1080 2995 1153 3030 Ms.
1171 2996 1276 3030 Gott.
1293 2996 1327 3030 1.
1343 3014 1401 3022 —
1415 3008 1481 3041 mc,
1497 2995 1613 3030 etiam.
1633 2993 1696 3028 Sic
