2028 3268
211 239 265 279 37
323 237 690 276 COMNENTARII
719 239 773 275 IN
803 236 1028 275 HORATII
1055 236 1228 276 EPIST.
1253 236 1474 276 SECUND.
1504 237 1605 277 LIB.
1626 238 1655 274 1.
1688 232 1770 274 143

210 353 321 408 κακῷ
337 349 406 391 καὶ
418 345 516 407 τύχῃ
536 347 757 406 χρώμενος,
778 351 1040 403 συνεκοιμᾶτο
1058 353 1110 407 τῇ
1129 353 1204 392 τοῦ
1222 348 1338 401 ξένου
1357 348 1531 405 γυναικὶ,
1552 348 1620 390 καὶ
1634 346 1770 402 λαβών

213 415 344 472 αὐτήν
365 417 555 471 ἐνέπλησὲ
577 435 618 459 τε
635 418 813 471 πολέμου
837 417 904 459 καὶ
927 420 1063 458 κακῶν
1084 416 1155 467 mig
1176 420 1253 460 δύο
1271 414 1476 473 ἠπείρους.
1534 418 1655 470 Apud
1683 419 1768 456 Eu·-

213 486 384 540 ripidem
405 486 522 538 (Hec.
543 485 645 540 442)
674 490 829 526 Helena
848 488 1015 538 Trojam
1043 489 1196 539 cepisse
1218 486 1369 526 dicitur-
1388 483 1456 527 διοέ
1479 482 1614 527 καλῶν
1639 481 1769 539 ὀμμά-

212 570 315 606 των,
350 562 390 593 et
418 556 514 592 alibi
543 553 687 607 (Or-est.
711 555 840 607 1278)
870 563 1036 594 vocatur
1057 551 1307 610 λειπόγαμος,
1338 553 1367 607 ἃ
1391 555 1599 603 πλείστους
1627 553 1769 595 ἔκανεν

210 618 412 664 Ἑλλάνων
442 630 531 674 etc„
563 624 613 662 cf.
634 624 758 665 1529.
791 623 900 666 1655
927 638 1016 678 sqq.
1048 624 1193 662 catull.
1220 624 1288 674 68,
1310 624 1378 666 87.
1437 624 1553 661 Nam
1575 630 1660 660 tum
1682 623 1771 659 He-

215 692 329 730 lenae
349 699 472 743 raptu
495 715 547 721 --
578 693 697 740 Troja
722 691 900 744 (nefasl)
930 706 1138 730 commune
1161 692 1391 742 sepulerum
1410 692 1598 743 Europae
1620 690 1770 728 Asiae-

215 774 305 813 que.
367 759 483 800 Ovid.
500 761 625 798 Trist.
646 762 686 809 2,
702 761 798 801 371.
857 761 962 798 Ilias
981 762 1071 811 ipsa
1094 761 1197 813 quid
1216 767 1297 806 est,
1321 761 1401 798 nisi
1419 762 1548 812 turpis
1567 759 1770 804 adultera,

215 829 265 867 de
286 843 368 881 qua
387 829 499 867 Inter
516 836 735 867 amatorem
752 843 898 881 pugna
918 830 1127 881 virumque
1135 828 1262 880 ficit?
1290 831 1409 881 Prop.
1425 832 1464 878 2,
1489 830 1528 879 3,
1548 828 1617 870 35.
1665 827 1773 866 Olim

216 896 421 944 mirabar,
449 898 559 950 quod
581 899 687 935 tanti
713 897 773 934 ad
795 898 1001 952 Pergama
1028 896 1125 934 belli
1142 898 1332 948 Europae
1356 905 1477 950 atque
1495 897 1625 935 Asiae
1647 911 1772 934 causa

211 965 355 1016 puella
361 965 468 1018 suit.
503 967 564 1004 Cf.
591 968 701 1017 Virg.
721 967 822 1003 Aen.
846 966 883 1015 1,
909 967 979 1007 27.
1001 965 1096 1006 650.
1127 967 1289 1004 Homer.
1314 968 1361 1004 ΙΙ.
1383 967 1423 1017 5,
1445 968 1500 1008 62
1519 979 1579 1019 sq.
1614 967 1652 1016 9,
1676 966 1771 1006 339·

215 1033 408 1073 Herodot.
429 1035 468 1084 2,
495 1036 575 1076 117
599 1048 659 1087 sq.
688 1041 727 1071 et
759 1035 898 1071 Plass:
924 1031 1133 1083 „Versuch
1154 1035 1254 1072 iiber
1285 1034 1363 1073 den
1388 1036 1553 1086 Trojan.
1574 1037 1694 1087 Krieg
1713 1036 1772 1073 als

213 1101 454 1142 historische
483 1101 742 1142 Thatsache“
772 1103 815 1140 iu
845 1102 1018 1141 Seebod.
1048 1105 1094 1140 N.
1116 1101 1279 1141 Archiv.
1303 1105 1428 1145 1828.
1454 1106 1520 1143 IV.
1544 1118 1584 1155 p.
1606 1102 1662 1144 40
1685 1116 1772 1155 sqq.

214 1174 348 1221 Quum
375 1174 470 1211 Hor.
502 1170 545 1210 h.
571 1174 600 1210 l.
629 1170 830 1224 fabulam
866 1172 1085 1223 intelligat,
1127 1185 1250 1224 quam
1279 1174 1445 1211 Aristot.
1478 1174 1628 1210 Poetic.
1666 1186 1701 1209 c.
1733 1173 1772 1212 6.

215 1243 356 1295 μῦθον
376 1242 404 1279 i.
425 1255 459 1278 e.
478 1237 554 1293 τὴν
574 1237 770 1281 σύνθεσιν
789 1242 870 1279 τῶν
896 1236 1144 1294 πραγμάτων
1163 1240 1271 1290 dicit,
1300 1242 1343 1277 in
1362 1255 1493 1280 errore
1513 1248 1572 1280 est
1600 1241 1774 1278 Doerin-

217 1311 328 1361 gius,
350 1311 500 1362 quippe
524 1310 593 1361 qui
610 1309 766 1346 insertis
785 1306 939 1360 (Iliadi)
952 1308 1119 1360 sabulis
1138 1310 1312 1346 enarrari
1329 1310 1485 1347 bellum
1505 1317 1578 1348 etc.
1600 1309 1718 1347 dicat.

328 1379 376 1418 V.
386 1379 426 1418 7.
452 1378 691 1415 Graecia—
708 1377 855 1414 duello.
881 1379 1001 1416 Hom.
1013 1379 1061 1415 11.
1083 1378 1120 1427 1,
1143 1379 1184 1419 8.
1202 1378 1262 1427 τίς
1282 1373 1315 1418 τ’
1332 1374 1396 1433 ἄρ’
1414 1381 1527 1431 σφῶε
1544 1377 1775 1431 θεῶν“ἐ’ριὸι

215 1444 385 1498 ξυνέηκε
405 1441 625 1498 μάχεσθαι,
654 1444 886 1484 Barbariae
915 1448 944 1484 i.
969 1461 1004 1484 e.
1031 1446 1254 1501 Phrygiae,
1284 1447 1334 1486 de
1359 1461 1439 1500 qua
1455 1461 1567 1486 vvoce
1590 1449 1774 1498 interprr.

215 1515 399 1568 plerique
420 1528 559 1553 omnes
577 1513 643 1552 hic
667 1513 893 1567 disputant3
927 1516 977 1553 cf.
1006 1515 1127 1554 Jahn.
1156 1516 1207 1554 ad
1229 1515 1343 1555 Ovid.
1367 1517 1463 1553 Met.
1488 1513 1555 1564 14,
1587 1515 1683 1556 574.
1710 1513 1774 1552 ed.

216 1584 367 1635 Gierig.
394 1631 401 1639 Δ
415 1582 590 1621 Proinde
610 1585 779 1634 Ktippen
802 1584 844 1620 in
863 1585 995 1621 verbiS
1018 1584 1090 1622 Od.
1113 1586 1153 1634 2,
1181 1585 1246 1634 19,
1268 1586 1331 1625 17.
1364 1591 1408 1621 tu
1426 1597 1536 1620 mare
1557 1583 1776 1621 barbarum

217 1651 392 1704 (flectis)
413 1653 723 1704 Hellespontum
741 1653 946 1704 intelligit.
963 1675 1012 1680 —
1028 1652 1188 1699 collisa,
1206 1660 1250 1690 ut
1271 1653 1515 1690 Graecorum
1528 1648 1773 1706 συγκρούειν.

215 1721 409 1774 Apposite
444 1719 614 1760 Bothius
642 1719 684 1758 h.
703 1722 733 1759 l.
756 1721 896 1759 laudat
916 1719 1081 1759 Ruhnk.
1113 1720 1164 1759 ad
1193 1723 1296 1760 Vell.
1322 1724 1410 1760 Pat.
1443 1723 1484 1770 2,
1508 1721 1598 1769 52.,
1635 1720 1776 1758 collisa

216 1791 320 1827 inter
335 1803 376 1827 se
394 1789 472 1827 duo
492 1789 736 1841 reipublicae
756 1791 917 1841 capita,
948 1791 1019 1843 qui
1050 1788 1154 1827 illud
1173 1790 1291 1828 Statii
1326 1789 1478 1844 (Theb.
1498 1791 1538 1839 6,
1564 1788 1680 1841 435.)
1713 1791 1776 1827 af-

143 1907 148 1910 *
214 1859 312 1896 fert:
343 1857 576 1896 Ambitiosa
598 1860 693 1910 pios
723 1859 877 1897 collidit
895 1859 1031 1911 gloria
1048 1859 1205 1910 fratres
1213 1873 1230 1907 ;
1260 1858 1364 1897 adde
1398 1860 1473 1898 Sil.
1495 1859 1584 1897 Ital.
1618 1859 1682 1907 11,
1706 1856 1775 1899 45.

223 1926 423 1965 Collidens
444 1927 566 1965 corda
585 1928 737 1965 seditio.
767 1930 929 1966 Petron.
949 1943 981 1966 c.
1007 1927 1073 1968 10.
1097 1927 1208 1965 mille
1231 1941 1377 1964 causae
1399 1941 1472 1964 nos
1490 1927 1665 1980 quotidie
1692 1926 1777 1964 eol-

218 1994 357 2032 lident.
380 2017 436 2024 --
460 1997 547 2032 Ηοο
574 1995 699 2045 igitur
724 2009 846 2034 sensu
876 1997 1031 2047 primus
1060 1997 1271 2048 usurpavit
1299 1996 1471 2034 verbum
1498 1996 1700 2034 Horatius.
1722 2018 1772 2023 —-

219 2061 323 2100 lento
341 2062 487 2111 duello,
511 2062 763 2101 diuturnitati
781 2064 885 2102 inest
906 2065 1018 2102 notio
1033 2066 1243 2103 molestiae
1265 2072 1304 2102 et
1322 2065 1470 2102 laboris
1485 2076 1496 2113 3
1515 2063 1599 2102 vid.
1616 2065 1773 2101 Dissen.

219 2130 271 2169 ad
294 2131 389 2169 Tib.
414 2131 452 2179 1,
473 2128 513 2179 4,
535 2131 604 2171 81.
635 2131 686 2168 cf.
715 2133 790 2183 Ep.
811 2133 851 2180 2,
869 2133 909 2180 2,
929 2133 998 2172 98.
1030 2133 1097 2171 Sic
1121 2132 1224 2171 Ovid
1247 2134 1342 2170 Met.
1375 2133 1441 2180 12,
1476 2132 1515 2172 5.
1560 2132 1776 2170 Postmodo

219 2201 293 2252 qui
320 2199 469 2253 (Paris)
498 2206 618 2250 rapta
648 2199 818 2252 longum
844 2213 936 2236 cum
960 2203 1130 2253 conjuge
1159 2201 1308 2238 bellum
1334 2199 1494 2236 Attulit
1514 2201 1557 2237 in
1573 2202 1770 2251 patriam.

217 2268 284 2307 Ad
301 2281 386 2306 rem
406 2266 480 2306 Od.
502 2268 539 2315 1,
564 2267 630 2316 15,
653 2268 691 2307 6.
725 2268 900 2305 Graecia
918 2290 975 2295 —
1001 2269 1220 2316 conjurata
1245 2276 1336 2305 tuas
1355 2282 1538 2318 rumpere
1558 2271 1721 2320 nuptias
1741 2276 1779 2306 et

218 2350 390 2390 regnum
420 2337 580 2373 Priami
603 2343 743 2384 νεῖμε,-
773 2337 883 2388 Vir-g.
909 2338 1011 2374 Aen.
1044 2337 1111 2387 10,
1139 2339 1207 2379 90.
1274 2337 1387 2387 Quae
1404 2337 1657 2388 causafizd,
1680 2351 1775 2375 con-

217 2420 380 2458 surgere
402 2406 447 2442 in
472 2418 589 2442 arma
618 2405 904 2457 Europamque
931 2405 1187 2457 Asiamque?
1206 2429 1262 2435 -
1285 2406 1504 2457 Doeringio
1535 2413 1574 2443 et
1599 2407 1774 2445 Baxtero

219 2473 287 2512 hic
310 2487 449 2512 versus
481 2481 520 2511 et
548 2487 674 2527 quum
707 2474 757 2512 ob
786 2474 1033 2513 locutionem
1059 2474 1223 2521 collidi,
1252 2482 1340 2512 tum
1363 2474 1413 2513 ob
1434 2475 1607 2526 priscam
1634 2488 1775 2513 vocem

221 2542 401 2580 duellum
423 2541 591 2594 prodere
618 2541 779 2580 videtur
799 2543 992 2581 Ennium.
1050 2544 1104 2581 At
1127 2542 1231 2581 hanc
1261 2545 1459 2581 rationem
1481 2557 1561 2582 non
1590 2544 1774 2583 sufficere

219 2612 303 2663 jam
324 2610 424 2648 olim
440 2609 568 2649 docui.

335 2679 383 2716 V.
409 2677 449 2717 8.
494 2678 717 2717 Stultorum
739 2703 796 2710 ——
828 2689 976 2719 aestus.
1026 2680 1151 2718 Stulti
1188 2680 1374 2718 dicuntur
1412 2694 1522 2732 reges
1550 2681 1774 2734 populique

223 2752 434 2798 propterea
461 2746 582 2799 quod,
617 2761 847 2802 quanquam
879 2758 1007 2788 cetera
1034 2751 1136 2787 bene
1165 2751 1275 2798 sani,
1311 2750 1675 2801 perturbationibus
1708 2753 1775 2789 vel

222 2816 377 2853 incitati
414 2817 480 2853 vel
510 2822 660 2854 temere
691 2819 1064 2872 inconsiderateque
1103 2825 1283 2870 egerunt.
1343 2818 1410 2856 Sic
1435 2819 1563 2870 Epist.
1599 2820 1662 2868 16,
1703 2818 1772 2860 24.

229 2884 451 2944 §stultorum
470 2885 656 2922 incurata
670 2887 804 2936 pudor
831 2888 964 2926 malus
984 2887 1120 2925 ulcera
1142 2887 1257 2923 celat.
1319 2886 1381 2924 cf.
1406 2885 1630 2925 Weichert.
1659 2890 1771 2927 Po'et.

225 2952 295 2990 lat.
321 2954 407 2992 Rel.
436 2967 476 3006 p.
510 2951 605 2994 452.
634 2954 852 3006 Epitheton
877 2956 980 2995 illud
1010 2957 1111 2994 bene
1138 2957 1359 2994 illustratur
1392 2955 1545 3008 adjecto
1576 2957 1771 2996 vocabulo
