2028 3268
426 229 509 272 344

492 355 587 401 Nec
621 369 812 400 somnum
838 355 971 413 plebis
1004 357 1134 400 laudo
1169 361 1288 402 satur
1322 358 1521 419 altilium,
1555 373 1635 405 nec

999 233 1373 275 HORATII

1878 242 1928 283 72

1886 362 1938 405 35

496 435 595 479 Otia
625 434 775 477 divitiis
809 433 999 478 Arabum
1031 435 1245 479 liberrima
1277 437 1413 479 muto·

494 510 640 569 Saepe
673 512 962 557 verecundum
993 511 1203 572 laudasti,
1238 525 1399 571 rexque
1433 515 1638 571 paterque

494 589 661 633 Audisti
696 603 862 649 coram,
898 604 978 634 nec
1009 590 1139 634 verbo
1174 592 1343 648 parcius
1378 591 1554 635 absens:

494 668 689 725 Inspice,
727 668 762 709 si
796 681 968 724 possum
999 668 1155 712 donata
1188 681 1397 726 reponere
1429 670 1588 712 laetus.

494 743 626 788 Haud
658 746 770 789 male
804 745 1088 789 Telemachus
1122 746 1266 803 proles
1299 747 1495 804 patientis
1530 725 1694 791 Ulixei}

1888 749 1943 790 40

495 823 638 882 „Non
668 824 733 866 est
762 824 887 880 aptus
921 825 1038 880 equis
1069 823 1215 867 Ithace
1247 823 1394 883 locus,
1429 825 1477 867 ut
1508 837 1646 882 neque
1678 824 1815 884 planis

496 901 726 946 Porrectus
762 902 908 958 spatiis
940 915 1020 944 nec
1052 902 1212 945 multae
1245 902 1454 962 prodigus
1487 902 1671 961 herbae3

431 1013 664 1058 compellandi
699 1012 967 1058 intelligendum
1008 1017 1164 1047 censeat.

432 1070 505 1103 Sed
531 1070 622 1102 conf.
640 1069 801 1103 Hoched.
816 1070 1038 1114 complectar.
1071 1069 1165 1105 Edd.

430 1126 513 1159 Bas.
534 1124 614 1159 531.
649 1125 773 1158 Colon.
788 1122 867 1158 541.

487 1181 530 1214 V.
557 1179 614 1214 35.
661 1180 743 1214 Non
767 1191 877 1214 somn.
918 1179 988 1214 Ms.
1020 1180 1167 1214 Santen.

430 1248 605 1280 somnam,
626 1236 732 1269 laudo
747 1235 880 1281 populi.
929 1236 997 1268 Ms.
1018 1236 1115 1269 Mon.
1135 1248 1166 1270 e.

430 1293 634 1326 scombrum.
663 1291 766 1336 Conj.
781 1293 813 1325 J.
838 1291 1011 1335 Clericus,
1038 1292 1098 1336 qui
1113 1292 1170 1337 pi-

432 1348 503 1381 scis
512 1347 593 1381 vilis
605 1347 715 1391 pretii
723 1347 844 1381 melius
855 1352 1053 1392 opponatur
1063 1347 1169 1381 lautis

432 1404 536 1446 cibis,
559 1415 659 1448 quam
673 1415 813 1437 somnus
825 1404 849 1436 i.
866 1415 896 1436 e.
913 1403 1099 1437 securitas.
1117 1423 1164 1430 —-

428 1459 538 1505 plebis
550 1460 652 1493 lauta
665 1465 803 1493 satura.
831 1459 900 1493 Ed.
920 1459 1086 1493 Praedic.
1116 1478 1165 1485 —-

434 1515 600 1557 altilium,
624 1521 674 1549 ut.
720 1515 789 1549 Ms.
814 1516 868 1549 Ik.
893 1513 926 1549 5.
959 1535 1008 1541 -—-
1043 1516 1083 1548 V.
1110 1515 1168 1550 36.

431 1571 543 1604 mitto.
573 1570 643 1604 Ms.
658 1571 746 1606 Bad.
763 1573 795 1604 1.
824 1571 892 1604 Fe.
910 1572 942 1615 1,
958 1583 988 1604 a.
1004 1572 1044 1615 (a
1060 1573 1092 1605 1.
1107 1571 1170 1614 m.)

437 1627 585 1659 Sauten.
607 1644 656 1651 —-
679 1627 722 1659 V.
741 1626 799 1660 37.
828 1639 890 1660 rex
902 1633 1073 1670 paterque
1089 1638 1171 1659 con-

431 1686 491 1714 tra
510 1684 656 1714 metrum
675 1692 737 1716 ms.
772 1681 869 1715 Mon.
889 1682 924 1714 b.
960 1683 1063 1715 Hunc
1076 1693 1170 1714 vers.

434 1741 472 1770 et.
490 1736 546 1770 38.
562 1736 619 1770 39.
644 1737 740 1770 delet
761 1738 935 1781 Guyetus.
971 1756 1019 1763 —-
1055 1737 1098 1771 V.
1113 1737 1169 1770 38.

434 1791 560 1826 Audivi
576 1803 714 1836 coram,
737 1803 813 1825 nec.
843 1793 911 1827 Ed.
927 1792 1089 1826 Praedic.
1115 1811 1170 1818 —-

434 1858 544 1890 neque
561 1848 676 1881 verbo.
714 1847 809 1881 Edd.
833 1848 922 1882 Cun.
945 1849 1030 1882 San.
1052 1848 1169 1882 Merv.

435 1904 567 1937 Franc.
602 1903 752 1947 Dorigh.
795 1921 843 1929 —-
886 1904 994 1936 laudo
1015 1904 1170 1947 parciaS.

436 1959 506 1993 ΜΒ.
528 1969 586 1991 un.
606 1958 686 1991 Val.
712 1958 825 2003 (quod
846 1958 880 1992 ei
898 1958 1172 2003 nonvdisplicet)

437 2014 558 2047 Guelf.
573 2013 608 2047 3.
639 2014 753 2048 Dorv.
770 2016 803 2049 2.
829 2033 877 2040 --
900 2013 945 2047 V.
958 2013 1015 2047 39.
1033 2014 1172 2058 possim.

437 2070 526 2105 Mss.
547 2069 670 2103 Jaeck.
696 2068 730 2104 5.
751 2070 786 2104 6.
827 2069 888 2103 Sic
914 2069 1112 2103 Weichert.
1137 2069 1174 2102 in

437 2126 579 2159 Prolus.
611 2125 712 2169 prim.
744 2136 782 2169 p.
805 2126 861 2160 22.
891 2125 1027 2159 indicta
1056 2136 1172 2159 causa.

437 2193 583 2226 possem.
607 2181 703 2214 Edd.
715 2181 815 2225 Lips.
827 2180 907 2215 513.
921 2182 977 2215 16.
991 2201 1039 2207 —--
1058 2182 1103 2215 V.
1115 2178 1173 2214 40.

438 2236 536 2270 Haut
551 2237 653 2271 male.
684 2237 773 2270 Mss.
791 2237 904 2271 Orell.
921 2238 987 2271 bs.
1003 2237 1123 2270 Berol.
1139 2237 1174 2269 1.

439 2293 543 2336 Lips.
565 2294 598 2327 2.
637 2294 694 2326 At.
730 2293 799 2326 Ms.
823 2295 957 2327 Graev.
980 2305 1000 2326 a
1020 2294 1053 2328 2.
1074 2304 1118 2327 m.
1139 2292 1177 2325 in

439 2347 563 2382 textis.
592 2348 673 2382 Aut.
701 2348 771 2381 Ms.
787 2349 888 2393 Lips.
906 2350 939 2382 1.
968 2349 1067 2382 Mon.
1080 2361 1111 2383 e.
1125 2367 1172 2373 —

440 2403 620 2448 sapientis.
653 2403 742 2437 Mss.
766 2415 824 2448 ap.
850 2405 961 2438 Fabr.
985 2404 1092 2439 Talb.
1116 2415 1176 2437 un.

442 2460 566 2493 Comb.
590 2459 633 2492 C.
662 2459 728 2492 Fe.
750 2461 792 2503 6,
822 2471 852 2494 a.
883 2461 931 2503 (a
950 2462 982 2495 2.
1004 2460 1076 2503 m.)
1116 2459 1178 2492 Sic

443 2516 620 2559 coujecer.
648 2515 849 2549 Markland.
878 2516 915 2550 in
943 2516 1063 2560 Epist.
1090 2514 1172 2548 crit.

443 2583 479 2615 p.
499 2571 577 2604 133.
595 2574 632 2604 et
648 2572 692 2604 ad
705 2571 849 2606 Maxim.
868 2573 961 2616 Tyr.
977 2572 1026 2605 II.
1042 2583 1078 2616 p.
1096 2570 1176 2604 133.

442 2626 581 2660 Valart.
591 2626 629 2659 in
638 2627 794 2661 Praefat.
805 2640 841 2672 p.
855 2628 957 2670 XIII,
970 2627 1084 2660 edidit
1092 2627 1178 2660 Wa-

444 2682 517 2716 kes.
566 2683 679 2716 Recte
706 2685 864 2717 refutant.
883 2683 1110 2717 Eichstadius
1133 2682 1179 2715 ad

445 2749 515 2771 van
536 2738 690 2773 Ommer.
717 2751 753 2784 p.
779 2741 859 2774 221.
882 2743 919 2773 et
938 2739 1108 2773 Groebel.
1133 2737 1178 2771 ad

445 2793 482 2827 h.
499 2793 522 2826 l.
539 2812 587 2818 -
610 2794 731 2828 Ulixei.
761 2795 850 2830 Mss.
869 2795 982 2829 Orell.
999 2796 1099 2838 bSc.‚
1115 2793 1179 2827 sed

446 2850 469 2882 b
489 2848 590 2882 Ulixi
607 2860 786 2894 superscr.
802 2864 831 2885 e.
866 2851 984 2884 Guelf.
1005 2851 1040 2885 3.
1072 2851 1177 2884 Dess.

449 2906 483 2939 1.
501 2906 534 2940 2.
563 2905 683 2938 Berol.
701 2907 734 2940 1.
751 2908 783 2942 2.
805 2907 906 2952 Lips.
923 2908 957 2942 1.
975 2908 1008 2942 2.
1024 2907 1059 2941 3.
1079 2906 1178 2941 Mon.

1209 1014 1237 1048 f.
1260 1015 1394 1048 Graev.
1414 1015 1578 1050 Rudolst.
1599 1015 1694 1050 Edd.
1708 1016 1828 1050 Bentl.
1847 1017 1943 1050 Pott.

1211 1068 1317 1104 Both.
1348 1070 1439 1104 zell.
1471 1072 1577 1105 Web.
1600 1071 1733 1116 Charp.
1754 1072 1866 1106 Orell.
1890 1091 1938 1098 —·

1217 1124 1319 1159 Ulixi.
1357 1126 1469 1160 Orell.
1486 1127 1523 1160 b.
1544 1126 1626 1172 (sed
1640 1138 1733 1162 corr.
1754 1128 1803 1172 ei)
1823 1127 1943 1162 Guelf.

1211 1177 1247 1214 4.
1300 1181 1396 1215 Edd.
1424 1186 1464 1215 ut
1489 1183 1532 1225 6,
1553 1182 1624 1220 ‚63.
1655 1185 1800 1228 praeter
1831 1183 1943 1217 Orell.

1219 1235 1330 1279 Ulyxi.
1362 1237 1433 1271 Ms.
1463 1238 1566 1272 Gott.
1601 1238 1634 1271 1.
1663 1238 1778 1272 Dorv.
1809 1239 1840 1272 1.
1874 1238 1944 1273 Ed.

1213 1292 1370 1326 Brauuh.
1386 1298 1427 1325 ut
1441 1303 1547 1339 supra
1561 1294 1595 1336 6,
1610 1293 1668 1328 63.
1702 1293 1823 1328 Ulixis.
1856 1294 1948 1328 Mss.

1214 1347 1269 1381 Ik.
1298 1344 1333 1381 4.
1362 1346 1396 1382 5.
1427 1349 1461 1383 6.
1504 1348 1623 1383 Guelf.
1644 1350 1677 1383 1.
1704 1351 1737 1385 2.
1777 1350 1887 1384 Dorv.
1913 1351 1948 1386 2.

1214 1403 1312 1437 Mon.
1334 1415 1364 1437 c.
1390 1403 1518 1447 Ulyssei
1531 1408 1569 1438 et
1587 1416 1668 1439 mss.
1687 1408 1725 1439 et
1739 1405 1820 1439 edd.
1834 1404 1946 1450 vulg„

1216 1459 1280 1493 sed
1299 1459 1372 1492 vid.
1391 1462 1511 1493 annot.
1533 1461 1579 1495 ad
1596 1462 1638 1504 6,
1659 1461 1718 1497 63.

1271 1515 1316 1548 V.
1345 1512 1403 1550 41.
1449 1516 1549 1561 aptis.
1592 1516 1662 1550 Ms.
1688 1517 1794 1550 Dess.
1825 1517 1858 1551 2.
1896 1534 1945 1542 --

1216 1571 1346 1606 Ithace.
1373 1571 1463 1605 Mss.
1488 1571 1631 1617 pleriq„
1653 1583 1698 1606 ex
1725 1582 1870 1618 quorum
1891 1573 1949 1605 ta·-

1215 1637 1293 1659 men
1319 1637 1491 1660 consensu
1519 1627 1610 1661 certi
1637 1627 1723 1672 quid
1750 1626 1859 1661 statui
1877 1637 1948 1660 non

1215 1685 1350 1726 potest,
1366 1693 1469 1726 quum
1481 1681 1589 1716 litera
1603 1695 1621 1717 e
1634 1694 1700 1728 pro
1717 1682 1808 1717 acin
1821 1681 1949 1727 pleris-

1217 1747 1284 1780 que
1299 1737 1488 1771 scribatur.
1517 1739 1612 1772 Edd.
1626 1739 1735 1772 Fabr.
1752 1738 1842 1772 duae
1854 1740 1951 1772 teste

1216 1792 1368 1837 Cuning.
1389 1793 1502 1826 Pulm.
1523 1792 1602 1828 581.
1639 1794 1757 1828 Bentl.
1779 1794 1858 1839 (qui
1872 1793 1950 1826 vin-

1215 1847 1342 1891 dicat),
1358 1859 1458 1892 quem
1473 1860 1548 1894 seq.
1560 1849 1698 1894 plurim.
1711 1849 1815 1883 etiam
1827 1849 1950 1883 Comb.

1215 1902 1282 1936 Fe.
1299 1904 1397 1937 Pott.
1414 1904 1526 1937 Orell.
1560 1906 1712 1940 Ithacae.
1741 1905 1831 1939 Mss.
1851 1905 1950 1938 Pott.

1216 1958 1305 2003 alqt.
1331 1959 1431 1994 Ik.1.
1462 1959 1641 1994 Orell.bc.
1670 1961 1818 1995 Dess.1.
1848 1961 1951 1994 Gott.

1220 2015 1253 2047 1.
1276 2015 1309 2049 2.
1333 2018 1389 2058 et,
1417 2017 1458 2047 ut
1477 2015 1662 2060 videntur,
1686 2017 1820 2050 Graev.
1838 2015 1950 2051 Dorv.

1221 2071 1255 2103 1.
1285 2071 1318 2105 2.
1373 2070 1518 2106 Corbei.
1553 2072 1644 2106 Cod.
1676 2071 1825 2106 Mentel.
1856 2071 1951 2106 Edd.

1218 2128 1312 2159 vett.
1331 2125 1453 2159 Lamb.
1469 2127 1577 2173 Cruq.
1593 2127 1678 2172 Xyl.
1694 2128 1802 2162 Torr.
1816 2127 1952 2161 Bersm.

1221 2181 1264 2215 al.
1280 2182 1392 2225 mult„
1409 2193 1428 2215 e
1442 2186 1595 2218 recentt.
1625 2183 1745 2216 Maitt.
1766 2184 1851 2218 San.
1873 2183 1954 2228 (qui

1221 2237 1311 2280 def.)
1334 2238 1449 2271 Merv.
1468 2240 1547 2273 Jon.
1565 2238 1698 2273 Sandb.
1711 2239 1804 2273 Phil.
1820 2239 1951 2274 Franc.

1221 2293 1329 2327 Bask.
1362 2293 1470 2328 Wiel.
1507 2294 1656 2340 Dorigh.
1690 2295 1839 2329 Haberf.
1872 2294 1953 2339 (qui

1223 2348 1314 2392 def.)
1343 2350 1453 2384 Daru.
1481 2350 1603 2394 Camp.
1624 2350 1756 2395 Charp.
1795 2350 1843 2384 At
1869 2350 1953 2383 vide

1222 2408 1341 2438 annot.
1369 2405 1407 2438 in
1436 2405 1605 2439 Schmidii
1632 2405 1688 2439 ed.
1711 2408 1748 2439 et
1767 2407 1812 2440 cf.
1835 2402 1969 2439 ΟιᾟΙΙ.Ι

1224 2479 1272 2487 --
1308 2460 1430 2504 plenis.
1473 2461 1544 2495 Ms.
1573 2460 1693 2494 Berol.
1718 2463 1750 2496 2.
1787 2461 1952 2495 Rudolst.

1221 2514 1315 2548 Edd.
1346 2516 1435 2550 Ven.
1461 2513 1543 2551 479.
1565 2517 1624 2551 83.
1651 2517 1708 2551 86.
1732 2517 1791 2551 90.
1811 2517 1869 2552 92.
1894 2517 1952 2551 98.

1222 2571 1310 2614 (non
1339 2572 1396 2605 81.
1424 2575 1462 2605 et.
1483 2571 1582 2615 520.)
1605 2572 1706 2606 Flor.
1731 2569 1813 2607 482.
1841 2572 1952 2606 Loch.

1221 2623 1302 2661 498.
1343 2627 1446 2671 Lips.
1476 2624 1556 2662 492.
1577 2629 1634 2662 98.
1662 2628 1765 2673 reliq.
1790 2628 1953 2672 (praeter

1223 2682 1278 2715 ed.
1293 2679 1392 2724 519.)
1420 2683 1502 2717 Asc.
1523 2683 1603 2718 519.
1634 2684 1758 2717 Colon.
1774 2682 1854 2718 510.
1882 2683 1952 2716 Er-

1221 2738 1308 2771 furt.
1332 2736 1411 2773 517.
1445 2739 1502 2773 Ita
1518 2740 1612 2784 plen.
1637 2742 1675 2772 et
1685 2740 1786 2786 plan.
1805 2749 1953 2772 commu-

1222 2796 1343 2827 tantur
1364 2795 1383 2829 2
1396 2820 1405 2837 ‚
1428 2790 1464 2828 4.

1277 2849 1321 2882 V.
1335 2846 1392 2883 42.
1410 2861 1475 2883 nec
1487 2850 1585 2883 mult.
1605 2849 1693 2884 Mss.
1705 2851 1745 2883 ut
1757 2849 1831 2883 vid.
1843 2849 1951 2894 Cruq.

1223 2908 1261 2939 et
1285 2905 1393 2939 Torr.
1412 2917 1502 2940 omn.
1524 2906 1660 2940 Bersm.
1684 2904 1804 2951 quinq.
1826 2904 1952 2939 Oberl.
