2028 3268
373 225 456 269 316
513 226 883 267 COMMENTARII
912 227 967 265 IN
995 225 1214 266 HORATII
1240 227 1338 266 LIB.
1360 228 1391 267 Ι.
1410 227 1570 268 EPIST.
1592 228 1741 270 SEXT.
1823 228 1879 272 44

369 365 594 403 componere
622 351 733 398 solet,
761 350 838 386 vid.
867 352 994 386 annot.
1027 350 1076 385 ad
1103 349 1226 399 Epist.
1260 351 1298 398 1,
1330 352 1368 399 1,
1397 350 1464 390 37.
1496 355 1536 401 2,
1564 353 1634 393 38.
1663 351 1733 391 39.
1763 355 1803 390 et
1828 353 1877 390 cf.

369 421 450 457 Cic.
489 419 605 456 Tusc.
634 418 674 465 3,
706 417 747 464 3,
776 417 815 454 6.
873 414 925 452 At
955 421 1116 465 quantus
1146 419 1183 454 in
1214 417 1398 455 sententia
1430 418 1560 456 horum
1587 432 1757 458 versuum
1789 431 1880 458 eno-

368 487 493 524 danda
522 484 733 522 dissensus!
780 480 843 518 Ad
870 486 1037 520 nostram
1066 483 1348 532 explicationem
1374 485 1528 534 propius
1556 489 1736 525 accedunt
1779 487 1880 524 Om-

368 554 485 604 quius
514 555 553 588 et
573 550 774 586 Gesneras.
831 547 892 586 De
921 549 1079 586 formula
1107 550 1230 598 aliqua
1257 551 1514 588 constituenda
1546 552 1764 589 Torrentius
1785 565 1880 601 quo-

369 633 441 670 que
470 619 650 667 disputat,
679 615 748 652 sed
776 615 881 653 addit
908 620 1058 653 rectene
1088 616 1236 654 dubito:
1284 616 1417 665 „Bene
1436 617 1547 666 igitur
1563 617 1740 656 Horatius
1767 617 1881 656 finem

367 700 414 724 ac
441 683 638 723 formulam
665 682 826 732 aliquam
854 683 1029 720 constitui
1058 688 1233 734 oportere
1262 683 1517 733 demonstrat,
1564 688 1613 723 ad
1644 697 1753 735 quam
1780 686 1881 722 viva-

367 765 449 793 mus
478 755 516 788 et
541 750 774 800 propositum
800 761 1017 799 urgeamus:
1045 749 1195 787 tametsi
1221 762 1296 786 non
1321 754 1398 786 tam
1427 750 1564 800 virtuti,
1593 764 1704 801 quam
1722 751 1884 788 cuicum-

369 832 441 870 que
478 817 659 867 voluptati
691 816 958 866 indulgendum
996 816 1065 864 sit,
1117 829 1165 853 ne
1206 815 1373 854 dolorem
1413 818 1637 864 sentiamus3
1686 819 1797 868 idque
1838 829 1884 855 ex

370 886 557 924 sententia
574 883 750 933 Epicuri,
777 884 839 933 qui
862 887 989 921 tamen
1012 884 1091 920 sine
1113 884 1248 921 virtute
1266 885 1429 933 jucunde
1453 898 1568 935 posse
1586 885 1658 922 vivi
1676 883 1886 934 negabat.“

370 953 429 991 Ita
453 953 508 990 vir
531 951 591 989 ille
616 964 692 988 non
717 951 946 1000 scripsisset,
974 951 1006 987 si
1031 951 1078 987 de
1103 962 1245 987 summa
1270 949 1461 1000 Epistolae
1486 952 1511 988 i.
1539 964 1573 989 e.
1600 952 1648 989 de
1673 951 1885 988 definiendo

371 1034 516 1058 summo
540 1019 639 1056 bono
661 1023 764 1055 recte
791 1017 987 1054 sensisset.
1051 1016 1249 1062 Orellias,
1272 1021 1314 1054 ut
1341 1017 1433 1054 alios
1459 1019 1647 1068 omittam,
1683 1019 1782 1056 haud
1806 1020 1886 1056 scio

370 1101 419 1125 an
452 1087 617 1137 argutius
643 1086 776 1121 mortis
811 1084 1151 1121 commemorationi
1185 1088 1360 1122 annectat
1384 1085 1543 1122 vivendi
1570 1086 1683 1122 finem
1711 1085 1885 1134 aliquem,

371 1168 482 1205 quem
508 1153 640 1203 singuli
664 1151 841 1190 mortales
864 1150 934 1187 sibi
958 1151 1186 1188 constituant
1209 1163 1365 1188 necesse
1389 1153 1450 1189 sit.
1514 1151 1742 1189 Groehelius
1764 1156 1887 1189 autem

373 1221 641 1260 sententiarum
666 1219 832 1256 ordinem
855 1218 1049 1254 constituit
1075 1217 1191 1254 hunc:
1235 1217 1369 1266 „Haec
1391 1220 1502 1256 animi
1531 1219 1704 1268 affectio,
1747 1219 1794 1256 de
1814 1230 1888 1268 qua
1917 1211 1920 1216 ¹

372 1291 516 1339 agitur,
540 1301 658 1337 aeque
682 1299 751 1336 pro
774 1285 904 1322 morbo
928 1284 1098 1321 habenda
1123 1288 1203 1333 est,
1238 1297 1282 1322 ac
1307 1285 1338 1322 si
1367 1287 1449 1335 quis
1477 1286 1643 1337 corporis
1669 1285 1792 1335 aliquo
1819 1285 1888 1321 do-

373 1355 455 1393 lore
480 1355 638 1392 affectus
668 1354 729 1390 sit.
787 1352 870 1388 Jam
892 1352 1223 1401 quemadmodum,
1249 1353 1312 1402 qui
1337 1357 1530 1402 aegrotat,
1555 1351 1686 1391 morbo
1711 1365 1752 1389 se
1781 1351 1888 1389 labo-

374 1436 458 1460 rare
484 1423 630 1470 studet,
665 1421 810 1458 medico
833 1419 999 1456 adhibito
1025 1423 1064 1457 et
1085 1418 1291 1467 medicina,
1331 1421 1384 1457 ita
1405 1433 1509 1469 eum,
1550 1420 1613 1470 qui
1634 1419 1755 1456 animo
1776 1429 1889 1455 sanus

377 1503 462 1528 esse
487 1493 599 1538 atque
622 1488 754 1525 beatus
777 1488 901 1524 vivere
924 1487 1039 1536 cupit,
1062 1487 1240 1523 virtutem
1268 1487 1372 1536 sequi
1397 1491 1562 1537 oportet,
1587 1498 1681 1536 quae
1705 1486 1743 1523 in
1767 1498 1890 1523 rerum

374 1557 639 1604 humanarum,
677 1569 833 1605 quarum
870 1554 1066 1591 admiratio
1102 1557 1141 1590 et
1166 1553 1347 1602 cupiditas
1372 1553 1541 1591 homines
1568 1553 1726 1590 miseros
1750 1551 1888 1600 reddit,

376 1623 620 1673 despicientia
644 1621 848 1659 cernitur.“
903 1619 956 1657 At
983 1619 1029 1655 de
1054 1618 1239 1668 prioribus
1264 1631 1323 1656 vv.
1351 1620 1522 1670 equidem
1541 1619 1638 1656 facio
1664 1632 1746 1656 cum
1774 1617 1890 1656 We-

375 1689 510 1727 Zandio
540 1694 578 1726 et
607 1687 831 1739 Brieglebio
844 1715 858 1732 ,
900 1686 962 1735 qui
997 1689 1099 1721 recte
1134 1690 1351 1733 comparant
1391 1687 1492 1735 quod
1521 1686 1648 1723 dicunt
1679 1689 1888 1722 nostrates:

374 1756 495 1806 „Wer
519 1756 591 1793 den
615 1755 753 1792 Zweck
775 1753 861 1802 will,
886 1764 986 1790 muss
1007 1750 1102 1787 auch
1124 1750 1184 1786 die
1208 1750 1333 1788 Mittel
1355 1751 1533 1788 wollen.“
1555 1774 1612 1780 -
1632 1751 1675 1788 V.
1704 1753 1770 1793 28.
1815 1751 1890 1789 Per

375 1823 481 1860 latas
508 1826 546 1859 et
569 1833 678 1858 renes
700 1827 823 1859 autem
849 1819 1077 1869 significatur
1099 1821 1295 1869 πλευρῖτις
1319 1823 1357 1856 et
1382 1821 1568 1869 νεφρῖτις,
1593 1819 1639 1855 de
1661 1818 1792 1868 quibus
1813 1819 1888 1856 vid.

376 1889 479 1926 Cels.
510 1887 560 1937 4,
596 1889 634 1927 6.
663 1894 701 1927 et
725 1889 773 1937 4,
814 1887 877 1928 10.
903 1886 959 1923 cui
986 1885 1097 1923 etiam
1121 1880 1364 1935 πλευριτικὸς
1390 1891 1530 1920 acutas
1559 1883 1716 1922 morbus
1740 1887 1888 1923 dicitur.

373 1955 411 1994 Is
435 1959 516 2004 est,
543 1959 586 1991 ut
606 1955 659 1991 ait
676 1957 775 1994 idem
798 1956 848 2004 3,
881 1956 944 2003 1.,
970 1953 1041 2003 qai
1063 1953 1137 1987 cito
1159 1950 1224 1987 vel
1245 1952 1347 1988 tollit
1367 1951 1562 1988 hominem
1574 1978 1591 1996 ,
1619 1951 1685 1988 vel
1704 1953 1786 2002 ipse
1813 1952 1888 1988 cito

364 2023 516 2070 finitur
547 2022 606 2058 vel
641 2022 692 2071 3,
743 2025 782 2063 2.
813 2019 883 2056 nbi
911 2020 994 2057 sine
1026 2018 1374 2058 intermissionibus
1409 2019 1643 2054 accessiones
1677 2024 1713 2054 et
1742 2017 1892 2055 dolores

371 2103 516 2140 graves
544 2094 692 2138 urgent.
718 2107 772 2115 —-
798 2092 1015 2133 tentantur,
1039 2093 1080 2126 ut
1102 2089 1234 2125 Senec.
1256 2087 1379 2136 Epist.
1408 2085 1504 2124 107.
1528 2085 1770 2135 intemperies
1794 2084 1893 2122 coeli

375 2156 642 2193 valetudinem
668 2160 803 2190 tentat.
862 2153 1024 2192 Verbum
1055 2155 1127 2192 hoc
1154 2155 1337 2192 medicum
1362 2150 1420 2202 (ut
1444 2146 1719 2203 πειράζεσθαι,
1762 2151 1888 2188 Kiihn.

375 2223 455 2260 Ind.
482 2224 542 2259 ad.
568 2221 711 2259 Aelian.
738 2221 786 2257 V.
811 2220 878 2271 H.)
908 2221 1074 2270 pluribus
1110 2221 1270 2258 illustrat
1303 2218 1542 2255 Schmidias.
1598 2216 1795 2254 Horatium
1825 2230 1891 2255 ex·-

374 2291 515 2340 pressit
544 2290 676 2327 Seren.
702 2288 919 2325 Samonicus
941 2288 1036 2329 392.
1099 2288 1147 2324 Si
1172 2287 1277 2323 latus
1300 2287 1537 2322 immeritum
1560 2284 1692 2322 morbo
1719 2290 1892 2320 tentatur

375 2364 504 2394 acuto.
566 2356 623 2393 Id.
653 2355 720 2396 92.
784 2355 913 2390 Portio
936 2356 973 2391 si
993 2356 1133 2403 capitis
1155 2352 1287 2390 morbo
1310 2359 1474 2388 tentetur
1491 2358 1620 2388 acuto.

486 2421 531 2459 V.
565 2421 632 2463 29.
705 2421 856 2469 Quaere
881 2421 979 2470 flag.
1015 2419 1150 2457 morbi.
1215 2419 1325 2456 Hunc
1359 2419 1622 2467 Imperativum
1662 2416 1890 2454 Groebelius

375 2494 482 2526 acute
507 2501 551 2525 ex
575 2489 607 2525 vi
631 2501 714 2525 voc.
741 2494 856 2523 acuto
879 2487 1137 2537 explicandum
1159 2487 1344 2536 opinatur,
1370 2486 1423 2522 ita
1442 2489 1482 2522 ut
1505 2485 1567 2521 ille
1589 2485 1741 2534 egregie
1765 2484 1890 2523 valeat

375 2556 424 2590 ad
448 2554 603 2604 periculi
629 2554 919 2604 magnitudinem
940 2553 1227 2604 exprimendam.
1285 2550 1336 2588 At
1359 2551 1483 2600 potius
1504 2551 1670 2600 dixerim,
1693 2550 1888 2589 Horatium

375 2621 413 2657 in
444 2621 578 2658 talibus
619 2621 724 2670 sequi
756 2621 967 2658 Stoicorum
998 2619 1144 2656 minutis
1175 2617 1377 2655 enunciatis
1407 2617 1659 2666 praecipiendi
1692 2619 1886 2655 rationem.

376 2686 504 2723 Simile
534 2687 622 2736 quid
644 2688 690 2724 de
720 2700 848 2724 eorum
876 2685 1235 2736 interrogatiunculis
1261 2683 1472 2721 observavit
1495 2685 1709 2735 Heindorfi
1739 2685 1787 2722 ad
1806 2685 1887 2722 Sat.

379 2756 416 2794 2.
440 2754 481 2801 3,
507 2753 575 2791 97.
597 2776 653 2782 —
681 2754 808 2791 Verba
829 2754 889 2790 vis
909 2760 1009 2798 reete
1034 2753 1160 2789 vivere
1187 2751 1441 2788 Welandms
1462 2754 1563 2787 recte
1588 2751 1764 2801 explicat:
1808 2750 1887 2798 „du

376 2820 562 2857 mochtest
584 2821 766 2869 gliicklich
791 2820 920 2869 leben,
934 2820 962 2843 ⁶⁶
990 2830 1198 2869 quanquam
1219 2819 1266 2854 de
1288 2818 1358 2855 hac
1382 2819 1649 2868 significatione
1673 2817 1817 2855 dubitat
1838 2816 1886 2852 ad

375 2887 496 2938 Epist.
521 2889 560 2936 2,
585 2888 624 2936 2,
647 2887 739 2929 213.
799 2887 850 2924 At
869 2899 912 2924 ea
931 2891 989 2924 est
1008 2899 1051 2924 ex
1071 2884 1216 2936 placitis
1233 2884 1553 2935 philosophorum,
1573 2884 1634 2934 qui
1653 2895 1727 2921 non
1743 2888 1890 2933 patant
