2028 3268
362 255 443 297 118

928 259 1312 298 HORATII

1820 265 1871 308 12

426 371 624 417 Intendes
658 373 840 415 animum
871 371 1018 417 studiis
1053 377 1096 418 et
1128 373 1253 417 rebus
1281 373 1488 435 honestis,

426 451 589 496 Invidia
621 450 693 494 vel
722 463 868 497 amore
899 452 1006 511 vigil
1034 453 1296 509 torquebere.

1364 451 1476 499 Nam
1504 467 1594 514 cur,

427 528 550 584 Quae
581 527 756 573 laedunt
785 528 972 589 oculum,
1006 528 1184 574 festinas
1223 530 1426 590 demere3
1460 533 1498 575 si
1531 531 1627 590 quid

427 607 512 655 Est
540 607 745 666 animum,
791 605 933 650 differs
966 607 1138 652 curandi
1171 613 1335 668 tempus
1369 611 1413 654 in
1445 608 1632 655 annum?

425 685 651 730 Dimidium
684 683 810 746 facti,
855 684 923 743 qui
958 687 1121 746 coepit,
1158 686 1309 734 habeta
1360 702 1513 748 sapere
1546 686 1686 733 aude!

361 858 405 891 V.
434 857 490 892 36.
538 856 721 890 Intendas.
767 855 854 890 Mss.
870 855 937 891 Fe.
956 858 989 902 1,
1006 857 1042 892 k.
1059 870 1091 893 r.

359 915 394 957 7,
412 925 444 947 a.
476 913 641 947 intendis.
674 914 743 947 Ms.
761 912 879 946 Guelf.
895 915 932 947 2.
947 913 1045 958 Lips.
1058 915 1090 948 1.

359 969 558 1004 intendens.
590 970 658 1003 Ms.
674 970 775 1004 Dess.
795 970 826 1003 1.
856 969 956 1014 Lips.
972 972 1007 1004 2.
1037 971 1093 1004 in-

358 1027 495 1060 cendes·
541 1026 704 1070 mentek,
725 1026 794 1060 nisi
814 1030 868 1060 est
894 1027 1093 1071 conjectura

357 1082 512 1126 Morelli,
542 1083 603 1126 qui
627 1093 696 1115 non
717 1093 827 1127 pauca
850 1083 1013 1127 ascripsit
1035 1083 1091 1116 ed.

357 1138 618 1173 Vascosani.—
632 1149 675 1171 ac
690 1139 761 1171 reb.
785 1138 878 1171 Edd.
897 1139 986 1172 Cun.
1004 1139 1088 1172 San.

356 1194 627 1238 Meerorigh.
644 1195 703 1228 Of.
717 1205 750 1228 v.
761 1194 820 1228 35.
835 1213 882 1220 —
894 1195 1090 1229 honestum.

356 1251 426 1285 Ms.
442 1250 564 1285 Jaeck.
581 1252 616 1285 4.

402 1351 448 1385 V.
467 1351 523 1386 37.
556 1356 598 1388 ut
623 1363 752 1387 amore.
781 1351 848 1387 Bn.
864 1351 906 1385 A.
926 1351 970 1386 G.
990 1352 1090 1395 (Vid.

356 1408 475 1454 Epist.
495 1409 526 1451 1,
546 1409 576 1453 1,
595 1408 669 1452 96.)
696 1428 743 1433 —
768 1420 834 1442 cur
856 1409 969 1443 nam?
1000 1407 1090 1441 Mss.

356 1465 422 1499 Fe.
440 1467 474 1509 2,
492 1477 523 1498 e.
547 1465 588 1509 5,
616 1466 642 1500 f.
685 1466 739 1499 De
763 1465 972 1511 anastrophe
998 1463 1092 1499 Nam

357 1533 423 1558 cur
459 1521 621 1558 dixerunt
659 1521 863 1556 Perizonius
895 1522 939 1556 ad
970 1522 1091 1555 Sanct.

355 1577 507 1611 Minerv.
525 1578 565 1621 3,
585 1578 642 1620 14,
668 1578 725 1611 36.
750 1590 787 1622 p.
815 1579 895 1613 747.
925 1579 980 1612 ed.
997 1579 1039 1612 B.
1058 1581 1093 1611 et

356 1634 525 1668 Meiners.
542 1634 579 1667 in
598 1634 832 1676 „Uebersicht
848 1635 910 1668 der
924 1635 987 1668 lat.
1003 1633 1090 1667 Par-

356 1690 505 1724 tikeln.“
537 1690 594 1723 Cf.
611 1690 732 1724 Barth.
751 1690 794 1723 ad
809 1690 918 1735 Prop.
935 1690 968 1732 2,
985 1689 1017 1732 4,
1037 1689 1091 1723 15.

357 1750 394 1783 et
415 1747 508 1780 infra
527 1746 657 1779 Comm.
684 1764 730 1770 —
760 1745 805 1778 V.
831 1745 887 1779 38.
931 1746 1091 1778 laedant.

357 1802 427 1836 Ms.
446 1802 565 1836 Guelf.
583 1804 617 1837 2.
629 1821 674 1826 -—
690 1802 843 1835 oculum.
874 1801 960 1834 Mss.
978 1800 1090 1834 Pulm.

357 1860 391 1893 1.
419 1860 472 1892 10.
500 1860 534 1892 2.
558 1859 592 1892 3.
625 1858 733 1903 Cruq.
761 1861 813 1902 1.,
845 1858 927 1891 duo.
957 1857 1090 1906 Bershm.

356 1915 438 1950 duo.
456 1913 562 1947 Torr.
579 1919 674 1958 quat.
690 1914 861 1948 meliores.
879 1913 992 1947 Bentl.
1013 1915 1044 1947 1.
1058 1914 1091 1946 2.

356 1969 392 2005 4.
411 1970 443 2004 6.
474 1969 570 2006 Pott.
595 1971 629 2003 2.
655 1971 691 2005 3.
717 1972 750 2005 6.
777 1972 812 2005 8.
838 1971 891 2005 12.
915 1970 971 2004 20.
995 1968 1092 2003 Feae

358 2027 390 2068 1,
409 2037 440 2061 a.
459 2026 492 2068 2,
509 2025 543 2058 d.
562 2024 597 2061 h.
619 2024 652 2070 5,
670 2038 702 2062 a.
721 2039 753 2062 e.
771 2027 797 2062 f.
815 2027 848 2071 7,
867 2026 947 2059 a.b.
968 2024 1013 2060 al.
1031 2037 1088 2070 ap.

355 2081 475 2119 Jaeck.
501 2081 639 2117 Monac.
667 2081 786 2118 Guelf.
813 2082 847 2115 4.
879 2081 982 2114 Dess.
1005 2082 1035 2117 1.
1054 2082 1089 2117 2.

357 2139 457 2172 Gott.
486 2139 518 2173 1.
543 2139 578 2174 2.
611 2136 709 2182 Lips.
738 2139 771 2172 1.
800 2138 833 2171 2.
859 2137 893 2171 3.
926 2137 1036 2170 Dorv.
1056 2138 1089 2170 1.

357 2195 493 2239 (Lamb.
523 2199 557 2228 et
581 2193 739 2229 Hoched.
773 2193 817 2231 de
843 2194 915 2227 suis
941 2193 1089 2235 tacent).

355 2250 571 2287 Edd.Bentl.
591 2248 669 2293 (qui
677 2250 846 2294 restituit)
862 2249 1089 2283 Baxt-Maitt.

357 2309 447 2343 Cun.
465 2308 549 2340 San.
574 2305 640 2339 Fe.
665 2304 760 2339 Pott.
787 2310 823 2339 et
844 2310 991 2340 recentt.
1016 2306 1092 2338 fere

357 2376 486 2398 omnes.
520 2361 736 2407 Singularem
761 2372 935 2397 numerum
952 2362 1091 2406 elegan—

356 2421 479 2455 tiorem
497 2420 582 2455 dicit
598 2418 794 2463 Bentleius,
816 2423 914 2452 recte
939 2418 1088 2463 quidem,

357 2477 389 2510 si
420 2475 590 2513 intellexit
621 2475 762 2508 oculum
803 2474 933 2520 opponi
963 2475 1091 2508 animo.

358 2533 519 2566 ceterum
547 2542 710 2581 compara
735 2531 812 2564 Sat.
838 2531 871 2574 2,
898 2530 931 2573 5,
958 2530 1015 2565 35.
1033 2529 1091 2564 55.

357 2589 491 2622 oculos.
523 2588 610 2621 Mss.
635 2587 736 2631 reliq.
763 2591 798 2620 et
812 2585 931 2619 Jaeck.
951 2585 987 2620 4.
1005 2585 1038 2619 5.
1055 2585 1090 2619 6.

358 2643 479 2679 Guelf.
499 2645 531 2677 1.
549 2645 582 2678 2.
600 2644 634 2678 3.
666 2645 733 2680 Bn.
751 2655 866 2678 omnes
882 2646 1021 2688 praeter
1029 2641 1091 2686 E„

358 2700 418 2734 ubi
444 2699 501 2732 hic
525 2711 647 2733 versus
672 2700 784 2737 deest.
833 2700 945 2736 Goth.
975 2699 1089 2736 Dorv.

357 2756 393 2790 2.
422 2759 474 2798 et,
502 2754 533 2788 si
557 2767 599 2788 ex
616 2757 753 2790 silentio
771 2757 859 2792 certi
875 2756 959 2801 quid
974 2753 1091 2799 colligi

357 2811 459 2854 licet,
489 2811 618 2847 Corvei
641 2817 675 2846 et
693 2811 837 2846 Mentel.
870 2811 961 2848 Edd.
979 2810 1089 2855 vulg„

359 2867 461 2902 etiam
475 2867 554 2900 Jon.
572 2866 682 2900 Paris.
701 2868 779 2903 752.
806 2867 885 2901 Val.
903 2867 1090 2901 sandi).—

357 2925 490 2959 tollere.
523 2922 592 2958 Ms.
610 2922 749 2959 Monac.
765 2943 809 2950 —
824 2925 855 2958 εἰ
872 2925 978 2968 quod.
1003 2923 1090 2958 Mss.

1819 686 1875 728 40

1144 858 1256 894 Pulm.
1289 861 1321 895 1.
1357 861 1413 895 10.
1441 861 1475 896 7.
1509 860 1578 904 alq.
1612 870 1670 905 ap.
1703 857 1811 902 Cruq.
1839 860 1876 892 et

1148 916 1254 950 Torr.
1272 927 1329 950 un.
1346 917 1478 951 Bersm.
1496 923 1531 952 et
1545 917 1641 950 Feae
1658 917 1689 958 1,
1707 926 1740 949 a.
1756 915 1874 949 Jaeck.

1146 973 1182 1007 4.
1200 973 1234 1006 5.
1252 972 1286 1006 6.
1320 973 1440 1006 Guelf.
1464 975 1500 1008 2.
1515 974 1551 1007 3.
1567 974 1602 1007 4.
1633 973 1699 1005 Bn.
1723 971 1768 1005 B.
1784 971 1813 1004 f.
1829 970 1875 1004 F.

1148 1028 1195 1061 G.
1211 1028 1311 1074 Lips.
1331 1030 1366 1064 3.
1399 1030 1462 1073 (in
1487 1032 1518 1064 1.
1536 1031 1587 1073 qd
1610 1034 1646 1064 et
1666 1030 1818 1063 fortasse
1838 1027 1876 1061 in

1146 1083 1249 1117 Dess.
1266 1084 1320 1126 2.)
1337 1084 1479 1121 Corvei.
1505 1086 1598 1120 Edd.
1615 1087 1704 1120 Ven.
1721 1085 1800 1120 479.
1817 1085 1874 1118 81.

1145 1139 1203 1174 83.
1230 1140 1282 1184 (a.
1299 1140 1356 1183 b.)
1386 1140 1443 1174 86.
1467 1141 1525 1175 92.
1549 1142 1628 1176 520.
1668 1142 1768 1175 Flor.
1794 1140 1875 1174 482.

1143 1195 1245 1240 Lips.
1269 1194 1349 1229 492.
1374 1196 1430 1229 98.
1468 1196 1570 1240 reliq.
1609 1196 1690 1232 Ald.
1716 1197 1795 1231 501.
1820 1195 1876 1229 19.

1143 1250 1228 1285 Bas.
1245 1255 1281 1284 et
1295 1250 1529 1286 Erford.517.
1550 1252 1673 1288 Color..
1684 1253 1764 1288 510.
1781 1252 1875 1286 Iunt.

1146 1305 1227 1341 514.
1270 1306 1352 1340 Asc.
1386 1307 1486 1341 Glar.
1518 1307 1607 1341 Min.
1640 1309 1751 1343 Chab.
1782 1307 1876 1341 Pisc.

1144 1362 1257 1396 Pulm.
1281 1362 1367 1407 Xyl.
1399 1363 1446 1396 G.
1478 1363 1588 1398 Fabr.
1613 1363 1692 1399 578.
1725 1363 1877 1408 Rodell„

1146 1431 1216 1453 non
1231 1419 1426 1463 improbant
1440 1417 1562 1452 Lamb.
1580 1421 1616 1453 et
1632 1419 1750 1464 Torr.‚
1767 1425 1806 1454 ut
1820 1430 1878 1454 res

1146 1476 1215 1518 iam
1246 1482 1341 1510 certa
1372 1479 1407 1508 et
1438 1474 1581 1508 definita
1611 1477 1782 1520 cogitetur
1811 1478 1878 1511 hoc

1147 1542 1270 1566 sensu:
1301 1542 1390 1575 „cur
1412 1541 1503 1573 quae
1517 1550 1563 1555 —
1578 1530 1609 1564 si
1624 1531 1673 1575 id,
1693 1532 1786 1575 quod
1801 1533 1876 1566 ani-

1147 1599 1236 1622 mum
1276 1588 1481 1634 corrumpit,
1530 1598 1651 1621 curare
1689 1587 1878 1632 negligi5.“

1149 1644 1300 1688 Vulgata
1317 1649 1429 1678 autem
1454 1642 1485 1675 si
1501 1643 1586 1686 quid
1606 1655 1678 1677 rem
1692 1645 1791 1689 ponit
1805 1655 1876 1678 ma-

1146 1701 1201 1746 gis
1228 1701 1394 1734 incertam
1419 1702 1522 1742 atque
1544 1710 1761 1744 suspensam,
1787 1706 1825 1735 ut
1848 1700 1879 1734 si

1147 1757 1234 1800 quid
1251 1762 1313 1801 est,
1339 1756 1433 1799 quod
1458 1759 1524 1788 etc.
1557 1762 1771 1800 quapropter
1794 1755 1879 1789 haec

1145 1813 1292 1847 formula
1308 1811 1365 1846 vel
1381 1810 1568 1844 modestiae
1590 1811 1646 1846 vel
1671 1811 1879 1846 dubitationi

1145 1870 1305 1912 inservit,
1332 1874 1368 1901 et
1384 1873 1437 1901 est
1453 1879 1496 1901 ex
1520 1879 1614 1901 more
1638 1867 1778 1901 Horatii
1807 1867 1877 1900 Od.

1145 1925 1180 1964 4,
1198 1926 1230 1967 9,
1248 1925 1282 1957 9.
1314 1923 1433 1966 Epist.
1454 1923 1508 1967 15,
1526 1923 1582 1957 38.
1616 1924 1695 1968 (ubi
1711 1923 1879 1967 quicquid

1145 1979 1327 2025 legendum
1342 1979 1499 2024 videtur)
1525 1982 1579 2024 18,
1596 1979 1652 2014 57.
1671 1979 1750 2013 108.
1774 1978 1818 2012 A.
1834 1979 1878 2013 P.

1146 2037 1204 2071 35.
1261 2035 1319 2068 Cf.
1353 2037 1462 2070 Bach.
1496 2037 1540 2070 ad
1571 2036 1656 2070 Tib.
1683 2036 1723 2079 2,
1754 2035 1789 2079 5,
1822 2035 1877 2069 18.

1144 2091 1285 2126 Ruhnk.
1311 2092 1355 2125 ad
1372 2093 1518 2127 Terent.
1545 2092 1674 2126 Heaut.
1701 2092 1732 2133 1,
1758 2091 1793 2134 2,
1820 2090 1878 2124 36.

1147 2149 1247 2182 Cort.
1265 2148 1309 2182 ad
1334 2147 1465 2183 Lucan.
1482 2149 1515 2192 4,
1538 2150 1618 2183 317.
1645 2146 1787 2182 Ramsh.
1811 2145 1877 2178 Gr.

1144 2205 1206 2238 lat.
1223 2217 1259 2249 p.
1277 2205 1357 2239 371.
1385 2203 1439 2236 ed.
1469 2205 1501 2236 1.
1533 2203 1719 2248 Pei-peram
1741 2211 1880 2246 quoque

1145 2260 1272 2295 Aldina
1288 2259 1428 2293 exhibet
1444 2259 1514 2292 Od.
1534 2260 1567 2298 1,
1579 2260 1612 2301 6,
1626 2260 1680 2293 19.
1697 2259 1767 2292 sive
1783 2256 1879 2300 quod

1146 2317 1297 2351 urimur.
1326 2315 1384 2349 Cf.
1401 2327 1437 2349 v.
1449 2315 1504 2350 10.
1523 2318 1558 2348 et
1571 2315 1703 2349 Hauth.
1721 2314 1765 2348 ad
1777 2313 1876 2347 Pers.

1146 2386 1184 2419 p.
1201 2373 1281 2408 326.

1191 2474 1237 2508 V.
1253 2474 1312 2509 39.
1343 2469 1496 2508 curandi
1513 2470 1650 2514 differs.
1681 2469 1876 2503 Edd.ven.

1146 2530 1226 2566 479.
1259 2530 1316 2564 81.
1347 2528 1418 2562 Hic
1435 2526 1695 2570 observandum,
1715 2526 1752 2559 in
1773 2525 1877 2560 Dess-

1145 2587 1182 2624 3.
1213 2585 1367 2619 lacunam
1392 2595 1468 2618 esse
1493 2594 1604 2627 usque
1627 2583 1672 2617 ad
1686 2583 1804 2628 Epist.
1823 2583 1878 2626 12,

1148 2641 1204 2679 15.
1220 2660 1266 2666 -
1289 2641 1335 2674 V.
1353 2638 1410 2674 40.
1445 2639 1660 2684 Dimidium,
1678 2638 1741 2682 qui
1753 2637 1877 2681 coepit,

1146 2695 1363 2739 habetsacti.
1396 2695 1466 2730 Ed.
1496 2696 1647 2741 Cuning.
1675 2694 1762 2729 Post
1775 2694 1879 2727 habet

1147 2752 1224 2786 edd.
1238 2751 1374 2796 multae,
1392 2757 1431 2786 ut
1441 2752 1529 2785 Min.
1541 2753 1623 2786 San.
1635 2751 1747 2786 Merv.
1757 2749 1877 2793 Bask.,

1146 2808 1248 2855 pleno
1265 2811 1393 2852 puncto
1409 2808 1577 2854 incidunt,
1599 2808 1727 2843 rectius
1745 2806 1878 2840 duobus

1147 2864 1227 2899 edd.
1245 2863 1292 2897 T.
1320 2864 1410 2897 Fab.
1439 2865 1549 2899 Gesn.
1576 2865 1622 2898 al.
1649 2867 1794 2898 recentt.
1820 2861 1878 2896 vel

1147 2924 1310 2956 commate
1326 2925 1364 2954 ut
1371 2920 1486 2955 Bentl.
1497 2921 1578 2955 Vid.
1586 2919 1687 2955 Jahn.
1705 2919 1748 2954 ad
1759 2918 1874 2962 Epist.
