2028 3268
261 254 633 295 COMMENTARII
657 253 711 291 IN
740 249 961 289 HORATII
990 248 1163 287 EPIST.
1193 248 1338 286 PRIM.
1370 247 1471 284 LlB.
1501 248 1533 284 1.
1610 240 1663 285 77

118 370 281 408 rationis
309 365 508 422 praesidia
537 366 663 403 muris
694 363 914 416 comparari
942 362 1097 411 solent3
1139 360 1222 400 vid.
1256 360 1405 398 Barth.
1441 358 1492 397 ad
1522 357 1664 397 Claud.

117 440 184 478 1V.
214 439 333 477 Cous.
364 438 513 474 Honor.
547 435 642 475 108.
670 448 711 486 p.
742 431 837 474 575.
867 432 910 469 in
943 429 1073 468 Laud.
1105 431 1231 469 Stilic.
1261 428 1312 479 4,
1356 428 1450 470 188.
1480 442 1520 479 p.
1550 427 1665 473 320„

116 508 237 555 Cot-t„
269 507 419 552 Wass.,
449 501 657 540 Kunhard.
690 500 742 539 ad
770 501 869 539 Sall.
893 499 978 537 Cat.
1013 498 1089 547 58,
1124 499 1188 539 17.
1219 499 1467 548 Wesseling.
1498 495 1550 534 ad
1578 497 1666 533 An-

117 582 199 613 ton.
229 575 364 612 Itiner.
395 586 434 624 p.
461 569 558 611 446.
586 568 710 607 Drak.
741 568 792 607 ad
819 570 893 607 Sil.
928 569 997 616 16,
1028 567 1095 606 68.
1125 569 1263 604 Burm-
1297 565 1349 604 ad
1377 563 1502 603 Anth.
1532 566 1602 602 lat.
1633 566 1664 601 Ι.

115 658 155 696 p.
185 641 252 683 84.
281 642 380 684 723.
417 641 520 677 Hinc
549 652 632 676 non
662 639 857 676 assentior
885 636 1104 684 Lambino‚
1137 637 1207 687 qui
1232 636 1443 673 Horatium
1465 641 1667 686 spectasse

117 713 304 763 opinatur
342 710 479 747 locum
510 708 630 745 illum
666 707 847 745 Platonis
891 704 941 742 de
980 706 1107 755 Legg.
1142 706 1182 744 6.
1225 718 1266 756 p.
1300 703 1398 744 873.
1442 705 1567 756 χαλκᾶ
1596 701 1666 742 καὶ

119 780 266 832 σιδηρᾶ
303 777 389 817 δεῖν
427 773 531 817 εἶναι
557 773 606 816 τοὶ
642 775 750 828 τείχη
791 775 942 827 μᾶλλον
980 768 1009 825 ἢ
1046 767 1179 826 γήϊνα.
1244 771 1425 809 Schmid.
1461 777 1666 823 comparat

117 849 292 898 χαλκοῦν
319 845 388 886 καὶ
418 840 694 897 ἀδαμάντινον
727 847 854 895 τεῖχος
883 855 948 894 ap.
983 839 1173 879 Aeschin.
1208 841 1250 877 in
1281 839 1459 892 ctesiph.
1496 840 1588 891 [25.
1621 853 1663 891 p-

118 916 189 956 71.
223 914 286 952 ed.
319 914 486 964 Bremi].
548 913 703 950 Frater.
732 906 774 948 in
804 911 983 962 Conject.
1013 911 1191 947 verisim.
1211 909 1251 958 3,
1286 907 1352 950 14.
1390 910 1545 948 confert
1576 923 1668 946 mu-

118 997 208 1020 rum
223 982 409 1033 firreum
432 995 496 1034 ap.
521 982 661 1032 Veget.
690 982 739 1018 R.
763 980 851 1016 Mil.
875 982 915 1027 2,
940 980 1027 1027 17.,
1057 977 1140 1016 vid.
1163 977 1285 1016 Both.
1309 977 1360 1015 ad
1381 980 1518 1015 Feam.
1552 976 1669 1015 Adde

118 1052 284 1089 Lucian.
306 1049 356 1088 de
381 1051 566 1088 Calumn.
593 1063 676 1087 non
694 1056 846 1086 temere
868 1046 975 1085 cred.
1010 1061 1044 1085 c.
1067 1048 1136 1089 20.
1167 1068 1214 1075 —-
1242 1042 1518 1099 ἄδαμοῖντινον
1542 1049 1671 1098 τεῖχος

118 1122 192 1171 τῆς
221 1121 358 1171 ψυχῆς
385 1115 710 1172 προβεβλημένος
734 1137 803 1157 —.
835 1119 882 1155 In
914 1115 1034 1167 hujus
1064 1116 1145 1154 loci
1173 1117 1257 1153 fere
1282 1129 1448 1154 sensum
1472 1115 1588 1152 Plato
1619 1112 1670 1150 de

118 1188 218 1238 Rep.
253 1189 294 1228 2.
327 1201 368 1239 p.
394 1187 491 1228 596.
528 1186 591 1224 ed.
610 1184 722 1223 Frkf.
752 1185 980 1236 juvenibus,
1012 1186 1082 1236 qui
1112 1187 1312 1223 erectioris
1342 1197 1484 1223 sensus
1514 1195 1600 1221 esse
1631 1189 1670 1219 et

120 1255 248 1292 velint
278 1261 317 1292 et
347 1255 536 1304 debeant,
576 1252 680 1291 illud
707 1252 873 1291 Pindari
905 1252 1058 1290 dictum
1092 1255 1300 1305 proponit:
1349 1249 1528 1305 Πότερον
1557 1252 1671 1294 δίκας

120 1326 248 1374 τεῖχος
271 1319 403 1375 ῧψιον
424 1320 453 1376 ἢ
478 1324 639 1370 σκολιᾶς
659 1317 816 1370 α’ποίτας
839 1318 996 1375 ἀναβάς
1014 1320 1084 1362 καὶ
1102 1319 1276 1374 ἐμαυτόν
1296 1318 1402 1362 οὕτω
1420 1315 1671 1373 περιφράξας

122 1391 294 1441 διαβιῶς
334 1391 401 1429 Sic
432 1389 689 1428 Antisthenes
718 1404 783 1442 ap.
816 1391 932 1441 Diog.
961 1392 1095 1429 Laert.
1129 1393 1179 1439 6,
1213 1392 1282 1432 13.
1330 1394 1464 1442 Τεῖχος
1493 1384 1669 1439 ἀσφαλέ-

125 1471 268 1500 στατον
298 1454 495 1511 φρόνησιν
528 1455 710 1511 (εἷναι)·
741 1457 841 1512 μήτε
868 1455 943 1512 γάρ
972 1458 1210 1514 καταρῤεῖν,
1259 1456 1358 1512 μήτε
1385 1457 1670 1511 προδίδοσθαι.

129 1526 244 1577 Τείχη
273 1526 613 1568 κατασκευαστέον
642 1526 686 1568 ἐν
715 1530 800 1574 τοῖς
831 1524 966 1566 αὐτῶν
995 1522 1216 1575 ἀναλώτοις
1245 1530 1461 1580 λογισμοῖς.
1494 1524 1544 1561 cf·
1566 1526 1606 1573 6,
1628 1526 1670 1565 6.

121 1592 235 1631 Idem
263 1592 363 1649 (ap.
397 1595 521 1633 Orell.
556 1596 704 1647 Opusc.
742 1596 810 1633 Gr.
844 1602 943 1633 vett.
987 1602 1160 1633 sentent.
1197 1597 1249 1633 ΙΙ.
1291 1610 1332 1648 p.
1366 1593 1435 1636 54.
1475 1607 1537 1630 nr.
1573 1589 1670 1647 53·)

123 1661 228 1709 ἔλεγε
255 1659 304 1703 τά
335 1662 442 1715 τείχη
473 1665 552 1702 τῶν
573 1659 732 1704 πόλεων
763 1660 869 1704 εἶναι
903 1660 1083 1717 σφαλεροὶ
1113 1660 1217 1717 πρός
1249 1660 1316 1704 τὸν
1347 1662 1423 1704 ἔσω
1449 1658 1668 1715 προδότην,

122 1726 323 1772 ἇσοῖλευτα
355 1729 399 1771 δὲ
425 1727 472 1770 vo}
508 1733 582 1784 τῆς
605 1734 741 1783 ψυχῆς
769 1730 838 1772 καὶ
875 1726 1046 1785 ἆῤῥαγῆ.
1103 1731 1171 1770 Sic
1207 1738 1361 1769 veteres
1398 1729 1668 1783 Pythagor-aei

124 1799 269 1851 (Orell.
305 1803 338 1838 Ι.
369 1813 410 1850 Ρ.
444 1797 515 1840 34.
551 1813 614 1839 nr.
649 1799 778 1851 109.)
824 1795 944 1852 Ἰσχΰς
966 1799 1036 1840 καὶ
1065 1804 1192 1852 τεῖχος
1217 1799 1287 1840 καὶ
1319 1797 1445 1840 ’ὅπλον
1478 1801 1612 1850 σοφοῦ
1639 1796 1669 1849 ἡ

123 1863 335 1918 φρόνησις.
393 1868 527 1906 Simili
555 1866 676 1906 modo
701 1866 932 1906 Alcidamas
961 1875 1063 1906 teste
1089 1870 1306 1907 Aristotele
1334 1870 1378 1906 in
1407 1866 1526 1905 Rhet.
1550 1867 1592 1916 3,
1622 1867 1664 1907 3.

122 1931 196 1987 τήν
237 1935 483 1986 φιλοσοφίαν
520 1935 764 1988 ἐπιτείχισμα
800 1938 883 1976 τοῖν
921 1932 1059 1990 νόμων
1094 1939 1327 1990 appellavit.
1382 1938 1486 1974 Hinc
1521 1936 1664 1974 senec.

124 2003 254 2052 Epist.
281 2002 351 2044 74.
413 2003 624 2041 Adversus
660 2004 732 2040 llos
763 2017 881 2041 casus
914 2005 1123 2043 muniendi
1152 2021 1291 2044 sumus
1301 2021 1318 2054 ,·
1359 2004 1499 2042 nullus
1534 2010 1670 2040 autem

125 2077 264 2108 contra
275 2070 492 2121 fortunam
512 2071 837 2123 inexpugnabilis
853 2086 993 2110 murus
1011 2080 1080 2111 est.
1138 2073 1198 2113 Id.
1223 2074 1292 2115 82.
1328 2071 1594 2122 Philosophia
1617 2092 1668 2100 -

126 2137 453 2187 inexpugnabilis
469 2154 626 2186 murus,
647 2153 763 2191 quem
773 2139 950 2190 Jbrtuna
967 2141 1106 2179 multis
1126 2142 1325 2179 machinis
1343 2141 1571 2178 lacessitum
1589 2152 1670 2176 non

126 2207 281 2244 transit.
303 2206 365 2244 Cf.
380 2207 461 2245 cic.
477 2206 621 2245 Parad.
635 2206 726 2256 4,1.
750 2209 873 2246 Tusc.
895 2208 934 2258 5,
947 2206 1093 2257 14,41.
1124 2211 1219 2248 Jam
1231 2211 1273 2246 in
1280 2215 1471 2260 promptu
1481 2209 1566 2256 erit,
1579 2221 1670 2244 mu-

124 2272 417 2312 rumalzeneum
425 2289 507 2314 non
517 2277 701 2328 usurpari
711 2290 783 2327 pro
801 2283 906 2314 certo
924 2284 963 2314 et
974 2278 1219 2315 immutabili
1229 2279 1354 2315 animi
1368 2276 1538 2324 decreto,
1554 2283 1599 2313 ut
1615 2276 1670 2313 ait

122 2342 583 2396 ErasmusiliAdagg.2,
597 2346 663 2394 10,
682 2345 772 2393 25„
792 2358 922 2398 neque
932 2359 1004 2397 pro
1022 2344 1214 2395 doctriua,
1237 2359 1315 2398 qua
1325 2343 1430 2382 nihil
1443 2344 1594 2382 firmius
1606 2351 1670 2382 te-

123 2409 303 2447 nendum
321 2412 373 2448 sit
386 2441 396 2460 ‚
428 2419 471 2449 ut
489 2413 592 2449 inter
608 2413 686 2450 alia
708 2411 823 2451 docet
837 2415 1092 2465 Despresius‚
1118 2413 1190 2451 sed
1207 2428 1279 2466 pro
1299 2415 1550 2452 munimento
1571 2426 1670 2451 con-

123 2479 313 2515 scientiae
342 2481 453 2516 recti.
513 2482 574 2517 Ita
606 2480 749 2518 Senec.
782 2483 913 2533 Epist.
950 2482 1047 2523 105.
1097 2482 1334 2519 Securitatis
1362 2496 1514 2534 magna
1534 2483 1667 2533 portio

125 2551 198 2590 est,
227 2545 333 2583 nihil
359 2548 490 2598 iniqui
506 2548 664 2600 faeere.
696 2550 773 2601 Ep.
805 2551 874 2590 97.
911 2557 999 2588 tuta
1025 2550 1174 2588 scelera
1203 2564 1283 2587 esse
1303 2559 1498 2601 possunt,
1527 2565 1667 2589 secura

124 2626 204 2649 non
223 2621 404 2663 possunt.
434 2638 490 2645 —-
516 2618 663 2655 Prima
683 2625 720 2654 et
737 2619 914 2655 maxima
928 2621 1188 2669 pecc-antium
1209 2627 1266 2657 est
1286 2634 1438 2671 poena,
1460 2634 1661 2671 peccasse.

122 2700 180 2707 ——
214 2680 296 2717 Sed
316 2682 577 2722 nihilominus
597 2693 635 2722 et
650 2685 750 2723 haec
781 2693 818 2722 et
841 2687 916 2724 illa
941 2687 1140 2725 secundae
1149 2702 1305 2739 poenae
1327 2697 1517 2740 premunt
1535 2703 1585 2727 ac·
1603 2703 1665 2726 se-

125 2754 327 2798 quantur,
366 2751 499 2788 timere
525 2766 677 2804 semper
703 2761 739 2790 et
769 2767 1022 2805 expavescere
1049 2763 1087 2792 et
1112 2758 1318 2795 securitati
1343 2758 1530 2809 diffidere.
1568 2759 1661 2797 Var.

124 2815 307 2853 Sentent.
342 2830 406 2867 ap.
434 2819 535 2857 Zell.
558 2834 599 2872 p.
632 2822 702 2861 67.
740 2835 802 2860 nr.
836 2823 933 2864 189.
966 2823 1091 2861 Nihil
1113 2832 1169 2862 est
1196 2826 1393 2872 miserius,
1423 2841 1546 2879 quam
1571 2827 1666 2864 ani-

124 2896 213 2920 mus
241 2883 413 2921 hominis
441 2890 632 2926 conscius.
665 2890 762 2927 Juv.
792 2891 865 2940 13,
893 2892 989 2932 193.
1023 2906 1122 2944 quos
1141 2893 1222 2931 din·
1240 2896 1399 2933 conseia
1411 2896 1528 2948 sacti
1543 2895 1665 2931 Mens

125 2949 245 2988 habel
273 2955 458 3002 αίζοηίίοδ·
488 2977 538 2982 -
569 2958 677 2998 223:
714 2959 780 2996 Hi
805 2966 902 2996 sunt
928 2961 1001 3012 qui
1027 2962 1228 3013 trepidant
1264 2971 1301 3001 et
1327 2964 1387 3002 ad
1411 2964 1548 3002 omnia
1563 2961 1665 3015 sul-
