2028 3268
370 253 425 294 98
511 257 874 296 COMMENTARII
902 259 954 295 IN
983 257 1199 296 HORATII
1228 257 1396 296 EPIST.
1424 258 1563 296 PRIM.
1588 259 1687 297 LIB.
1715 261 1748 297 1.

373 367 536 412 Quintil.
568 369 663 404 Inst.
698 369 772 415 11,
809 367 858 415 3,
897 365 989 407 140.
1049 370 1154 406 Pars
1172 375 1285 418 togae
1305 390 1360 396 -——
1381 368 1485 405 sedet
1503 369 1669 416 melias;
1706 370 1759 407 ib.
1783 367 1876 409 141.

377 434 505 484 Super
531 433 637 484 quod
653 447 723 469 ora
749 447 794 469 ex
814 441 906 484 toga
929 435 1074 485 duplex
1094 435 1312 486 aequaliter
1337 435 1469 471 sedeat
1475 449 1492 481 ,·
1522 435 1616 476 161.
1649 435 1784 472 sedens·
1804 435 1882 472 hu·-

373 512 475 535 mero
496 506 601 549 toga.
662 500 878 537 Hominum
898 509 980 538 erat
999 503 1214 540 liberorum
1239 508 1276 538 et
1299 500 1404 552 apud
1430 501 1598 539 Graecos
1619 508 1658 538 et
1677 501 1783 554 apud
1801 504 1882 539 La-

374 567 476 603 tiuos
505 561 798 616 ἀναβάλλεσθαι
818 565 991 616 ἐπιδέξια
1017 567 1235 620 ἐλευθέρως
1262 569 1326 604 vel
1348 574 1484 618 togam
1510 567 1692 605 decenter
1719 581 1883 619 compo-

373 645 489 679 nere,
519 631 560 667 id
585 629 691 681 quod
712 632 890 681 pluribus
909 635 1110 671 illustrant
1134 634 1300 671 Casaub.
1329 632 1379 669 ad
1402 633 1607 685 Theophr.
1629 633 1745 671 Char.
1773 632 1814 673 4.
1841 646 1882 684 Ρ.

373 699 440 737 52.
468 699 655 746 Bottiger.
675 699 717 734 in
736 699 892 738 Griech.
913 703 1146 751 Vasengem.
1164 703 1196 738 Ι.
1224 702 1263 739 2.
1284 713 1323 750 p.
1347 697 1413 738 54.
1439 707 1479 737 et
1500 702 1543 736 in
1565 701 1712 738 Sabina
1731 713 1771 751 p.
1785 699 1883 740 398.

373 765 467 805 416.
497 764 593 800 Inde
616 771 655 800 et
682 765 783 802 illud
812 767 1064 815 indecorum,
1095 768 1128 804 si
1155 773 1247 816 toga
1277 766 1463 815 dfflaeret
1487 767 1553 803 vel
1578 766 1775 816 efflueret,
1802 765 1883 804 vid.

373 827 548 867 Broukh.
566 829 616 867 ad
634 832 726 868 Tib.
748 833 784 879 1,
803 834 842 879 7,
863 831 944 881 46„
974 834 1151 870 Turneb.
1171 833 1272 870 Adv.
1291 835 1355 881 16,
1381 831 1419 872 4.
1442 834 1506 880 11,
1526 831 1607 880 23.,
1638 833 1882 873 Oct.Fe1-rar.

374 897 422 934 de
441 900 497 935 Re
517 904 616 934 vest.
638 899 659 937 1
675 927 684 945 ‚
705 900 744 938 6.
766 906 803 935 et
823 912 921 950 quos
940 899 1075 936 laudat
1095 900 1344 938 Heindorfius
1364 899 1414 937 ad
1437 900 1520 937 Sat.
1548 900 1569 939 1
1582 928 1592 947 ,
1616 899 1656 947 3,
1679 900 1747 940 31.
1777 901 1884 946 Qua-

372 970 530 1013 propter
545 977 595 1000 ex
609 963 685 1002 hoc
703 972 899 1015 postremo
919 967 1005 1003 loco
1023 966 1271 1004 lsVeichertus
1290 967 1317 1003 l.
1329 967 1356 1003 l.
1369 980 1408 1016 p.
1431 967 1471 1005 7.
1491 967 1695 1016 ingeniose
1714 967 1882 1016 conjicit,

372 1032 524 1067 Horatii
543 1032 585 1067 in
598 1032 736 1069 Satiris
754 1031 851 1069 haec
867 1034 1070 1070 scribentis
1089 1035 1218 1070 animo
1238 1034 1488 1070 obversatum
1503 1045 1587 1070 esse
1601 1034 1884 1082 Maecenatem,

373 1096 746 1148 „diligentissimum
764 1101 918 1136 externi
933 1101 974 1136 in
994 1100 1128 1138 amicis
1140 1099 1296 1139 habitus
1317 1100 1604 1137 observatorem
1622 1107 1660 1137 et
1671 1101 1882 1152 castigato-

374 1178 455 1201 rem
475 1166 781 1215 perurbanum.“
810 1166 963 1203 Eadem
973 1168 1216 1217 negligentia
1228 1174 1388 1204 notatur
1405 1180 1466 1217 ap.
1477 1165 1622 1204 Athen.
1634 1169 1671 1215 1,
1684 1167 1800 1218 38.p.
1815 1169 1884 1207 21.

375 1232 418 1270 C.
441 1245 480 1282 p.
503 1232 571 1271 78-
599 1231 731 1270 Schw-
768 1231 875 1284 ἔμελε
895 1232 938 1273 δὲ
966 1230 1100 1281 αὐτοῖς
1122 1233 1190 1273 καὶ
1212 1236 1285 1274 τοῦ
1309 1233 1482 1285 κοσμίως
1499 1229 1794 1290 α’ναλαιιβᾶνειν
1810 1231 1885 1285 τήν

375 1298 527 1350 ἐσθῆτα
538 1310 547 1318 ·
573 1298 639 1339 καὶ
655 1296 748 1346 τούς
766 1297 822 1351 μή
836 1303 953 1340 τοῦτο
967 1303 1182 1348 ποιοῦντας
1195 1300 1404 1340 ἔσκωπτον.
1421 1302 1509 1351 Ipse
1522 1307 1655 1336 tamen
1666 1298 1885 1348 Maecenas,

376 1367 554 1417 alioquin
573 1380 703 1404 rerum
725 1368 970 1404 minutarum
986 1368 1353 1406 observantissimus
1365 1396 1375 1414 ,
1397 1367 1445 1404 ob
1460 1365 1640 1404 habitum
1654 1365 1886 1404 discinctum

374 1434 511 1471 multis
523 1441 605 1470 erat
614 1434 710 1470 mali
721 1435 897 1485 exempli
907 1433 1042 1473 homo.
1074 1434 1163 1474 vid.
1177 1435 1315 1472 Senec.
1325 1434 1452 1484 Epist.
1465 1432 1557 1474 114.
1567 1463 1577 1482 ,
1596 1436 1712 1471 Auct.
1725 1432 1836 1485 Eleg.
1845 1435 1887 1471 in

374 1501 477 1538 obit.
498 1502 622 1537 Maec.
641 1501 820 1540 21—-25,
844 1503 940 1554 ibiq.
961 1501 1150 1540 Wernsd.
1170 1504 1239 1539 ΙΙΙ.
1259 1515 1299 1552 p.
1315 1501 1405 1541 158.
1426 1507 1465 1538 et
1487 1513 1585 1552 quos
1605 1501 1656 1538 ad
1675 1500 1718 1539 h.
1733 1503 1761 1539 l.
1776 1501 1888 1539 affert

379 1567 617 1604 Schmidius.
647 1568 746 1603 Mira
769 1580 863 1604 sane
888 1574 947 1605 est
966 1569 1114 1604 comica
1135 1569 1205 1604 illa
1228 1569 1407 1618 enallage
1425 1569 1612 1618 temporis
1636 1575 1676 1605 et
1697 1582 1888 1620 personae

376 1645 454 1683 qua
474 1633 670 1670 Baxterus
685 1632 749 1670 hic
768 1641 813 1671 ut
835 1635 916 1672 Sat.
941 1636 984 1682 1,
1010 1634 1056 1682 3,
1077 1635 1144 1673 29.
1200 1635 1411 1685 Virgilium
1437 1636 1547 1685 tangi
1577 1635 1773 1685 opinatur.
1828 1637 1888 1673 De

375 1699 594 1737 Satirarum
611 1702 699 1738 loco
725 1715 816 1738 vere
836 1700 888 1738 ad
914 1714 1050 1737 meum
1073 1700 1235 1751 quidem
1266 1714 1426 1738 sensum
1442 1700 1670 1750 judicarunt
1688 1701 1890 1740 Heindor-

375 1766 462 1813 fius,
492 1765 757 1815 Weichertus,
793 1768 938 1818 (Lectt.
955 1770 1101 1806 Venus.
1121 1770 1151 1805 Ι.
1172 1783 1212 1819 p.
1235 1767 1325 1820 14.)
1355 1775 1393 1805 et
1417 1766 1654 1805 Kirchnerus
1679 1769 1771 1820 (Qu.
1793 1771 1890 1807 Hor·

375 1846 415 1883 p.
446 1832 533 1885 53.)
563 1832 876 1872 Scholiastarum
898 1835 1168 1872 testimonium
1191 1836 1471 1886 approbantes,
1502 1835 1543 1870 in
1564 1832 1639 1872 hoc
1665 1842 1798 1873 autem
1821 1837 1888 1888 qui

376 1912 456 1936 11011
480 1898 588 1936 videt
607 1903 816 1938 Horatimn
838 1903 991 1953 ipsum,
1020 1901 1189 1938 coecutit
1210 1913 1301 1937 cum
1321 1902 1507 1937 Baxtero.

485 1969 534 2006 V.
563 1968 679 2008 97-
696 1969 788 2008 100.
850 1968 982 2018 Quid,
1011 1981 1099 2005 mea
1123 1991 1178 1996 —
1197 1967 1403 2004 rotundis?
1457 1966 1605 2013 Quodsi
1631 1967 1890 2020 Doeringius,

378 2047 480 2087 quae
501 2047 523 2071 a
541 2047 658 2071 versu
676 2033 782 2075 94-
789 2038 883 2077 100.
913 2034 1016 2072 dicta
1036 2041 1148 2082 sunt,
1179 2035 1386 2070 Horatium
1411 2032 1462 2070 ad
1482 2047 1524 2071 se
1543 2034 1686 2071 referre
1706 2035 1887 2084 affirmat,

378 2114 480 2153 quae
502 2114 583 2139 11011
606 2103 764 2152 proprie
783 2101 832 2139 ad
852 2102 984 2152 ipsum
996 2131 1006 2150 ‚
1031 2101 1102 2140 sed
1120 2101 1170 2138 ad
1190 2113 1516 2152 unumquemque
1536 2102 1682 2138 notatis
1700 2102 1806 2140 vitiis
1828 2103 1892 2140 af-

377 2168 526 2205 fectum
549 2166 753 2205 referenda
777 2168 868 2216 sint,
894 2169 1092 2207 observari
1108 2169 1250 2216 velim,
1279 2173 1365 2204 tum
1386 2165 1427 2204 h.
1447 2168 1476 2204 l.
1500 2168 1599 2204 seria
1620 2167 1786 2206 admista
1805 2182 1891 2207 esse

373 2235 472 2286 jocis
492 2241 531 2271 et
552 2247 644 2271 vera
663 2234 776 2282 fictis,
794 2241 881 2271 tum
899 2237 1019 2273 etiam
1038 2237 1135 2273 alias
1153 2235 1247 2271 talia
1265 2233 1438 2286 profiteri
1456 2235 1620 2272 Poetam
1639 2235 1704 2272 vel
1719 2234 1891 2287 quodam

379 2302 501 2338 animi
536 2300 707 2339 candore
739 2302 968 2350 incitatum,
998 2303 1064 2340 vel
1093 2315 1171 2354 quo
1200 2302 1361 2339 liberior
1393 2302 1445 2338 sit
1477 2302 1575 2339 alios
1603 2301 1891 2352 perstringendi

379 2369 502 2406 ratio:
537 2367 620 2406 Sat.
643 2369 680 2416 1,
705 2367 744 2416 3,
771 2369 839 2408 20.
864 2366 911 2416 4,
950 2369 1068 2417 13Ο.,
1097 2370 1142 2418 6,
1168 2368 1261 2416 65.,
1291 2370 1339 2416 2,
1357 2367 1406 2414 3,
1427 2367 1511 2407 307
1531 2379 1616 2418 sq-,
1650 2368 1688 2415 7,
1708 2369 1763 2408 22
1789 2380 1890 2420 sqq„

379 2436 504 2485 Epist.
531 2436 553 2474 1
570 2464 580 2483 ,
605 2435 651 2482 8,
675 2435 702 2475 3
722 2448 809 2487 sqq.
833 2457 890 2464 ——
921 2436 996 2481 Qui
1025 2437 1184 2487 signum
1204 2432 1471 2483 interrogandi
1494 2445 1516 2468 a
1546 2446 1662 2470 versu
1680 2432 1887 2476 94—105.

380 2514 615 2551 suspensum
632 2500 799 2548 habent,
829 2507 983 2538 tautum
1007 2503 1136 2550 abest,
1159 2508 1203 2539 ut
1222 2502 1270 2539 iis
1287 2502 1445 2551 linguae
1463 2500 1531 2536 lex
1548 2500 1650 2537 obsit
1663 2529 1674 2548 ,
1703 2507 1748 2538 ut
1768 2503 1895 2552 major

380 2567 472 2604 inde
497 2574 701 2605 enascatur
719 2569 873 2606 Horatii
892 2569 934 2604 in
950 2570 1221 2606 Maecenatem
1240 2566 1478 2604 humanitas.
1518 2567 1704 2604 Attamen
1723 2581 1746 2605 a
1768 2570 1891 2605 Bent-

382 2635 509 2683 lejana
534 2634 803 2685 distinguendi
830 2635 981 2673 ratione
1010 2634 1191 2672 recedere
1217 2633 1365 2672 dubito.
1400 2634 1561 2669 Etenim
1585 2631 1704 2671 habet
1728 2647 1773 2671 ea
1797 2636 1891 2672 certi

382 2698 477 2750 quid
500 2706 538 2735 et
561 2699 722 2747 definiti,
747 2707 791 2738 ut
810 2701 906 2740 ordo
929 2702 1002 2738 sit:
1035 2701 1072 2737 si
1092 2708 1252 2738 curatas
1276 2722 1331 2728 —
1356 2699 1459 2736 risles
1469 2714 1485 2746 ;
1517 2701 1550 2737 si
1571 2703 1747 2750 graviora
1768 2702 1888 2738 animi

381 2768 475 2804 vitia
498 2767 538 2802 in
555 2779 619 2803 me
641 2775 753 2816 sunt,
784 2783 862 2806 non
880 2769 995 2806 rides.

491 2834 538 2871 V.
563 2833 629 2872 99.
656 2835 831 2872 Aestuat
847 2858 901 2864 —
922 2835 1055 2873 ordine
1074 2841 1164 2872 toto.
1197 2835 1263 2872 Uti
1284 2834 1612 2884 κλυδωνίζεσθαι,
1640 2834 1695 2871 ita
1714 2839 1892 2870 aestuare

383 2906 421 2936 et
441 2901 656 2949 fluctuare.
700 2901 787 2941 Vid.
811 2904 980 2954 interpp.
1002 2901 1051 2940 ad
1076 2902 1189 2939 Paul.
1210 2901 1336 2952 Epist.
1360 2899 1411 2938 ad
1431 2899 1579 2952 Ephes.
1595 2899 1643 2950 4,
1667 2899 1752 2950 14·,
1781 2900 1886 2939 cort.
