2028 3268
388 256 469 299 120

955 265 1340 302 HORATII

450 374 625 419 Labitur
657 380 702 420 et
727 376 892 420 labetur
926 378 968 421 in
1005 392 1128 423 omne
1166 377 1360 423 volubilis
1393 391 1559 424 aevum.

453 452 681 508 Quaeritur
722 458 945 512 argentum
985 459 1204 515 puerisque
1246 458 1371 502 beata
1405 458 1598 503 creandis

448 532 570 576 Uxor
599 536 641 576 et
675 533 857 576 incultae
890 539 1091 592 pacantur
1123 549 1294 580 vomere
1326 535 1477 579 silvae.

1842 537 1896 578 45

452 609 575 665 Quod
613 611 716 654 satis
755 615 822 655 est
856 613 921 656 cui
957 615 1160 674 contingit
1174 645 1188 674 ,
1229 613 1332 657 nihil
1367 615 1545 673 amplius
1578 618 1711 674 optet.

387 781 642 826 Opperiuntur.
667 783 720 816 Id.
738 785 779 828 8,
796 783 877 819 557.
912 784 1041 819 Tutior
1063 791 1115 821 est

381 839 536 884 requies,
560 838 661 872 solito
684 840 769 872 dum
791 841 947 882 flumina
965 848 1114 877 currant

384 896 519 929 Limite.
553 896 655 928 Caes.
672 895 715 929 Β.
735 897 782 930 G.
799 896 839 940 4,
858 898 915 932 23.
949 899 1033 932 dum
1048 910 1114 933 na-

380 965 438 987 ves
462 963 501 986 eo
528 951 762 996 convenirent,
784 972 891 979 -——
913 954 951 987 in
975 955 1113 988 ancoris

381 1009 608 1053 exspectavit.
655 1009 750 1043 Idem
771 1010 878 1044 sentit
902 1010 949 1043 Ε.
977 1011 1019 1044 C.
1045 1011 1112 1044 Ch.

379 1067 488 1100 Bach.
520 1065 557 1099 in
588 1064 781 1100 Zimmerm.
813 1067 1018 1100 zeitschrift
1045 1072 1112 1101 etc.

382 1123 483 1158 1834.
501 1135 536 1167 p.
556 1123 669 1164 1032„
691 1122 752 1166 qui
768 1122 817 1155 ibi
834 1124 1113 1157 consuetudinem

379 1177 543 1222 loquendi
568 1178 702 1212 erudite
729 1178 905 1212 enodavit.
953 1179 1113 1213 ceterum

380 1235 575 1269 Glareanus
593 1234 772 1269 distinxit:
789 1234 913 1268 horam
930 1236 1113 1280 Rusticus,

379 1303 478 1335 exsp.
494 1309 541 1315 ·—
556 1290 602 1324 V.
619 1291 677 1325 43.
710 1291 872 1326 volubile.
905 1292 974 1326 Ms.
993 1293 1113 1327 Guelf.

380 1349 415 1382 2.
448 1367 494 1373 -

423 1404 469 1438 V.
486 1401 544 1438 44.
580 1403 759 1438 Caeritur.
791 1404 851 1438 Sic
867 1416 928 1438 ms.
943 1405 1046 1439 Dess.
1059 1407 1114 1448 2.;

378 1459 421 1493 de
437 1459 502 1492 hac
527 1459 670 1503 antiqua
690 1460 865 1494 scribendi
887 1462 1022 1495 ratione
1038 1462 1111 1496 vid.

378 1516 542 1550 Schneid.
560 1515 695 1549 Elmtrl.
721 1529 756 1562 p.
775 1518 854 1552 328.
876 1537 924 1542 -
947 1518 1112 1552 citandis.

376 1571 447 1604 Ms.
464 1571 585 1604 Oberl.
603 1572 647 1606 D.
666 1584 686 1605 a
704 1575 735 1607 1.
753 1586 798 1607 m.
815 1593 862 1599 —
883 1574 930 1607 V.
947 1573 1004 1608 45.
1042 1574 1114 1608 Un—

377 1639 455 1661 xor.
489 1627 550 1660 Sic
567 1627 621 1660 ed.
640 1628 775 1672 Oberl.,
794 1629 840 1662 cf.
859 1630 1024 1664 Schneid.
1042 1631 1067 1663 l.
1086 1631 1112 1664 l.

376 1693 414 1726 p.
431 1680 511 1715 463.
529 1701 576 1706 —
597 1684 806 1726 placantur.
847 1686 916 1719 Ms.
943 1687 1053 1720 Dorv.
1075 1689 1111 1721 2.

376 1737 447 1770 Ed.
458 1738 598 1771 Wakef.
615 1751 657 1772 ex
675 1742 891 1785 conjectura;
917 1743 1111 1776 assentiun-

377 1797 435 1826 tur
450 1793 632 1828 Eichstad.
651 1796 694 1829 ad
710 1809 778 1830 van
796 1798 946 1832 Ommer.
963 1812 999 1844 p.
1017 1801 1111 1845 216„

376 1851 484 1885 Bach.
503 1851 547 1884 ad
564 1852 648 1886 Tib.
665 1852 698 1895 4,
717 1854 748 1896 1,
768 1853 836 1898 14„
854 1867 965 1899 neque
981 1856 1110 1901 impro-

377 1909 438 1942 bat
466 1908 612 1941 Bothius
644 1908 681 1941 in
711 1909 890 1946 Annotatt.
922 1912 966 1945 ad
989 1912 1110 1947 Feam.

375 1965 516 1999 Nodell.
539 1965 577 1997 in
599 1965 685 1998 Not.
713 1967 805 2000 critt.
832 1968 876 2000 ad
902 1969 957 2001 ed.
985 1969 1111 2003 Aviani

377 2033 409 2055 c.
427 2019 461 2055 4.
487 2034 523 2066 p.
545 2022 602 2055 92.
630 2034 764 2066 pacare
795 2023 881 2057 dicit
903 2025 1024 2059 mirum
1055 2026 1110 2059 lo·-

375 2078 503 2122 quendi
527 2089 656 2123 genus,
683 2079 803 2124 itaque
834 2080 975 2124 conjicit
1003 2093 1110 2125 pera-

374 2140 518 2179 rantur,
549 2135 704 2178 quamvis
729 2135 815 2169 nihil
840 2138 1034 2171 novandum
1052 2150 1110 2172 ar-

374 2191 526 2226 bitretur
541 2191 584 2223 ob
608 2190 751 2225 similem
777 2193 820 2236 (2
839 2194 873 2237 !)
906 2206 986 2228 voc.
1019 2195 1110 2228 miti-

375 2247 492 2292 gandi
521 2257 618 2279 usum
650 2247 767 2292 Epist.
798 2249 839 2292 2,
866 2251 905 2286 2.
934 2252 1012 2285 186.
1060 2252 1110 2286 Ut

375 2304 432 2338 hic
453 2304 612 2347 placare,
636 2303 688 2336 sic
705 2315 762 2348 ap.
786 2305 863 2339 Cic.
894 2307 931 2340 in
948 2308 1057 2341 Tusc.
1074 2309 1110 2351 2,

374 2362 413 2404 9,
432 2362 489 2395 22.
518 2371 652 2404 pacare
675 2372 738 2404 pro
765 2361 937 2407 scriptura
959 2363 995 2396 in
1018 2374 1109 2397 omn.

374 2429 456 2451 mss.
473 2422 612 2462 reperta
626 2416 697 2460 legi
720 2417 911 2451 maluerunt
925 2430 985 2452 vv.
1004 2419 1110 2463 docti,

375 2474 437 2507 sed
454 2475 535 2508 vide
563 2475 607 2508 ad
632 2485 708 2507 eum
723 2473 836 2508 locum
858 2475 904 2508 R.
921 2475 1108 2520 Klotzium,

377 2531 537 2564 acerrimi
567 2531 700 2575 ingenii
729 2531 854 2565 virum.
903 2531 1109 2577 Quanquam

377 2588 484 2621 verba
498 2588 593 2630 plac.
613 2591 648 2621 et
670 2599 753 2632 pac.
786 2599 892 2633 saepe
912 2594 1109 2632 permutan-

375 2647 451 2686 tur,
476 2643 519 2676 de
549 2655 617 2687 qua
647 2656 687 2677 re
718 2644 880 2678 dixerunt
909 2645 1033 2679 Heins.
1065 2645 1109 2680 ad

376 2698 501 2732 Claud.
544 2699 587 2732 de
618 2706 722 2745 raptu
752 2700 917 2747 Proserp.
952 2703 994 2745 2,
1029 2702 1107 2736 147.

375 2755 491 2788 Bentl.
509 2756 553 2789 ad
567 2757 608 2789 A.
625 2756 666 2789 P.
687 2758 764 2791 197.
781 2757 856 2791 Fea
874 2759 918 2791 ad
934 2758 1010 2792 Sat.
1028 2760 1061 2801 2,
1074 2759 1107 2802 8,

375 2811 410 2845 5.
443 2811 569 2844 Markl.
594 2813 637 2845 ad
663 2814 754 2847 Stat.
780 2815 869 2848 Silv.
897 2816 931 2858 3,
956 2815 1000 2858 3,
1030 2813 1107 2848 184.

377 2868 476 2901 Cort-
507 2867 551 2901 ad
577 2867 709 2902 Lucan.
741 2871 774 2914 5,
800 2872 881 2906 373.
923 2871 1031 2905 Drak.
1064 2870 1109 2904 ad

378 2924 443 2957 Sil.
460 2926 495 2967 2,
518 2925 599 2959 483.
625 2925 668 2958 ad
684 2925 763 2960 Liv.
780 2928 819 2972 3,
835 2929 875 2971 9,
905 2928 960 2962 10.
990 2927 1107 2970 Heyn.

1169 788 1204 819 et
1219 786 1346 830 Wagn.
1364 787 1407 821 ad
1422 786 1522 832 Virg.
1539 787 1627 822 Aen.
1643 787 1678 831 6,
1699 784 1777 822 804.
1788 811 1799 831 ,
1817 787 1896 822 vul-

1168 842 1262 885 garis
1277 847 1391 876 tamen
1406 845 1580 890 scriptura
1594 845 1703 890 proba
1719 847 1788 888 est,
1805 843 1899 888 quod

1167 898 1260 932 infra
1302 899 1458 944 pluribus
1497 900 1644 936 dicetur.
1686 905 1897 945 pascantur.

1166 953 1233 987 Bn.
1265 955 1311 988 E.
1342 959 1535 1000 parantur.
1573 958 1639 991 Bn.
1664 957 1691 991 f.
1738 957 1899 991 Ceterum

1166 1008 1372 1046 Praedicov.
1403 1013 1479 1046 sic:
1521 1013 1710 1056 Quaeritor
1740 1025 1823 1058 arg.
1852 1032 1901 1039 —

1164 1072 1342 1110 pacantur
1356 1081 1388 1102 υ.
1406 1070 1514 1103 silvae
1525 1071 1542 1104 ?
1586 1070 1632 1103 V.
1649 1068 1693 1104 44
1709 1073 1744 1104 et
1763 1069 1820 1104 45.
1836 1069 1898 1102 de-

1167 1122 1218 1156 let
1247 1123 1421 1168 Guyetus.
1469 1126 1564 1166 Quid
1595 1137 1670 1160 eum
1703 1126 1899 1170 offenderit,

1167 1178 1225 1212 hic
1240 1180 1344 1214 facile
1360 1186 1412 1215 est
1432 1182 1621 1216 intellectu.
1653 1182 1711 1217 Cf.
1729 1186 1897 1216 annotatt.

1167 1235 1211 1269 ad
1226 1237 1256 1270 Ι.
1277 1237 1353 1271 106.
1370 1249 1405 1282 p.
1423 1239 1480 1272 22.

1211 1292 1257 1326 V.
1284 1292 1342 1326 46.
1393 1294 1458 1327 Gai
1483 1293 1571 1327 satis
1595 1298 1648 1329 est
1678 1295 1784 1338 quod.
1828 1295 1898 1330 Ms-

1167 1348 1234 1382 Bn.
1259 1348 1287 1382 f.
1319 1349 1389 1382 Ed.
1413 1349 1493 1383 Jon.
1517 1369 1564 1376 —-
1593 1352 1779 1397 contingit.
1810 1352 1899 1387 Mas.

1169 1404 1278 1448 Cruq.
1297 1405 1328 1449 1,
1347 1416 1379 1438 a.
1395 1406 1431 1439 b.
1465 1406 1593 1451 aliique
1613 1419 1670 1454 ap.
1688 1409 1790 1443 eund.
1806 1408 1898 1454 pqu.

1167 1472 1224 1505 ap.
1235 1461 1329 1495 Pott.
1340 1473 1442 1506 omn„
1459 1467 1498 1497 ut
1510 1464 1681 1506 videntur,
1699 1466 1898 1513 ap.Bersm.

1166 1518 1274 1551 Feam
1300 1518 1432 1561 (Acron
1449 1523 1484 1552 et
1498 1519 1616 1554 Schol.
1633 1521 1742 1566 Cruq.
1761 1522 1798 1556 in
1813 1522 1898 1556 lem-

1168 1574 1278 1617 mate)
1307 1579 1341 1608 et
1358 1575 1432 1609 fere
1449 1587 1536 1609 omn.
1555 1577 1779 1622 ap.Hoehed.
1797 1579 1899 1613 Gott.

1169 1630 1202 1664 1.
1220 1631 1256 1665 2.
1283 1631 1470 1676 contingit,
1496 1632 1596 1666 nihil.
1626 1633 1713 1667 Mss.
1739 1646 1828 1668 omn.
1842 1646 1899 1680 ap.

1169 1687 1275 1720 Torr.
1293 1692 1387 1731 quat.
1413 1700 1470 1732 ap.
1495 1689 1625 1723 Bersm.
1650 1689 1770 1724 Comb.
1793 1690 1837 1724 A.
1852 1690 1899 1725 F.

1169 1744 1216 1776 G.
1235 1743 1355 1777 Oberl.
1372 1744 1414 1777 C.
1430 1745 1517 1778 Bad.
1537 1747 1568 1779 1.
1600 1745 1667 1779 Bn.
1685 1758 1775 1780 omn.
1794 1758 1899 1792 prae-

1167 1803 1222 1834 ter
1236 1798 1279 1833 A.
1293 1825 1303 1843 ,
1333 1800 1370 1833 in
1386 1811 1454 1844 quo
1471 1802 1622 1845 contigit
1643 1813 1663 1835 a
1678 1803 1711 1836 2.
1728 1815 1773 1837 m.
1806 1814 1896 1837 corr.

1169 1856 1277 1889 Goth.
1293 1856 1396 1890 Dess.
1415 1859 1447 1891 1.
1463 1858 1498 1891 2.
1531 1857 1604 1899 (hic
1627 1859 1750 1903 nichil,
1767 1863 1806 1893 ut
1821 1860 1896 1893 Go-

1166 1912 1311 1954 thanus3
1336 1913 1380 1946 de
1396 1924 1463 1956 qua
1480 1914 1652 1948 scribendi
1667 1915 1803 1949 ratione
1822 1915 1896 1950 vid.

1165 1969 1303 2014 Apulej.
1326 1969 1370 2003 de
1386 1969 1470 2002 Not.
1498 1970 1640 2014 aspirat.
1666 1983 1704 2016 p.
1722 1973 1800 2007 113.
1818 1973 1896 2007 117.

1166 2026 1222 2059 ed.
1242 2025 1394 2068 Osann.)
1418 2030 1452 2058 et
1477 2025 1553 2058 sine
1579 2026 1661 2060 dub.
1686 2028 1794 2062 Dorv.
1813 2028 1845 2062 1.
1861 2029 1897 2063 2.

1166 2081 1300 2114 Graev.
1334 2085 1369 2113 et
1398 2081 1542 2115 Mentel.
1589 2084 1786 2128 contingit,
1831 2084 1897 2118 nil.

1164 2137 1251 2170 Mss.
1268 2136 1474 2170 duoBersm.
1493 2149 1550 2183 ap.
1560 2138 1718 2172 Hoched.
1729 2150 1762 2172 e.
1776 2139 1896 2174 Guelf.

1165 2194 1199 2227 2.
1210 2194 1245 2227 3.
1263 2192 1297 2227 4.
1316 2193 1360 2226 al.
1379 2205 1436 2237 ap.
1452 2194 1570 2228 Jaeck.
1586 2195 1702 2240 Lipss.
1719 2194 1772 2228 m'l
1788 2197 1895 2240 ampl.

1165 2248 1251 2282 Mss.
1269 2250 1366 2283 Feae
1392 2251 1430 2293 1,
1457 2261 1490 2283 a.
1507 2251 1541 2284 b.
1559 2250 1593 2284 d.
1616 2262 1649 2283 e.
1672 2261 1703 2284 r.
1734 2251 1777 2294 2,
1803 2262 1836 2285 a.
1860 2263 1899 2296 g.

1165 2307 1199 2350 3,
1218 2318 1250 2340 a.
1275 2306 1309 2350 5,
1329 2318 1362 2340 a.
1395 2307 1431 2350 (a
1447 2309 1482 2343 2.
1498 2307 1574 2350 m.).
1601 2306 1801 2352 continget,
1831 2309 1896 2342 nil.

1165 2362 1234 2396 Ms.
1252 2363 1372 2397 Oberl.
1389 2363 1435 2397 D.
1461 2362 1618 2396 Hoc'hed.
1643 2363 1670 2396 f.
1697 2364 1898 2409 contingat,

1164 2419 1268 2453 nihil.
1324 2419 1393 2453 Ms.
1426 2418 1545 2451 Guelf.
1574 2419 1606 2452 1.
1639 2419 1809 2465 contigit,
1841 2421 1898 2455 Ῑιίο

1163 2474 1264 2510 nihil.
1295 2475 1381 2508 Mss.
1405 2474 1526 2508 Lamb.
1549 2479 1622 2508 tres
1653 2476 1895 2520 antiquissimi.

1164 2531 1359 2575 contingit,
1381 2531 1412 2565 is
1434 2531 1534 2564 nihil.
1580 2531 1648 2564 Ms.
1665 2532 1776 2578 Cruq.
1807 2536 1838 2577 l,
1860 2544 1896 2568 a.

1162 2595 1227 2631 per
1255 2586 1405 2620 lituram.
1437 2587 1599 2632 contigit.
1655 2587 1742 2622 Mss.
1773 2589 1895 2623 Lamb-

1165 2655 1254 2678 omn.
1274 2645 1382 2688 Cruq.
1403 2647 1440 2687 1,
1460 2655 1491 2676 c.
1510 2643 1544 2677 d.
1568 2645 1603 2679 7.
1627 2646 1663 2679 2.
1690 2645 1725 2678 3.
1747 2644 1844 2679 Pott.
1859 2645 1894 2680 3.

1163 2702 1198 2735 9.
1218 2699 1272 2734 14.
1288 2701 1342 2734 16.
1359 2700 1404 2733 al.
1427 2701 1485 2734 Ex
1509 2700 1575 2733 hoc
1596 2699 1793 2734 confusiore
1807 2699 1895 2734 scri-

1162 2761 1286 2802 pturae
1314 2757 1481 2790 variantis
1508 2756 1669 2800 elencho,
1696 2756 1792 2800 cujus
1815 2755 1895 2800 qui-

1165 2813 1240 2846 dem
1255 2813 1307 2846 rei
1333 2813 1434 2858 culpa
1450 2813 1487 2847 in
1509 2813 1596 2858 ipsis
1610 2812 1814 2847 Editoribus
1831 2816 1895 2856 est,

1163 2870 1339 2914 contingit
1362 2882 1480 2903 veram
1502 2881 1578 2904 esse
1599 2869 1780 2903 lectionem
1809 2868 1894 2902 satis

1162 2931 1320 2972 apparet.
1366 2926 1420 2959 De
1437 2926 1547 2960 forma
1561 2925 1613 2960 nil
1639 2929 1674 2960 et
1688 2925 1776 2959 nillil
1790 2922 1891 2957 dubi-
