2028 3268
434 244 517 286 352

501 370 615 415 Esse
645 370 762 414 mihi.
772 366 804 395 ‘⁶

765 243 985 283 HORATII
1010 242 1147 282 LIBRI
1172 243 1201 280 I.
1259 241 1516 281 EPISTOLA
1543 243 1623 282 VII.

1891 243 1946 283 80

873 399 905 427 „
920 367 1042 427 „Pol
1074 381 1143 412 me
1175 369 1397 426 miserum,
1430 371 1632 428 patrone,
1666 378 1863 424 vocares,

504 449 555 495 Si
586 443 835 505 velles‚““
865 448 1020 506 inquit,
1058 457 1291 504 ,mverum
1320 446 1420 489 mihi
1449 459 1608 503 ponere
1638 457 1808 488 nomen.

506 526 633 584 Quod
663 528 706 567 te
739 537 818 582 per
854 523 1036 567 Genium
1068 523 1340 580 dextramque
1373 523 1558 580 deosque
1584 523 1756 566 Penatis

505 605 693 649 Obsecro
726 605 770 645 et
799 603 1010 661 obtestor,
1041 602 1155 645 vitae
1183 614 1251 644 me
1283 601 1415 644 redde
1445 597 1679 658 priori-“⁶⁶

1893 597 1947 638 95

506 682 591 739 Qui
622 681 755 724 semel
787 682 979 739 aspexit,
1013 682 1210 737 quantum
1245 678 1414 721 dimissa
1440 679 1582 736 petitis

504 760 758 818 Praestent,
793 761 959 802 mature
989 758 1140 801 redeat
1167 759 1416 815 repetatque
1447 757 1614 799 relicta.

507 837 654 882 Metiri
682 849 731 880 se
763 849 968 895 quemque
997 849 1075 880 suo
1106 835 1277 880 modulo
1308 850 1362 880 ae
1389 834 1501 893 pede
1529 846 1679 878 verum
1713 834 1796 876 est.

440 995 498 1029 90.
541 993 683 1027 Ramsh.
709 993 774 1026 Gr.
790 992 852 1025 lat.
870 995 902 1034 §.
921 992 999 1026 220.
1016 1003 1053 1036 p.
1071 989 1172 1025 1065.

441 1051 497 1084 ed.
515 1051 548 1085 2.
564 1069 619 1074 —-
634 1048 745 1083 V.92.
772 1048 853 1081 Post
866 1059 930 1080 me.
955 1047 1024 1080 Ms.
1035 1047 1132 1080 Mon.
1146 1047 1172 1079 f.

496 1106 540 1139 V.
557 1104 615 1138 93.
643 1110 775 1138 rectum
790 1103 880 1137 mihi.
910 1102 980 1136 ΜΕ.
1004 1103 1070 1135 Fe.
1088 1104 1121 1145 2,
1137 1114 1173 1146 g.

440 1181 495 1188 ·—-
522 1171 663 1207 ponere.
708 1159 797 1193 Mss.
824 1159 947 1192 Lamb.
975 1159 1052 1191 fere
1083 1169 1172 1191 omn.

442 1218 552 1261 Cruq.
583 1218 623 1260 1,
653 1215 838 1260 antiquiss.
863 1217 898 1250 7.
921 1210 956 1247 4.
981 1215 1031 1257 (a.
1057 1213 1114 1257 b.)
1140 1215 1173 1248 2.

443 1274 554 1307 Torr.
577 1276 617 1305 ut
639 1271 712 1304 vid.
737 1283 826 1304 omn.
858 1269 969 1304 Pulm.
992 1271 1024 1303 1.
1041 1271 1073 1304 2.
1091 1267 1126 1303 4.
1142 1270 1175 1304 7.

443 1330 500 1363 10.
527 1329 666 1362 Bersm.
682 1327 762 1360 duo.
780 1327 887 1360 Talb.
914 1325 1080 1371 complut.
1097 1325 1178 1358 Val.

442 1389 538 1419 octo.
570 1382 695 1417 Oberl.
723 1383 765 1415 C.
792 1383 837 1416 D.
863 1382 987 1416 Comb.
1010 1382 1052 1416 B.
1070 1381 1112 1414 C.
1130 1382 1177 1414 G.

442 1441 509 1474 Fe.
527 1441 569 1483 1,
591 1440 628 1473 b.
647 1439 681 1472 d.
700 1450 731 1471 e.
748 1450 784 1482 g.
802 1450 846 1471 m.
865 1451 897 1472 ο.
915 1450 949 1483 q.
982 1439 1071 1480 2,a.
1089 1437 1178 1481 (al.

442 1496 508 1539 m.)
523 1497 550 1529 f.
568 1507 603 1539 g.
635 1496 669 1538 6,
686 1506 717 1528 c.
748 1495 782 1536 7,
798 1495 833 1527 b.
864 1495 905 1537 9,
923 1506 954 1527 a.
971 1497 1128 1527 notatum
1142 1492 1180 1526 in

444 1564 508 1586 ora
530 1552 586 1585 ed.
617 1550 697 1584 Ald.
716 1549 796 1583 501.
821 1550 859 1583 in
881 1549 976 1584 Bibl.
1000 1550 1083 1583 Vat.
1110 1549 1178 1582 duo

443 1620 502 1653 ap.
522 1607 604 1641 Gul.
621 1607 765 1639 Canter.
784 1605 881 1639 Nov.
905 1606 1022 1640 Lectt.
1049 1602 1092 1647 4,
1123 1606 1179 1639 12.

442 1664 543 1698 Pott.
571 1663 604 1696 7.
621 1663 654 1696 8.
670 1663 704 1696 9.
723 1662 779 1695 16.
797 1661 853 1694 19.
896 1662 1018 1695 Jaeck.
1042 1658 1078 1694 4.
1095 1659 1128 1694 5.
1146 1661 1180 1694 6.

445 1718 559 1752 Orell.
577 1729 667 1751 omn.
701 1716 820 1750 Guelf.
836 1718 869 1751 2.
899 1717 1008 1749 Goth.
1026 1717 1128 1749 Gott.
1147 1715 1179 1748 1.

443 1774 546 1819 Lips.
572 1773 606 1806 3.
651 1772 749 1806 Mon.
776 1773 812 1805 b.
838 1784 868 1805 c.
887 1784 918 1804 e.
936 1773 962 1805 f.
1006 1772 1118 1805 Dorv.
1146 1772 1179 1804 1.

445 1829 592 1863 Corbei.
610 1828 687 1861 cod.
703 1827 852 1861 Mentel.
876 1828 946 1861 Ed.
962 1830 1036 1860 vet.
1052 1830 1092 1860 ut
1106 1826 1180 1859 vid.

443 1884 525 1920 476.
550 1896 607 1929 ap.
624 1883 745 1917 Maitt.
775 1887 812 1916 et
825 1883 992 1926 Vascos.,
1022 1882 1183 1916 restituit

443 1941 568 1976 Lamb.
580 1966 589 1983 ‚
612 1939 695 1972 inde
711 1939 820 1983 Cruq.
839 1939 947 1972 Torr.
963 1938 1052 1972 Min.
1069 1938 1182 1971 Chab.

445 1999 582 2031 Bersm.
597 1995 711 2028 Bond.
723 1994 907 2027 Schrevel.
920 1993 1062 2027 Maroll.
1077 1994 1183 2027 Tart-

449 2053 558 2087 Talb.
573 2051 692 2084 Bentl.
707 2051 814 2083 Baxt.
831 2049 951 2083 Maitt.
977 2054 1015 2083 et
1028 2053 1181 2083 recentt.

446 2108 570 2154 paucis
597 2106 772 2151 exceptiS.
812 2106 934 2139 dicere.
964 2105 1052 2139 Mss.
1077 2104 1182 2149 reliq.

447 2169 486 2199 et
512 2176 532 2198 e
556 2162 689 2196 nostris
716 2161 835 2195 Guelf.
854 2163 886 2195 1.
912 2157 1107 2209 (superscr.
1122 2161 1185 2194 im—

444 2219 593 2266 ponere)
609 2218 643 2252 3.
659 2215 695 2252 4.
725 2217 846 2251 Berol.
863 2218 896 2250 1.
913 2218 946 2251 2.
977 2218 1082 2251 Dess.
1099 2219 1132 2250 1.
1150 2217 1183 2251 2.

449 2277 553 2310 Gott.
572 2276 605 2310 2.
629 2274 729 2318 Lips.
746 2275 778 2307 1.
796 2275 829 2308 2.
854 2273 952 2307 Mon.
963 2273 987 2306 l.
1000 2285 1045 2306 m.
1071 2273 1183 2307 Dorv-

449 2333 483 2368 2.
525 2332 659 2364 GraeV.
689 2329 854 2363 Rudolst.
893 2329 964 2362 Ed.
988 2329 1101 2374 princ.
1125 2339 1184 2372 ap.

450 2387 575 2421 Comb.
592 2388 629 2419 et
644 2388 734 2419 vett.
750 2385 848 2429 vulg.
866 2384 971 2418 etiam
987 2385 1086 2418 Glar.
1098 2384 1184 2428 Xyl.

449 2443 562 2477 Fabr.
589 2441 702 2475 Pulm.
727 2441 775 2474 H.
793 2440 920 2485 steph.
937 2439 1032 2474 Pisc.
1050 2440 1186 2474 Biedm.

449 2499 575 2533 Heius.
605 2497 650 2531 R.
668 2497 796 2541 Steph.
813 2496 893 2531 613.
931 2496 978 2529 Τ.
994 2496 1085 2529 Fab.
1115 2496 1188 2528 Ro-

452 2554 536 2588 dell.
551 2555 684 2598 Despr.
700 2553 831 2586 Zurck.
847 2552 934 2586 Dac.
945 2551 1039 2585 Phil.
1051 2551 1189 2585 Bodon.

453 2611 577 2655 Camp.
598 2610 731 2654 Charp.
770 2609 841 2642 Pro
862 2607 1074 2652 glossemate
1091 2610 1191 2641 recte

451 2666 562 2699 habet
585 2666 673 2699 Fea.
705 2683 752 2689 —
793 2665 837 2697 V.
859 2661 917 2698 94.
953 2664 1023 2697 Sed
1043 2668 1088 2698 te.
1120 2662 1190 2696 Ms.

454 2722 573 2754 Guelf.
587 2722 618 2754 1.
628 2720 859 2764 ——poenatz's.
874 2720 944 2753 Ms.
955 2719 1056 2764 Lips.
1068 2720 1100 2754 2.
1109 2729 1192 2763 poe-

453 2783 564 2812 nates.
595 2776 800 2821 E‹1‹1.-Lips.
816 2772 898 2812 492.
932 2775 1022 2809 Ven.
1040 2771 1121 2810 492.
1143 2773 1190 2808 al.

1274 991 1318 1025 V.
1340 991 1397 1026 96.
1431 991 1532 1034 Quod
1554 989 1668 1025 simul.
1705 988 1776 1023 Ms.
1790 987 1901 1021 Dorv.
1917 987 1951 1021 2.

1223 1046 1305 1090 Quis
1325 1047 1436 1081 simul.
1478 1046 1547 1080 Ms.
1574 1046 1665 1079 Lov.
1687 1056 1744 1090 ap.
1767 1044 1950 1078 Bormans.

1219 1120 1275 1128 —-
1293 1104 1408 1136 semel.
1447 1102 1518 1136 Ms.
1540 1102 1648 1146 Cruq.
1674 1102 1708 1136 6.
1737 1101 1873 1133 Bersm.
1892 1109 1950 1131 un.

1219 1170 1301 1192 mSS.
1311 1157 1478 1202 complut.
1487 1155 1585 1206 (octo
1597 1157 1687 1190 enim
1695 1156 1828 1191 habent
1834 1154 1953 1195 simul)

1220 1226 1278 1259 ap.
1294 1215 1374 1247 val.
1395 1218 1433 1247 et
1445 1217 1485 1246 ut
1499 1213 1573 1246 vid.
1588 1213 1677 1247 Bad.
1695 1213 1727 1246 1.
1761 1211 1858 1245 Mon.
1873 1210 1910 1242 b.
1926 1209 1952 1241 f.

1222 1270 1247 1303 l.
1291 1270 1367 1303 Fea
1393 1270 1437 1303 de
1458 1269 1530 1303 suis
1550 1273 1659 1303 tacet.
1701 1267 1797 1300 Edd.
1821 1265 1954 1298 Muret.

1224 1326 1327 1360 duae.
1358 1324 1462 1359 Bruti
1477 1325 1578 1359 duae.
1605 1323 1757 1358 Bertelli
1768 1322 1858 1355 Ven.
1874 1319 1954 1354 590.

1225 1387 1262 1416 et
1271 1382 1411 1415 Rodell.
1429 1385 1518 1425 tres,
1539 1384 1633 1414 teste
1649 1378 1799 1422 Cuning.
1819 1377 1855 1410 in
1869 1376 1957 1411 Ani—

1223 1438 1339 1472 madv.
1374 1449 1410 1482 p.
1439 1436 1497 1471 75.
1536 1438 1664 1478 Baxt.;
1693 1434 1870 1482 approbat
1898 1433 1954 1465 Jo.

1223 1494 1317 1528 Mar.
1336 1493 1486 1527 Mattius
1504 1492 1542 1526 in
1561 1493 1668 1536 Trig.
1690 1491 1824 1535 Opusc.
1845 1487 1955 1532 Opin.

1224 1550 1259 1593 3,
1275 1549 1331 1584 23.
1348 1561 1384 1594 p.
1397 1546 1477 1583 425.
1492 1548 1624 1582 vindic.
1632 1546 1749 1581 Bentl.
1765 1555 1866 1590 quem
1880 1554 1955 1586 seq.

1224 1609 1377 1640 recentt.
1391 1606 1468 1638 fere
1485 1616 1574 1638 omn.
1593 1603 1705 1637 simul.
1743 1601 1832 1634 Mss.
1850 1599 1956 1642 reliq.

1227 1665 1265 1695 et
1287 1661 1368 1694 edd.
1398 1664 1489 1694 vett.
1515 1659 1612 1703 vulg.
1641 1657 1747 1692 etiam
1767 1656 1890 1689 Lamb.
1921 1657 1959 1686 et

1226 1718 1336 1760 Cruq.
1349 1742 1358 1759 ,
1400 1715 1460 1760 qui
1490 1716 1662 1760 probant,
1701 1711 1812 1746 Pulm.
1844 1711 1958 1744 Fabr.

1227 1773 1336 1806 Torr.
1362 1774 1498 1806 Bersm.
1523 1783 1542 1804 e
1561 1772 1714 1804 recentt.
1734 1767 1842 1801 Talb.
1869 1766 1958 1800 Dae.

1228 1828 1333 1861 Tart.
1357 1827 1478 1862 Maitt.
1499 1826 1632 1860 Sandb.
1673 1825 1730 1859 Ita
1748 1823 1852 1856 etiam
1869 1820 1960 1864 legit

1229 1883 1348 1916 Schol.
1370 1884 1497 1927 Cruq.,
1526 1881 1584 1926 qui
1606 1880 1734 1925 explic.
1754 1889 1861 1922 „mox
1878 1876 1958 1909 ut.“

1228 1939 1390 1972 Probant
1410 1942 1447 1971 et
1461 1937 1641 1982 explicant.
1653 1933 1794 1970 Marcil.
1809 1933 1846 1966 in
1861 1932 1959 1973 Quo-

1228 1994 1354 2027 tidian.
1374 2005 1410 2038 p.
1433 1993 1513 2027 123.
1544 1993 1645 2026 Cort.
1661 1991 1707 2024 ad
1722 1989 1807 2023 Sall.
1828 1988 1909 2032 Jug.
1923 1983 1959 2030 4,

1231 2051 1264 2086 2.
1306 2049 1398 2092 Quin
1415 2049 1516 2082 simul
1535 2067 1590 2074 -—-
1607 2046 1752 2081 relicta?
1789 2044 1859 2078 Ed.
1878 2043 1961 2077 Bri-

1227 2108 1327 2139 tann.
1369 2105 1425 2138 De
1449 2103 1655 2138 confusione
1675 2101 1777 2136 simul
1801 2104 1838 2134 et
1857 2099 1962 2133 semel

1228 2161 1303 2195 vid.
1320 2161 1439 2195 Bentl.
1455 2164 1493 2194 et
1509 2159 1621 2194 Orell.
1639 2158 1685 2192 ad
1699 2158 1776 2190 Sat.
1793 2158 1813 2192 2
1825 2181 1834 2199 ,
1849 2153 1884 2198 8,
1902 2151 1959 2190 24.

1229 2218 1331 2251 Cort.
1349 2217 1393 2250 ad
1406 2216 1538 2250 Lucan.
1549 2217 1583 2259 6,
1598 2213 1678 2250 756.
1701 2210 1960 2247 Oudend.ibid.

1230 2272 1274 2316 3,
1301 2273 1380 2307 296.
1426 2273 1539 2306 Drak.
1559 2271 1604 2305 ad
1623 2270 1705 2304 Liv.
1725 2265 1787 2312 24,
1813 2269 1878 2310 22,
1902 2261 1960 2300 14.

1230 2329 1360 2373 Wagn.
1382 2330 1419 2361 et
1437 2328 1587 2371 Forbig.
1604 2325 1650 2359 ad
1672 2323 1773 2368 Virg.
1792 2322 1881 2357 Aen.
1905 2323 1961 2363 11,

1231 2381 1313 2419 418.
1341 2384 1467 2417 Loers.
1483 2384 1528 2417 ad
1536 2379 1797 2426 Virg.Heroid.
1810 2380 1866 2421 10,
1884 2378 1963 2411 112.

1234 2439 1406 2474 Schmidio
1429 2440 1532 2483 hujus
1550 2437 1621 2471 loci
1643 2434 1852 2481 depravatio
1868 2445 1913 2467 ex
1927 2442 1963 2465 v.

1233 2496 1291 2529 90.
1324 2505 1482 2528 manasse
1514 2493 1669 2528 videtur.
1710 2509 1766 2518 ·—
1804 2489 1964 2524 demissa.

1236 2550 1325 2584 Mss.
1345 2550 1481 2584 Bersm.
1503 2550 1583 2583 duo.
1614 2549 1670 2583 Ik.
1689 2558 1779 2581 omn.
1807 2546 1911 2579 Gott.
1930 2544 1965 2578 2.

1237 2605 1374 2640 dimissa
1383 2606 1503 2650 priori.
1533 2606 1603 2639 Ed.
1619 2602 1746 2638 Heius.
1762 2601 1843 2636 612.
1875 2600 1966 2633 Ver-

1235 2672 1310 2694 sum
1334 2661 1379 2695 96
1404 2665 1441 2695 et
1463 2662 1521 2697 97.
1540 2662 1636 2695 delet
1653 2659 1828 2704 Guyetus.
1846 2675 1902 2682 ——-
1919 2654 1966 2687 V.

1235 2717 1294 2750 97.
1325 2722 1520 2760 praestant.
1550 2717 1621 2753 Ms.
1646 2715 1713 2750 Fe.
1739 2715 1780 2757 2,
1809 2723 1841 2747 a.
1870 2710 1966 2744 Edd.

1235 2772 1335 2818 Lips.
1352 2771 1434 2808 513.
1454 2770 1511 2809 14.
1528 2773 1584 2808 16.
