2028 3268
453 253 537 296 390
610 256 979 298 COMMENTARII
997 257 1058 297 IN
1074 257 1291 298 HORATII
1308 257 1403 297 LIB.
1418 259 1448 298 Ι.
1466 259 1628 302 EPIST.
1644 260 1787 302 SEPT.
1869 265 1948 306 118

452 381 563 419 lautis
582 382 708 419 coenis
729 379 954 417 delectatum
973 392 1058 418 esse
1077 383 1177 418 teste
1195 377 1362 417 Varrone
1378 380 1427 418 R.
1445 380 1494 419 R.
1511 381 1551 430 3,
1572 384 1613 432 3,
1632 384 1670 422 9.
1729 385 1789 422 Cf.
1806 383 1950 423 Colum.

452 448 494 498 8,
515 450 580 490 16.
603 470 650 477 —-
671 459 787 482 mane
805 446 943 492 cliens,
963 449 1005 484 ut
1022 458 1056 483 v.
1077 445 1144 484 68.
1182 444 1278 482 Hinc
1296 458 1493 496 perperam
1511 448 1768 488 Britannicus
1785 464 1820 489 v.
1839 461 1954 488 mane

453 527 534 553 cum
553 512 669 551 verbo
689 514 745 548 ire
765 513 966 562 conjungit.
1016 513 1158 550 Confer
1178 512 1288 549 etiam
1307 512 1389 549 Juv.
1410 513 1450 562 5,
1473 514 1538 556 20.
1559 515 1764 562 sollicitus,
1783 530 1831 554 ne
1856 518 1954 554 Tota

453 581 664 619 salutatrix
670 581 765 626 jam
783 578 899 615 turba
913 580 1107 630 peregerit
1125 577 1254 615 orbem
1277 578 1480 617 Sideribus
1498 580 1639 619 dubiis.
1684 583 1782 621 Stat.
1804 584 1893 621 Silv.
1912 581 1955 634 4,

450 648 502 697 9,
531 646 599 686 48.
662 645 793 694 Quid,
823 646 860 682 si
889 659 1012 696 quum
1040 644 1132 682 bene
1157 658 1272 682 mane
1290 647 1530 685 semicrudus
1549 648 1715 686 Illatam
1734 648 1806 686 tibi
1823 650 1953 687 dixero

451 714 618 751 salntem
642 712 721 748 -Ρ
757 710 885 749 Manil.
921 711 1072 750 Astron.
1101 711 1150 760 5,
1178 711 1245 752 65.
1303 713 1465 750 Limina
1486 715 1728 764 pervolitans
1758 728 1956 766 unumque

447 794 519 830 per
537 780 669 816 omnia
686 777 846 816 verbum
865 779 986 816 Mane
1002 779 1205 816 salutandi
1215 786 1383 829 portans
1402 783 1617 819 communis
1635 783 1796 820 amicus.
1844 781 1956 820 Mart.

450 850 492 896 2,
516 847 582 896 18,
601 847 639 886 3.
696 846 818 883 Mane
834 846 1052 883 salutatum
1072 847 1196 883 venio.
1255 847 1312 884 Id.
1335 850 1371 896 1,
1394 847 1461 897 56,
1483 850 1519 888 6.
1539 845 1579 896 4,
1600 849 1640 897 8,
1662 849 1700 889 1.
1755 847 1957 886 Praeterea

449 913 618 952 homines
645 914 876 963 potentiores
904 914 1048 952 Romae
1075 914 1295 964 vespertinis
1335 915 1451 965 epulis
1488 917 1691 954 matutinae
1724 906 1957 952 salutationis

450 981 615 1020 officium
631 983 788 1018 venatos
808 993 894 1018 esse
919 983 1090 1029 constat,
1118 981 1204 1018 inde
1231 979 1387 1019 Lucian.
1416 982 1565 1032 Nigrin.
1597 985 1662 1024 22.
1691 978 1736 1022 τό
1767 978 1958 1034 φορτικόν

449 1047 576 1089 ἐκεῖνο
608 1048 771 1087 δεῖπνον
802 1045 869 1086 καὶ
896 1050 1052 1087 πολλῶν
1082 1047 1208 1087 αἴτιον
1229 1050 1466 1100 συμφορῶν,
1495 1049 1558 1086 ubi
1587 1050 1670 1087 vide
1690 1049 1905 1088 Hemsterh.
1927 1047 1957 1086 I.

450 1128 490 1166 p.
512 1113 605 1156 259.
629 1134 678 1141 -—-
710 1116 858 1160 etjam.
917 1115 1000 1152 Hac
1023 1115 1206 1165 scriptura
1222 1115 1314 1151 mire
1334 1118 1489 1164 augetur
1509 1118 1718 1165 sententia,
1749 1115 1960 1166 languescit

450 1182 569 1220 altera
587 1182 717 1219 etiam.
781 1181 916 1217 Certus
934 1182 1067 1219 dicitur
1087 1183 1253 1219 conviva
1269 1181 1328 1219 vel
1354 1183 1454 1231 „qui
1470 1195 1545 1220 non
1564 1183 1679 1232 fallit,
1710 1184 1889 1232 frequens
1919 1184 1961 1218 et

449 1252 656 1301 perpetuus
684 1249 763 1285 fere
792 1249 947 1285 conviva
956 1248 1009 1296 ,⁶⁶
1034 1253 1074 1286 ut
1099 1249 1150 1286 ait
1178 1247 1432 1294 G-roebelius,
1462 1248 1519 1286 vel
1547 1250 1610 1299 qui
1629 1249 1814 1299 quotidie,
1842 1247 1960 1286 semel

449 1320 633 1365 vocatus,
662 1315 786 1364 venit,
817 1315 919 1365 quod
945 1328 1028 1353 cum
1045 1315 1207 1353 Dacerio
1234 1315 1374 1354 mavult
1393 1314 1552 1352 Nodell.
1583 1316 1621 1352 in
1645 1315 1740 1353 Not.
1763 1316 1845 1353 crit.
1864 1328 1898 1352 c.
1919 1312 1958 1353 4.

451 1395 491 1434 p.
510 1381 578 1421 93.
637 1380 811 1430 Bentleji
828 1396 936 1419 serus
954 1383 1120 1420 conviva
1141 1386 1221 1432 est,
1240 1385 1283 1420 ut
1301 1385 1404 1420 recte
1424 1383 1535 1420 docet
1561 1382 1757 1427 Orellius,
1777 1383 1838 1432 qui
1857 1393 1959 1430 sere,

452 1462 564 1499 quum
584 1449 697 1485 ceteri
711 1448 851 1498 jamdiu
870 1449 1134 1499 discubuerint,
1152 1450 1265 1490 venit.
1307 1449 1484 1487 Ceterum
1503 1450 1550 1486 de
1570 1449 1642 1488 hoc
1661 1449 1848 1486 hominum
1869 1461 1960 1498 epu·

451 1514 497 1553 lis
516 1516 731 1553 inhiantiiun
752 1528 888 1564 genere
907 1521 1058 1566 praeter
1077 1515 1268 1554 Gebhard.
1289 1517 1327 1553 in
1347 1516 1537 1565 Crepund.
1555 1518 1594 1565 2,
1618 1515 1681 1556 15.
1702 1515 1850 1566 egregie
1871 1507 1962 1552 dixit

453 1582 714 1619 Burmannus
739 1582 787 1618 ad
810 1581 962 1620 Petron.
982 1583 1050 1623 33.
1079 1596 1118 1633 p.
1142 1583 1235 1624 132.
1291 1581 1447 1620 Lucian.
1468 1584 1516 1620 de
1536 1582 1702 1621 Merced.
1729 1582 1900 1620 conduct.
1919 1580 1959 1620 3.

453 1649 549 1686 tales
579 1649 805 1698 respiciens:
832 1649 1006 1689 δειπνεῖν
1035 1651 1175 1689 δεῖπνα
1202 1651 1394 1700 πολυτελῆ
1412 1648 1479 1688 καὶ
1500 1645 1718 1702 ἀσύμβολα.
1747 1669 1802 1677 -
1827 1647 1872 1687 V.
1891 1646 1961 1687 76.

455 1716 573 1752 Rura
592 1713 832 1753 suburbana.
889 1715 959 1753 Hic
977 1717 1015 1752 in
1037 1729 1128 1766 agro
1147 1715 1288 1752 Sabino
1309 1715 1505 1752 Dacerizis
1522 1715 1683 1766 Philippi
1701 1714 1824 1752 villam
1842 1725 1961 1765 prope

454 1780 631 1820 Asturam
658 1780 766 1818 sitam
791 1781 908 1818 fuisse
936 1781 1109 1831 opinatur
1134 1785 1336 1833 propterea
1365 1781 1465 1831 quod
1486 1781 1618 1819 Cicero
1643 1781 1695 1819 ibi
1716 1794 1758 1818 se
1777 1785 1962 1818 versatum

456 1861 563 1897 esse,
599 1853 641 1886 ut
662 1847 817 1885 aliorum
843 1848 1088 1897 frequentiam
1111 1847 1382 1899 praediolorum
1404 1847 1576 1897 sugeret,
1602 1848 1639 1885 in
1661 1847 1782 1898 Epist.
1809 1849 1858 1886 ad
1881 1847 1959 1885 Att.

458 1919 534 1966 12,
561 1912 626 1954 40.
656 1913 749 1964 (non
783 1915 860 1962 12,
897 1914 956 1964 9.)
984 1915 1186 1965 scripserit.
1243 1915 1321 1951 Sed
1348 1917 1504 1964 propter
1528 1912 1833 1963 longinquitatem
1855 1914 1962 1964 hujus

455 1984 528 2022 loci
566 1982 717 2019 dictioni
751 1981 868 2016 Rara
903 1979 1064 2017 suburb.
1105 1982 1363 2019 adversantem
1406 1979 1645 2016 Sanaclonas
1679 1979 1800 2017 villam
1842 1990 1963 2031 prope

456 2050 661 2088 Antemnas
690 2051 753 2084 aut
773 2046 969 2085 Collatiam
994 2049 1033 2086 in
1057 2047 1215 2085 confinio
1236 2046 1407 2083 Sabiniae
1437 2045 1578 2084 duabus
1605 2046 1749 2084 circiter
1772 2046 1886 2084 leucis
1915 2046 1963 2084 ab

456 2116 580 2156 Roma
605 2116 805 2152 distantem
832 2114 946 2151 fuisse
976 2113 1136 2163 conjicit.
1191 2113 1346 2158 Neutri,
1382 2116 1424 2150 ut
1451 2125 1520 2163 par
1548 2117 1628 2161 est,
1658 2114 1877 2151 assentimur
1905 2113 1964 2150 id-

457 2196 531 2235 que
558 2182 606 2220 ob
631 2193 714 2219 eam
739 2193 910 2229 causam,
956 2195 1002 2219 ne
1025 2182 1168 2219 incerta
1194 2193 1264 2231 pro
1291 2179 1402 2217 certis
1433 2191 1700 2229 proponamus.
1737 2201 1793 2207 —
1826 2191 1961 2216 comes.

457 2253 582 2291 Nemo
610 2249 861 2287 Romanorum
887 2247 926 2283 in
958 2247 1104 2285 civitate
1127 2247 1320 2284 illustrium
1350 2259 1507 2296 peregre
1537 2245 1617 2283 sine
1647 2246 1841 2283 comitibus
1874 2245 1964 2287 ibat.

458 2317 567 2356 Hunc
593 2328 736 2354 morem
758 2314 961 2363 respiciunt
986 2314 1107 2364 Epist.
1140 2316 1179 2363 1,
1208 2316 1273 2362 17,
1300 2313 1365 2354 52.
1420 2313 1499 2349 Sat.
1531 2313 1569 2361 1,
1597 2312 1637 2361 6,
1669 2313 1762 2352 102.
1807 2310 1962 2349 Lucian.

460 2384 485 2422 l.
510 2383 536 2421 l.
595 2382 678 2419 Alia
713 2381 820 2431 plura
857 2381 1149 2430 suppeditabunt
1177 2380 1371 2418 Heindorf.
1407 2379 1456 2416 ad
1492 2377 1518 2414 l.
1550 2377 1575 2414 l.
1618 2381 1655 2415 et
1683 2377 1891 2415 Seebodius
1926 2379 1965 2415 in

461 2449 678 2501 „Scholien
706 2462 752 2484 zu
780 2447 829 2491 Q.
853 2447 948 2484 Hor.
979 2447 1075 2484 Flss
1130 2447 1234 2484 Erst.
1259 2446 1362 2485 Heft.
1399 2458 1438 2495 p.
1466 2445 1504 2484 8.
1536 2444 1582 2481 cf.
1611 2442 1747 2482 Loers.
1777 2446 1826 2483 ad
1853 2446 1964 2483 Ovid.

461 2517 582 2554 Trist.
611 2517 650 2563 1,
680 2514 720 2563 5,
746 2513 813 2554 30.
841 2535 898 2542 --
926 2513 1084 2550 indictis
1109 2514 1281 2550 Latinis.
1343 2513 1463 2556 Quum
1479 2510 1613 2561 seriae
1639 2511 1838 2558 Latinae,
1870 2525 1965 2563 quae

461 2583 657 2633 quotannis
685 2594 708 2618 a
736 2580 899 2618 Consule
922 2580 1202 2630 indicebantur,
1239 2579 1422 2630 justitium
1447 2577 1679 2626 quatriduum
1704 2579 1858 2627 darent,
1895 2579 1965 2616 ho-

462 2651 576 2686 mines
601 2649 716 2686 rebus
738 2647 949 2685 forensibus
977 2647 1152 2698 implicati
1177 2646 1318 2684 otiandi
1344 2656 1454 2682 causa
1477 2656 1539 2680 rus
1562 2644 1666 2681 ibant
1684 2657 1810 2682 secum
1829 2645 1965 2694 ductis,

464 2728 558 2765 quos
586 2715 738 2762 vellent,
764 2714 974 2750 comitibus.
1030 2713 1090 2751 De
1118 2714 1175 2751 his
1202 2713 1302 2750 feriis
1329 2712 1378 2749 cf.
1397 2711 1557 2761 Rupert.
1586 2712 1635 2748 ad
1653 2709 1736 2748 Liv.
1759 2711 1798 2759 1,
1825 2706 1894 2758 45,
1924 2712 1963 2751 2.

463 2781 605 2818 Moser.
631 2783 676 2817 ad
708 2781 788 2817 Cic.
818 2782 866 2817 de
891 2780 988 2831 Rep.
1021 2782 1060 2830 1,
1081 2780 1118 2818 9.
1144 2783 1183 2817 et
1209 2780 1256 2816 ad
1281 2778 1359 2815 Cic.
1386 2779 1434 2815 de
1461 2777 1584 2816 Divin.
1615 2779 1655 2827 1,
1687 2777 1753 2826 11,
1782 2777 1848 2817 18.
1873 2775 1963 2826 ibiq.

465 2848 592 2884 Giese.
650 2848 791 2895 Biittig.
819 2847 1059 2896 Kunstmyth.
1091 2850 1128 2888 1.
1165 2847 1273 2884 Curs.
1302 2859 1341 2896 p.
1367 2842 1460 2885 147.

575 2912 620 2949 V.
650 2914 717 2951 77.
777 2913 988 2962 Imposita..
1012 2914 1194 2959 mannis,
1223 2926 1268 2951 ex
1293 2911 1600 2963 interpretatione
1632 2909 1795 2948 orella:
1834 2908 1963 2959 „cisio
