<?xml version="1.0" encoding="UTF-8"?>
<!DOCTYPE html PUBLIC "-//W3C//DTD XHTML 1.0 Transitional//EN"
    "http://www.w3.org/TR/xhtml1/DTD/xhtml1-transitional.dtd">
<html xmlns="http://www.w3.org/1999/xhtml" xml:lang="en" lang="en">
 <head>
  <title>
</title>
<meta http-equiv="Content-Type" content="text/html;charset=utf-8" />
  <meta name='ocr-system' content='tesseract 3.04.00' />
  <meta name='ocr-capabilities' content='ocr_page ocr_carea ocr_par ocr_line ocrx_word'/>
</head>
<body>
  <div class='ocr_page' id='page_1' title='image "./epistolascomment01horauoft_0166.png"; bbox 0 0 2028 3268; ppageno 0'>
   <div class='ocr_carea' id='block_1_1' title="bbox 282 225 1800 270">
    <p class='ocr_par' dir='ltr' id='par_1_1' title="bbox 282 225 1800 270">
     <span class='ocr_line' id='line_1_1' title="bbox 282 225 1800 270; baseline -0.001 0"><span class='ocrx_word' id='word_1_1' title='bbox 282 227 362 270; x_wconf 83' lang='lat'>140</span> <span class='ocrx_word' id='word_1_2' title='bbox 390 231 757 269; x_wconf 88' lang='lat' dir='ltr'>COMMENTARII</span> <span class='ocrx_word' id='word_1_3' title='bbox 785 230 839 265; x_wconf 89' lang='lat' dir='ltr'>IN</span> <span class='ocrx_word' id='word_1_4' title='bbox 857 229 1074 266; x_wconf 85' lang='lat' dir='ltr'>HORATII</span> <span class='ocrx_word' id='word_1_5' title='bbox 1102 227 1275 268; x_wconf 86' lang='lat' dir='ltr'><strong>EPIST.</strong></span> <span class='ocrx_word' id='word_1_6' title='bbox 1296 228 1510 268; x_wconf 83' lang='lat' dir='ltr'><strong>SECUND.</strong></span> <span class='ocrx_word' id='word_1_7' title='bbox 1538 230 1637 267; x_wconf 88' lang='lat' dir='ltr'><strong>LIB.</strong></span> <span class='ocrx_word' id='word_1_8' title='bbox 1659 229 1690 266; x_wconf 87' lang='lat'><strong>1.</strong></span> <span class='ocrx_word' id='word_1_9' title='bbox 1746 225 1800 268; x_wconf 82' lang='lat'>34</span> 
     </span>
    </p>
   </div>
   <div class='ocr_carea' id='block_1_2' title="bbox 276 336 1837 2593">
    <p class='ocr_par' dir='ltr' id='par_1_2' title="bbox 276 336 1806 1255">
     <span class='ocr_line' id='line_1_2' title="bbox 277 336 1801 390; baseline -0.003 -11"><span class='ocrx_word' id='word_1_10' title='bbox 277 343 364 379; x_wconf 88' lang='lat' dir='ltr'>lum</span> <span class='ocrx_word' id='word_1_11' title='bbox 388 340 632 379; x_wconf 79' lang='lat' dir='ltr'>intercedere</span> <span class='ocrx_word' id='word_1_12' title='bbox 673 338 886 376; x_wconf 85' lang='lat' dir='ltr'><strong>discrimen</strong></span> <span class='ocrx_word' id='word_1_13' title='bbox 913 339 1143 390; x_wconf 88' lang='lat' dir='ltr'>saepissime</span> <span class='ocrx_word' id='word_1_14' title='bbox 1178 339 1380 378; x_wconf 81' lang='lat' dir='ltr'>contendit</span> <span class='ocrx_word' id='word_1_15' title='bbox 1415 341 1544 378; x_wconf 84' lang='lat' dir='ltr'>Plato.</span> <span class='ocrx_word' id='word_1_16' title='bbox 1581 336 1671 377; x_wconf 82' lang='lat' dir='ltr'>vid.</span> <span class='ocrx_word' id='word_1_17' title='bbox 1701 349 1801 389; x_wconf 87' lang='lat' dir='ltr'>quos</span> 
     </span>
     <span class='ocr_line' id='line_1_3' title="bbox 277 404 1801 459; baseline -0.001 -13"><span class='ocrx_word' id='word_1_18' title='bbox 277 407 412 446; x_wconf 87' lang='lat' dir='ltr'>laudat</span> <span class='ocrx_word' id='word_1_19' title='bbox 435 409 541 446; x_wconf 87' lang='lat' dir='ltr'>locos</span> <span class='ocrx_word' id='word_1_20' title='bbox 570 407 806 446; x_wconf 81' lang='lat' dir='ltr'>Stallbaum.</span> <span class='ocrx_word' id='word_1_21' title='bbox 837 404 888 442; x_wconf 86' lang='lat' dir='ltr'>ad</span> <span class='ocrx_word' id='word_1_22' title='bbox 917 407 1072 444; x_wconf 88' lang='lat' dir='ltr'>Platon.</span> <span class='ocrx_word' id='word_1_23' title='bbox 1093 408 1230 459; x_wconf 86' lang='lat' dir='ltr'>Symp.</span> <span class='ocrx_word' id='word_1_24' title='bbox 1261 420 1296 444; x_wconf 90' lang='lat' dir='ltr'>c.</span> <span class='ocrx_word' id='word_1_25' title='bbox 1317 407 1385 447; x_wconf 82' lang='lat'><strong>21.</strong></span> <span class='ocrx_word' id='word_1_26' title='bbox 1409 420 1450 458; x_wconf 90' lang='lat' dir='ltr'>p.</span> <span class='ocrx_word' id='word_1_27' title='bbox 1476 407 1570 447; x_wconf 88' lang='grc'>101.</span> <span class='ocrx_word' id='word_1_28' title='bbox 1590 405 1641 444; x_wconf 79' lang='lat' dir='ltr'>cf.</span> <span class='ocrx_word' id='word_1_29' title='bbox 1670 417 1706 442; x_wconf 89' lang='lat' dir='ltr'>c.</span> <span class='ocrx_word' id='word_1_30' title='bbox 1730 405 1801 444; x_wconf 81' lang='lat'><strong>29.</strong></span> 
     </span>
     <span class='ocr_line' id='line_1_4' title="bbox 276 469 1806 525; baseline -0.005 -11"><span class='ocrx_word' id='word_1_31' title='bbox 276 488 317 525; x_wconf 86' lang='lat' dir='ltr'>p-</span> <span class='ocrx_word' id='word_1_32' title='bbox 348 475 441 514; x_wconf 85' lang='grc'><strong>129.</strong></span> <span class='ocrx_word' id='word_1_33' title='bbox 504 474 586 511; x_wconf 74' lang='lat' dir='ltr'>Cic.</span> <span class='ocrx_word' id='word_1_34' title='bbox 617 473 665 511; x_wconf 80' lang='lat' dir='ltr'>de</span> <span class='ocrx_word' id='word_1_35' title='bbox 695 478 835 509; x_wconf 73' lang='lat' dir='ltr'>senect·</span> <span class='ocrx_word' id='word_1_36' title='bbox 870 471 934 519; x_wconf 88' lang='grc'>13,</span> <span class='ocrx_word' id='word_1_37' title='bbox 968 470 1035 511; x_wconf 82' lang='grc'><strong>43.</strong></span> <span class='ocrx_word' id='word_1_38' title='bbox 1063 473 1307 521; x_wconf 74' lang='lat' dir='ltr'>judicabant</span> <span class='ocrx_word' id='word_1_39' title='bbox 1338 486 1416 510; x_wconf 73' lang='lat' dir='ltr'>esse</span> <span class='ocrx_word' id='word_1_40' title='bbox 1436 473 1612 524; x_wconf 77' lang='lat' dir='ltr'>profecto</span> <span class='ocrx_word' id='word_1_41' title='bbox 1645 469 1806 522; x_wconf 77' lang='lat' dir='ltr'>aliquid</span> 
     </span>
     <span class='ocr_line' id='line_1_5' title="bbox 279 539 1802 591; baseline -0.001 -15"><span class='ocrx_word' id='word_1_42' title='bbox 279 548 426 578; x_wconf 79' lang='lat' dir='ltr'>natura</span> <span class='ocrx_word' id='word_1_43' title='bbox 449 539 667 590; x_wconf 65' lang='lat' dir='ltr'>pulc-liram</span> <span class='ocrx_word' id='word_1_44' title='bbox 695 546 814 590; x_wconf 82' lang='lat' dir='ltr'>atque</span> <span class='ocrx_word' id='word_1_45' title='bbox 834 539 1089 588; x_wconf 79' lang='lat' dir='ltr'>praeclarum</span> <span class='ocrx_word' id='word_1_46' title='bbox 1101 568 1115 585; x_wconf 89' lang='lat'><em>‚</em></span> <span class='ocrx_word' id='word_1_47' title='bbox 1145 540 1254 591; x_wconf 76' lang='lat' dir='ltr'>quod</span> <span class='ocrx_word' id='word_1_48' title='bbox 1267 554 1341 577; x_wconf 76' lang='lat' dir='ltr'>sua</span> <span class='ocrx_word' id='word_1_49' title='bbox 1356 547 1490 590; x_wconf 77' lang='lat' dir='ltr'>sponte</span> <span class='ocrx_word' id='word_1_50' title='bbox 1500 545 1698 589; x_wconf 77' lang='lat' dir='ltr'>peteretur</span> <span class='ocrx_word' id='word_1_51' title='bbox 1725 545 1802 575; x_wconf 87' lang='lat' dir='ltr'>etc.</span> 
     </span>
     <span class='ocr_line' id='line_1_6' title="bbox 277 604 1801 656; baseline -0.003 -11"><span class='ocrx_word' id='word_1_52' title='bbox 277 606 448 645; x_wconf 85' lang='lat' dir='ltr'>Proinde</span> <span class='ocrx_word' id='word_1_53' title='bbox 476 607 632 644; x_wconf 82' lang='lat' dir='ltr'>Cassius</span> <span class='ocrx_word' id='word_1_54' title='bbox 658 619 723 656; x_wconf 89' lang='lat' dir='ltr'>ap.</span> <span class='ocrx_word' id='word_1_55' title='bbox 750 606 830 643; x_wconf 87' lang='lat' dir='ltr'>Cic.</span> <span class='ocrx_word' id='word_1_56' title='bbox 867 604 919 642; x_wconf 88' lang='lat' dir='ltr'>ad</span> <span class='ocrx_word' id='word_1_57' title='bbox 948 607 1102 644; x_wconf 78' lang='lat' dir='ltr'>Divers.</span> <span class='ocrx_word' id='word_1_58' title='bbox 1135 607 1199 654; x_wconf 86' lang='lat'>15,</span> <span class='ocrx_word' id='word_1_59' title='bbox 1229 607 1294 655; x_wconf 86' lang='lat'>19,</span> <span class='ocrx_word' id='word_1_60' title='bbox 1325 607 1366 646; x_wconf 87' lang='lat'><strong>3.</strong></span> <span class='ocrx_word' id='word_1_61' title='bbox 1410 606 1587 656; x_wconf 73' lang='lat' dir='ltr'>Dffeile</span> <span class='ocrx_word' id='word_1_62' title='bbox 1614 611 1669 642; x_wconf 78' lang='lat' dir='ltr'>est</span> <span class='ocrx_word' id='word_1_63' title='bbox 1695 606 1801 642; x_wconf 84' lang='lat' dir='ltr'>enim</span> 
     </span>
     <span class='ocr_line' id='line_1_7' title="bbox 278 667 1804 726; baseline -0.001 -15"><span class='ocrx_word' id='word_1_64' title='bbox 278 672 502 711; x_wconf 69' lang='lat' dir='ltr'>hominibus</span> <span class='ocrx_word' id='word_1_65' title='bbox 517 673 755 722; x_wconf 75' lang='lat' dir='ltr'>persuadere</span> <span class='ocrx_word' id='word_1_66' title='bbox 769 669 814 712; x_wconf 62' lang='lat' dir='ltr'>ro*</span> <span class='ocrx_word' id='word_1_67' title='bbox 835 669 958 712; x_wconf 75' lang='grc' dir='ltr'><strong><em>καλόν</em></strong></span> <span class='ocrx_word' id='word_1_68' title='bbox 976 669 1034 713; x_wconf 81' lang='grc' dir='ltr'>δι’</span> <span class='ocrx_word' id='word_1_69' title='bbox 1058 671 1155 713; x_wconf 72' lang='grc' dir='ltr'><strong><em>αὐτό</em></strong></span> <span class='ocrx_word' id='word_1_70' title='bbox 1174 670 1330 726; x_wconf 81' lang='grc' dir='ltr'><em>αἷρετόν</em></span> <span class='ocrx_word' id='word_1_71' title='bbox 1349 685 1454 710; x_wconf 88' lang='lat' dir='ltr'>esse:</span> <span class='ocrx_word' id='word_1_72' title='bbox 1483 667 1639 724; x_wconf 66' lang='grc' dir='ltr'><em>ἡδονήν</em></span> <span class='ocrx_word' id='word_1_73' title='bbox 1660 683 1748 707; x_wconf 72' lang='lat' dir='ltr'>vero</span> <span class='ocrx_word' id='word_1_74' title='bbox 1767 677 1804 706; x_wconf 73' lang='lat' dir='ltr'>et</span> 
     </span>
     <span class='ocr_line' id='line_1_8' title="bbox 279 736 1806 794; baseline -0.005 -14"><span class='ocrx_word' id='word_1_75' title='bbox 279 737 494 792; x_wconf 78' lang='grc' dir='ltr'><strong><em>α’ταραξίαν</em></strong></span> <span class='ocrx_word' id='word_1_76' title='bbox 524 741 692 788; x_wconf 63' lang='lat' dir='ltr'>virtute,</span> <span class='ocrx_word' id='word_1_77' title='bbox 716 740 903 787; x_wconf 72' lang='lat' dir='ltr'>justitia,</span> <span class='ocrx_word' id='word_1_78' title='bbox 939 743 991 794; x_wconf 78' lang='grc' dir='ltr'>τῷ</span> <span class='ocrx_word' id='word_1_79' title='bbox 1021 743 1129 793; x_wconf 77' lang='grc' dir='ltr'><strong><em>καλῷ</em></strong></span> <span class='ocrx_word' id='word_1_80' title='bbox 1144 741 1311 790; x_wconf 75' lang='lat' dir='ltr'>parari,</span> <span class='ocrx_word' id='word_1_81' title='bbox 1340 747 1377 776; x_wconf 78' lang='lat' dir='ltr'>et</span> <span class='ocrx_word' id='word_1_82' title='bbox 1401 753 1536 779; x_wconf 71' lang='lat' dir='ltr'>veram</span> <span class='ocrx_word' id='word_1_83' title='bbox 1555 745 1591 774; x_wconf 80' lang='lat' dir='ltr'>et</span> <span class='ocrx_word' id='word_1_84' title='bbox 1602 736 1806 787; x_wconf 79' lang='lat' dir='ltr'><em>probabile</em></span> 
     </span>
     <span class='ocr_line' id='line_1_9' title="bbox 280 803 1806 858; baseline -0.002 -15"><span class='ocrx_word' id='word_1_85' title='bbox 280 814 347 843; x_wconf 70' lang='lat' dir='ltr'>est.</span> <span class='ocrx_word' id='word_1_86' title='bbox 409 806 469 843; x_wconf 87' lang='lat' dir='ltr'>Cf.</span> <span class='ocrx_word' id='word_1_87' title='bbox 491 807 606 844; x_wconf 86' lang='lat' dir='ltr'><strong>Beier</strong></span> <span class='ocrx_word' id='word_1_88' title='bbox 636 805 687 842; x_wconf 82' lang='lat' dir='ltr'>ad</span> <span class='ocrx_word' id='word_1_89' title='bbox 706 806 784 846; x_wconf 84' lang='lat' dir='ltr'>cic.</span> <span class='ocrx_word' id='word_1_90' title='bbox 805 804 880 844; x_wconf 86' lang='lat' dir='ltr'><strong>Off.</strong></span> <span class='ocrx_word' id='word_1_91' title='bbox 905 807 941 854; x_wconf 89' lang='lat'>1,</span> <span class='ocrx_word' id='word_1_92' title='bbox 961 804 1002 846; x_wconf 83' lang='lat'><strong>4.</strong></span> <span class='ocrx_word' id='word_1_93' title='bbox 1021 821 1062 858; x_wconf 92' lang='lat' dir='ltr'>p.</span> <span class='ocrx_word' id='word_1_94' title='bbox 1084 805 1153 847; x_wconf 83' lang='lat'><strong>34.</strong></span> <span class='ocrx_word' id='word_1_95' title='bbox 1179 808 1215 854; x_wconf 88' lang='lat'>1,</span> <span class='ocrx_word' id='word_1_96' title='bbox 1237 807 1303 854; x_wconf 85' lang='grc'>28,</span> <span class='ocrx_word' id='word_1_97' title='bbox 1325 807 1392 846; x_wconf 88' lang='grc'>98.</span> <span class='ocrx_word' id='word_1_98' title='bbox 1415 807 1509 846; x_wconf 89' lang='grc'>100.</span> <span class='ocrx_word' id='word_1_99' title='bbox 1543 805 1734 842; x_wconf 88' lang='lat' dir='ltr'>Goerenz.</span> <span class='ocrx_word' id='word_1_100' title='bbox 1753 803 1806 840; x_wconf 87' lang='lat' dir='ltr'>ad</span> 
     </span>
     <span class='ocr_line' id='line_1_10' title="bbox 279 869 1802 922; baseline -0.001 -13"><span class='ocrx_word' id='word_1_101' title='bbox 279 875 367 910; x_wconf 89' lang='lat' dir='ltr'>Fin.</span> <span class='ocrx_word' id='word_1_102' title='bbox 388 875 429 921; x_wconf 83' lang='lat'>2,</span> <span class='ocrx_word' id='word_1_103' title='bbox 463 871 528 920; x_wconf 82' lang='grc'><strong>14,</strong></span> <span class='ocrx_word' id='word_1_104' title='bbox 547 869 614 911; x_wconf 80' lang='grc'><strong>47.</strong></span> <span class='ocrx_word' id='word_1_105' title='bbox 642 873 804 912; x_wconf 87' lang='lat' dir='ltr'>Aristot.</span> <span class='ocrx_word' id='word_1_106' title='bbox 824 871 939 910; x_wconf 87' lang='lat' dir='ltr'>Rhet.</span> <span class='ocrx_word' id='word_1_107' title='bbox 959 875 996 922; x_wconf 91' lang='lat'>1,</span> <span class='ocrx_word' id='word_1_108' title='bbox 1016 875 1055 922; x_wconf 88' lang='lat'>9,</span> <span class='ocrx_word' id='word_1_109' title='bbox 1076 874 1116 914; x_wconf 86' lang='lat'><strong>3.</strong></span> <span class='ocrx_word' id='word_1_110' title='bbox 1145 875 1247 910; x_wconf 85' lang='lat' dir='ltr'>Plat.</span> <span class='ocrx_word' id='word_1_111' title='bbox 1270 874 1428 921; x_wconf 83' lang='lat' dir='ltr'>Protag.</span> <span class='ocrx_word' id='word_1_112' title='bbox 1460 883 1494 908; x_wconf 89' lang='lat' dir='ltr'>c.</span> <span class='ocrx_word' id='word_1_113' title='bbox 1519 870 1585 910; x_wconf 87' lang='lat'><strong>15.</strong></span> <span class='ocrx_word' id='word_1_114' title='bbox 1604 873 1654 908; x_wconf 92' lang='lat' dir='ltr'>D.</span> <span class='ocrx_word' id='word_1_115' title='bbox 1673 884 1714 922; x_wconf 89' lang='lat' dir='ltr'>p.</span> <span class='ocrx_word' id='word_1_116' title='bbox 1732 870 1802 911; x_wconf 87' lang='grc'><strong>70.</strong></span> 
     </span>
     <span class='ocr_line' id='line_1_11' title="bbox 279 936 1802 990; baseline -0.003 -13"><span class='ocrx_word' id='word_1_117' title='bbox 279 941 421 978; x_wconf 82' lang='lat' dir='ltr'>Stallb.</span> <span class='ocrx_word' id='word_1_118' title='bbox 443 939 556 977; x_wconf 83' lang='lat' dir='ltr'>Stob.</span> <span class='ocrx_word' id='word_1_119' title='bbox 575 939 661 976; x_wconf 90' lang='lat' dir='ltr'><strong>Ecl.</strong></span> <span class='ocrx_word' id='word_1_120' title='bbox 681 941 731 976; x_wconf 88' lang='lat'>11.</span> <span class='ocrx_word' id='word_1_121' title='bbox 761 941 803 979; x_wconf 88' lang='grc'>7.</span> <span class='ocrx_word' id='word_1_122' title='bbox 828 952 869 990; x_wconf 84' lang='lat' dir='ltr'>p.</span> <span class='ocrx_word' id='word_1_123' title='bbox 889 941 983 979; x_wconf 88' lang='grc'><strong>262.</strong></span> <span class='ocrx_word' id='word_1_124' title='bbox 1012 942 1128 977; x_wconf 84' lang='lat' dir='ltr'>Heer.</span> <span class='ocrx_word' id='word_1_125' title='bbox 1145 962 1202 968; x_wconf 90' lang='lat'>—</span> <span class='ocrx_word' id='word_1_126' title='bbox 1221 938 1320 989; x_wconf 73' lang='lat' dir='ltr'>quid</span> <span class='ocrx_word' id='word_1_127' title='bbox 1336 951 1414 974; x_wconf 85' lang='lat' dir='ltr'>non</span> <span class='ocrx_word' id='word_1_128' title='bbox 1436 936 1502 988; x_wconf 90' lang='lat' dir='ltr'>(A.</span> <span class='ocrx_word' id='word_1_129' title='bbox 1521 939 1567 974; x_wconf 88' lang='lat' dir='ltr'>P.</span> <span class='ocrx_word' id='word_1_130' title='bbox 1587 937 1702 989; x_wconf 84' lang='lat'><strong>308.)</strong></span> <span class='ocrx_word' id='word_1_131' title='bbox 1721 938 1749 973; x_wconf 90' lang='lat' dir='ltr'>i.</span> <span class='ocrx_word' id='word_1_132' title='bbox 1765 949 1802 973; x_wconf 88' lang='lat' dir='ltr'>e.</span> 
     </span>
     <span class='ocr_line' id='line_1_12' title="bbox 281 1003 1804 1058; baseline -0.002 -15"><span class='ocrx_word' id='word_1_133' title='bbox 281 1006 528 1044; x_wconf 79' lang='lat' dir='ltr'>damnosum,</span> <span class='ocrx_word' id='word_1_134' title='bbox 585 1005 652 1043; x_wconf 84' lang='lat' dir='ltr'>Sic</span> <span class='ocrx_word' id='word_1_135' title='bbox 679 1003 818 1042; x_wconf 76' lang='lat' dir='ltr'>inutile</span> <span class='ocrx_word' id='word_1_136' title='bbox 841 1019 912 1057; x_wconf 87' lang='lat' dir='ltr'>per</span> <span class='ocrx_word' id='word_1_137' title='bbox 930 1003 1109 1058; x_wconf 79' lang='grc' dir='ltr'><strong><em>λιτότητα</em></strong></span> <span class='ocrx_word' id='word_1_138' title='bbox 1123 1019 1204 1043; x_wconf 88' lang='grc'><strong>11011</strong></span> <span class='ocrx_word' id='word_1_139' title='bbox 1223 1003 1366 1051; x_wconf 90' lang='lat' dir='ltr'>modo,</span> <span class='ocrx_word' id='word_1_140' title='bbox 1397 1003 1504 1056; x_wconf 90' lang='lat' dir='ltr'>quod</span> <span class='ocrx_word' id='word_1_141' title='bbox 1531 1017 1614 1042; x_wconf 85' lang='lat' dir='ltr'>non</span> <span class='ocrx_word' id='word_1_142' title='bbox 1631 1003 1804 1055; x_wconf 86' lang='lat' dir='ltr'>prodest,</span> 
     </span>
     <span class='ocr_line' id='line_1_13' title="bbox 280 1071 1806 1125; baseline -0.004 -14"><span class='ocrx_word' id='word_1_143' title='bbox 280 1073 351 1111; x_wconf 87' lang='lat' dir='ltr'>sed</span> <span class='ocrx_word' id='word_1_144' title='bbox 389 1075 533 1120; x_wconf 80' lang='lat' dir='ltr'>etiam,</span> <span class='ocrx_word' id='word_1_145' title='bbox 581 1072 690 1125; x_wconf 90' lang='lat' dir='ltr'>quod</span> <span class='ocrx_word' id='word_1_146' title='bbox 731 1072 922 1109; x_wconf 79' lang='lat' dir='ltr'>damnum</span> <span class='ocrx_word' id='word_1_147' title='bbox 949 1073 1085 1122; x_wconf 85' lang='lat' dir='ltr'>affert,</span> <span class='ocrx_word' id='word_1_148' title='bbox 1121 1074 1254 1110; x_wconf 86' lang='lat' dir='ltr'>Latini</span> <span class='ocrx_word' id='word_1_149' title='bbox 1284 1072 1429 1122; x_wconf 81' lang='lat' dir='ltr'>pariter</span> <span class='ocrx_word' id='word_1_150' title='bbox 1464 1083 1508 1107; x_wconf 84' lang='lat' dir='ltr'>ac</span> <span class='ocrx_word' id='word_1_151' title='bbox 1547 1071 1686 1107; x_wconf 89' lang='lat' dir='ltr'>Graeci</span> <span class='ocrx_word' id='word_1_152' title='bbox 1719 1083 1806 1108; x_wconf 82' lang='lat' dir='ltr'>voc.</span> 
     </span>
     <span class='ocr_line' id='line_1_14' title="bbox 282 1134 1806 1193; baseline -0.004 -13"><span class='ocrx_word' id='word_1_153' title='bbox 282 1136 453 1193; x_wconf 63' lang='grc' dir='ltr'>ἀχρεῖον,</span> <span class='ocrx_word' id='word_1_154' title='bbox 481 1137 677 1191; x_wconf 68' lang='grc' dir='ltr'><em>ἄχρηστον</em></span> <span class='ocrx_word' id='word_1_155' title='bbox 697 1139 846 1177; x_wconf 80' lang='lat' dir='ltr'>dicunt.</span> <span class='ocrx_word' id='word_1_156' title='bbox 872 1139 964 1179; x_wconf 86' lang='lat' dir='ltr'>Vid.</span> <span class='ocrx_word' id='word_1_157' title='bbox 982 1139 1127 1178; x_wconf 88' lang='lat' dir='ltr'>Heind.</span> <span class='ocrx_word' id='word_1_158' title='bbox 1147 1138 1198 1177; x_wconf 87' lang='lat' dir='ltr'>ad</span> <span class='ocrx_word' id='word_1_159' title='bbox 1219 1139 1304 1177; x_wconf 85' lang='lat' dir='ltr'>Sat.</span> <span class='ocrx_word' id='word_1_160' title='bbox 1327 1138 1365 1186; x_wconf 86' lang='lat'>1,</span> <span class='ocrx_word' id='word_1_161' title='bbox 1384 1135 1423 1185; x_wconf 83' lang='lat'>4,</span> <span class='ocrx_word' id='word_1_162' title='bbox 1446 1134 1539 1178; x_wconf 79' lang='lat'><strong>124.</strong></span> <span class='ocrx_word' id='word_1_163' title='bbox 1557 1143 1597 1174; x_wconf 83' lang='lat' dir='ltr'>et</span> <span class='ocrx_word' id='word_1_164' title='bbox 1613 1139 1806 1188; x_wconf 83' lang='lat' dir='ltr'>Heusing.</span> 
     </span>
     <span class='ocr_line' id='line_1_15' title="bbox 282 1206 828 1255; baseline 0 -11"><span class='ocrx_word' id='word_1_165' title='bbox 282 1207 332 1245; x_wconf 83' lang='lat' dir='ltr'>ad</span> <span class='ocrx_word' id='word_1_166' title='bbox 352 1208 434 1245; x_wconf 87' lang='lat' dir='ltr'>Cic.</span> <span class='ocrx_word' id='word_1_167' title='bbox 455 1206 503 1244; x_wconf 90' lang='lat' dir='ltr'>de</span> <span class='ocrx_word' id='word_1_168' title='bbox 522 1206 590 1244; x_wconf 85' lang='lat' dir='ltr'>off.</span> <span class='ocrx_word' id='word_1_169' title='bbox 610 1207 650 1254; x_wconf 83' lang='lat'>3,</span> <span class='ocrx_word' id='word_1_170' title='bbox 674 1207 738 1255; x_wconf 85' lang='grc'><strong>13,</strong></span> <span class='ocrx_word' id='word_1_171' title='bbox 761 1207 828 1246; x_wconf 85' lang='grc'>12.</span> 
     </span>
    </p>

    <p class='ocr_par' dir='ltr' id='par_1_3' title="bbox 283 1270 1837 2593">
     <span class='ocr_line' id='line_1_16' title="bbox 394 1270 1811 1320; baseline -0.003 -9"><span class='ocrx_word' id='word_1_172' title='bbox 394 1276 440 1313; x_wconf 91' lang='lat' dir='ltr'>V.</span> <span class='ocrx_word' id='word_1_173' title='bbox 461 1271 501 1314; x_wconf 82' lang='lat'><strong>4.</strong></span> <span class='ocrx_word' id='word_1_174' title='bbox 522 1273 690 1310; x_wconf 78' lang='lat' dir='ltr'><em>Plenius</em></span> <span class='ocrx_word' id='word_1_175' title='bbox 708 1294 766 1303; x_wconf 86' lang='lat'>--</span> <span class='ocrx_word' id='word_1_176' title='bbox 781 1273 894 1310; x_wconf 79' lang='lat' dir='ltr'>dicit.</span> <span class='ocrx_word' id='word_1_177' title='bbox 915 1274 1121 1319; x_wconf 75' lang='lat' dir='ltr'>—Quum</span> <span class='ocrx_word' id='word_1_178' title='bbox 1139 1271 1371 1320; x_wconf 85' lang='lat' dir='ltr'>‚‚Veteres,“</span> <span class='ocrx_word' id='word_1_179' title='bbox 1393 1276 1436 1307; x_wconf 88' lang='lat' dir='ltr'>ut</span> <span class='ocrx_word' id='word_1_180' title='bbox 1455 1270 1573 1307; x_wconf 83' lang='lat' dir='ltr'>verba</span> <span class='ocrx_word' id='word_1_181' title='bbox 1592 1270 1811 1307; x_wconf 80' lang='lat' dir='ltr'>Burmanni</span> 
     </span>
     <span class='ocr_line' id='line_1_17' title="bbox 284 1338 1812 1389; baseline -0.003 -12"><span class='ocrx_word' id='word_1_182' title='bbox 284 1340 335 1378; x_wconf 89' lang='lat' dir='ltr'>ad</span> <span class='ocrx_word' id='word_1_183' title='bbox 352 1343 511 1379; x_wconf 87' lang='lat' dir='ltr'>Petron.</span> <span class='ocrx_word' id='word_1_184' title='bbox 533 1353 566 1377; x_wconf 89' lang='lat' dir='ltr'>c.</span> <span class='ocrx_word' id='word_1_185' title='bbox 588 1341 627 1380; x_wconf 89' lang='lat'>5.</span> <span class='ocrx_word' id='word_1_186' title='bbox 645 1340 791 1376; x_wconf 86' lang='lat' dir='ltr'>faciam</span> <span class='ocrx_word' id='word_1_187' title='bbox 811 1352 921 1388; x_wconf 88' lang='lat' dir='ltr'>mea,</span> <span class='ocrx_word' id='word_1_188' title='bbox 952 1340 1021 1388; x_wconf 90' lang='lat' dir='ltr'>„in</span> <span class='ocrx_word' id='word_1_189' title='bbox 1049 1340 1222 1376; x_wconf 84' lang='lat' dir='ltr'>Homero</span> <span class='ocrx_word' id='word_1_190' title='bbox 1250 1338 1467 1389; x_wconf 81' lang='lat' dir='ltr'><strong>perfectam</strong></span> <span class='ocrx_word' id='word_1_191' title='bbox 1495 1343 1534 1374; x_wconf 90' lang='lat' dir='ltr'>et</span> <span class='ocrx_word' id='word_1_192' title='bbox 1559 1349 1812 1375; x_wconf 84' lang='lat' dir='ltr'>consumma-</span> 
     </span>
     <span class='ocr_line' id='line_1_18' title="bbox 283 1404 1812 1457; baseline -0.002 -13"><span class='ocrx_word' id='word_1_193' title='bbox 283 1414 366 1445; x_wconf 83' lang='lat' dir='ltr'>tam</span> <span class='ocrx_word' id='word_1_194' title='bbox 397 1409 576 1444; x_wconf 78' lang='lat' dir='ltr'>omnium</span> <span class='ocrx_word' id='word_1_195' title='bbox 617 1406 917 1457; x_wconf 86' lang='lat' dir='ltr'>disciplinarum</span> <span class='ocrx_word' id='word_1_196' title='bbox 958 1407 1226 1456; x_wconf 85' lang='lat' dir='ltr'>coguitionem</span> <span class='ocrx_word' id='word_1_197' title='bbox 1258 1406 1381 1443; x_wconf 87' lang='lat' dir='ltr'>fuisse</span> <span class='ocrx_word' id='word_1_198' title='bbox 1415 1410 1653 1451; x_wconf 80' lang='lat' dir='ltr'>statuerent,</span> <span class='ocrx_word' id='word_1_199' title='bbox 1691 1410 1732 1440; x_wconf 90' lang='lat' dir='ltr'>et</span> <span class='ocrx_word' id='word_1_200' title='bbox 1753 1404 1812 1441; x_wconf 86' lang='lat' dir='ltr'>&#39;in</span> 
     </span>
     <span class='ocr_line' id='line_1_19' title="bbox 285 1468 1837 1524; baseline -0.005 -12"><span class='ocrx_word' id='word_1_201' title='bbox 285 1474 523 1512; x_wconf 78' lang='lat' dir='ltr'><strong>carminibus</strong></span> <span class='ocrx_word' id='word_1_202' title='bbox 563 1474 644 1523; x_wconf 87' lang='lat' dir='ltr'>ejus</span> <span class='ocrx_word' id='word_1_203' title='bbox 678 1474 873 1524; x_wconf 85' lang='lat' dir='ltr'>principia</span> <span class='ocrx_word' id='word_1_204' title='bbox 908 1479 948 1511; x_wconf 92' lang='lat' dir='ltr'>et</span> <span class='ocrx_word' id='word_1_205' title='bbox 982 1474 1134 1510; x_wconf 89' lang='lat' dir='ltr'>semina</span> <span class='ocrx_word' id='word_1_206' title='bbox 1165 1474 1294 1511; x_wconf 85' lang='lat' dir='ltr'>omnis</span> <span class='ocrx_word' id='word_1_207' title='bbox 1332 1471 1531 1508; x_wconf 85' lang='lat' dir='ltr'>doctrinae</span> <span class='ocrx_word' id='word_1_208' title='bbox 1569 1468 1837 1517; x_wconf 81' lang='lat' dir='ltr'>abscondita,·</span> 
     </span>
     <span class='ocr_line' id='line_1_20' title="bbox 287 1538 1812 1592; baseline -0.002 -15"><span class='ocrx_word' id='word_1_209' title='bbox 287 1553 406 1592; x_wconf 89' lang='lat' dir='ltr'>quare</span> <span class='ocrx_word' id='word_1_210' title='bbox 439 1540 522 1589; x_wconf 83' lang='lat' dir='ltr'>ejus</span> <span class='ocrx_word' id='word_1_211' title='bbox 550 1540 727 1577; x_wconf 89' lang='lat' dir='ltr'>versibus</span> <span class='ocrx_word' id='word_1_212' title='bbox 756 1541 799 1576; x_wconf 90' lang='lat' dir='ltr'>in</span> <span class='ocrx_word' id='word_1_213' title='bbox 829 1552 1068 1592; x_wconf 89' lang='lat' dir='ltr'>unaquaque</span> <span class='ocrx_word' id='word_1_214' title='bbox 1097 1553 1162 1588; x_wconf 87' lang='lat' dir='ltr'>re,</span> <span class='ocrx_word' id='word_1_215' title='bbox 1184 1545 1376 1590; x_wconf 79' lang='lat' dir='ltr'><strong>tanquam</strong></span> <span class='ocrx_word' id='word_1_216' title='bbox 1393 1538 1608 1587; x_wconf 76' lang='lat' dir='ltr'>praeceptis</span> <span class='ocrx_word' id='word_1_217' title='bbox 1628 1543 1667 1574; x_wconf 91' lang='lat' dir='ltr'>et</span> <span class='ocrx_word' id='word_1_218' title='bbox 1689 1549 1812 1574; x_wconf 87' lang='lat' dir='ltr'>cano-</span> 
     </span>
     <span class='ocr_line' id='line_1_21' title="bbox 285 1603 1811 1659; baseline -0.003 -15"><span class='ocrx_word' id='word_1_219' title='bbox 285 1609 403 1645; x_wconf 84' lang='lat' dir='ltr'><strong>nibus</strong></span> <span class='ocrx_word' id='word_1_220' title='bbox 439 1607 703 1653; x_wconf 81' lang='lat' dir='ltr'>uterentur;“</span> <span class='ocrx_word' id='word_1_221' title='bbox 746 1619 950 1659; x_wconf 87' lang='lat' dir='ltr'>quumque</span> <span class='ocrx_word' id='word_1_222' title='bbox 989 1619 1010 1643; x_wconf 90' lang='lat' dir='ltr'>e</span> <span class='ocrx_word' id='word_1_223' title='bbox 1047 1604 1296 1657; x_wconf 88' lang='lat' dir='ltr'>philosophis</span> <span class='ocrx_word' id='word_1_224' title='bbox 1331 1604 1428 1655; x_wconf 86' lang='lat' dir='ltr'>ipsis</span> <span class='ocrx_word' id='word_1_225' title='bbox 1458 1604 1583 1642; x_wconf 86' lang='lat' dir='ltr'>Stoici</span> <span class='ocrx_word' id='word_1_226' title='bbox 1616 1603 1811 1654; x_wconf 85' lang='lat' dir='ltr'><strong>imprimis</strong></span> 
     </span>
     <span class='ocr_line' id='line_1_22' title="bbox 287 1668 1812 1724; baseline -0.005 -11"><span class='ocrx_word' id='word_1_227' title='bbox 287 1687 449 1714; x_wconf 89' lang='lat' dir='ltr'>omnem</span> <span class='ocrx_word' id='word_1_228' title='bbox 480 1674 695 1724; x_wconf 82' lang='lat' dir='ltr'>sapientiae</span> <span class='ocrx_word' id='word_1_229' title='bbox 721 1673 875 1711; x_wconf 86' lang='lat' dir='ltr'>fontem</span> <span class='ocrx_word' id='word_1_230' title='bbox 904 1674 952 1711; x_wconf 89' lang='lat' dir='ltr'>ab</span> <span class='ocrx_word' id='word_1_231' title='bbox 983 1675 1155 1710; x_wconf 88' lang='lat' dir='ltr'>Homero</span> <span class='ocrx_word' id='word_1_232' title='bbox 1194 1671 1415 1709; x_wconf 83' lang='lat' dir='ltr'>derivarent</span> <span class='ocrx_word' id='word_1_233' title='bbox 1446 1669 1605 1721; x_wconf 83' lang='lat' dir='ltr'>(senec.</span> <span class='ocrx_word' id='word_1_234' title='bbox 1633 1671 1710 1721; x_wconf 88' lang='lat' dir='ltr'>Ep.</span> <span class='ocrx_word' id='word_1_235' title='bbox 1743 1668 1812 1710; x_wconf 88' lang='lat'>88.</span> 
     </span>
     <span class='ocr_line' id='line_1_23' title="bbox 287 1737 1814 1791; baseline -0.003 -13"><span class='ocrx_word' id='word_1_236' title='bbox 287 1741 459 1778; x_wconf 87' lang='lat' dir='ltr'>Macrob.</span> <span class='ocrx_word' id='word_1_237' title='bbox 486 1740 530 1776; x_wconf 87' lang='lat' dir='ltr'>in</span> <span class='ocrx_word' id='word_1_238' title='bbox 555 1741 693 1778; x_wconf 85' lang='lat' dir='ltr'>Somn.</span> <span class='ocrx_word' id='word_1_239' title='bbox 722 1741 830 1791; x_wconf 87' lang='lat' dir='ltr'>Scip.</span> <span class='ocrx_word' id='word_1_240' title='bbox 853 1741 895 1788; x_wconf 83' lang='grc'>2,</span> <span class='ocrx_word' id='word_1_241' title='bbox 923 1741 991 1780; x_wconf 90' lang='grc'>10.</span> <span class='ocrx_word' id='word_1_242' title='bbox 1019 1752 1060 1789; x_wconf 87' lang='lat' dir='ltr'>p.</span> <span class='ocrx_word' id='word_1_243' title='bbox 1091 1739 1185 1779; x_wconf 92' lang='lat'><strong>170.</strong></span> <span class='ocrx_word' id='word_1_244' title='bbox 1210 1737 1298 1789; x_wconf 86' lang='lat' dir='ltr'>Z.),</span> <span class='ocrx_word' id='word_1_245' title='bbox 1325 1739 1490 1790; x_wconf 85' lang='lat' dir='ltr'>ipseque</span> <span class='ocrx_word' id='word_1_246' title='bbox 1519 1738 1725 1785; x_wconf 88' lang='lat' dir='ltr'>Horatius,</span> <span class='ocrx_word' id='word_1_247' title='bbox 1753 1737 1814 1774; x_wconf 83' lang='lat' dir='ltr'>uti</span> 
     </span>
     <span class='ocr_line' id='line_1_24' title="bbox 289 1802 1813 1860; baseline -0.004 -15"><span class='ocrx_word' id='word_1_248' title='bbox 289 1821 335 1845; x_wconf 89' lang='lat' dir='ltr'>ea</span> <span class='ocrx_word' id='word_1_249' title='bbox 352 1820 453 1860; x_wconf 88' lang='lat' dir='ltr'>quae</span> <span class='ocrx_word' id='word_1_250' title='bbox 475 1813 694 1858; x_wconf 83' lang='lat' dir='ltr'>sequuntur</span> <span class='ocrx_word' id='word_1_251' title='bbox 714 1806 879 1855; x_wconf 85' lang='lat' dir='ltr'>docent,</span> <span class='ocrx_word' id='word_1_252' title='bbox 908 1819 1069 1844; x_wconf 89' lang='lat' dir='ltr'>omnem</span> <span class='ocrx_word' id='word_1_253' title='bbox 1083 1805 1207 1843; x_wconf 85' lang='lat' dir='ltr'>vitam</span> <span class='ocrx_word' id='word_1_254' title='bbox 1226 1810 1264 1840; x_wconf 85' lang='lat' dir='ltr'>et</span> <span class='ocrx_word' id='word_1_255' title='bbox 1285 1817 1424 1855; x_wconf 88' lang='lat' dir='ltr'>regum</span> <span class='ocrx_word' id='word_1_256' title='bbox 1445 1813 1483 1843; x_wconf 88' lang='lat' dir='ltr'>et</span> <span class='ocrx_word' id='word_1_257' title='bbox 1501 1805 1739 1857; x_wconf 88' lang='lat' dir='ltr'>populorum</span> <span class='ocrx_word' id='word_1_258' title='bbox 1763 1802 1813 1839; x_wconf 87' lang='lat' dir='ltr'>ab</span> 
     </span>
     <span class='ocr_line' id='line_1_25' title="bbox 288 1870 1815 1925; baseline -0.003 -13"><span class='ocrx_word' id='word_1_259' title='bbox 288 1875 358 1912; x_wconf 89' lang='lat' dir='ltr'>illo</span> <span class='ocrx_word' id='word_1_260' title='bbox 392 1875 581 1925; x_wconf 86' lang='lat' dir='ltr'>scriptore</span> <span class='ocrx_word' id='word_1_261' title='bbox 612 1876 746 1912; x_wconf 83' lang='lat' dir='ltr'>votiva</span> <span class='ocrx_word' id='word_1_262' title='bbox 769 1874 895 1912; x_wconf 82' lang='lat' dir='ltr'>veluti</span> <span class='ocrx_word' id='word_1_263' title='bbox 923 1873 1070 1910; x_wconf 84' lang='lat' dir='ltr'>tabella</span> <span class='ocrx_word' id='word_1_264' title='bbox 1101 1870 1340 1921; x_wconf 82' lang='lat' dir='ltr'>descriptam</span> <span class='ocrx_word' id='word_1_265' title='bbox 1372 1871 1546 1920; x_wconf 85' lang='lat' dir='ltr'>videret,</span> <span class='ocrx_word' id='word_1_266' title='bbox 1582 1878 1627 1908; x_wconf 91' lang='lat' dir='ltr'>ut</span> <span class='ocrx_word' id='word_1_267' title='bbox 1653 1872 1696 1908; x_wconf 90' lang='lat' dir='ltr'>in</span> <span class='ocrx_word' id='word_1_268' title='bbox 1722 1871 1815 1908; x_wconf 88' lang='lat' dir='ltr'>lau—-</span> 
     </span>
     <span class='ocr_line' id='line_1_26' title="bbox 291 1937 1815 1992; baseline -0.003 -13"><span class='ocrx_word' id='word_1_269' title='bbox 291 1939 422 1979; x_wconf 85' lang='lat' dir='ltr'>dando</span> <span class='ocrx_word' id='word_1_270' title='bbox 450 1943 622 1979; x_wconf 87' lang='lat' dir='ltr'>Homero</span> <span class='ocrx_word' id='word_1_271' title='bbox 651 1942 764 1992; x_wconf 82' lang='lat' dir='ltr'>sequi</span> <span class='ocrx_word' id='word_1_272' title='bbox 795 1939 976 1978; x_wconf 82' lang='lat' dir='ltr'>videatur</span> <span class='ocrx_word' id='word_1_273' title='bbox 1001 1939 1065 1977; x_wconf 87' lang='lat' dir='ltr'>sui</span> <span class='ocrx_word' id='word_1_274' title='bbox 1093 1938 1282 1988; x_wconf 87' lang='lat' dir='ltr'>temporis</span> <span class='ocrx_word' id='word_1_275' title='bbox 1311 1949 1483 1976; x_wconf 87' lang='lat' dir='ltr'>morem:</span> <span class='ocrx_word' id='word_1_276' title='bbox 1513 1937 1632 1988; x_wconf 89' lang='lat' dir='ltr'>(num</span> <span class='ocrx_word' id='word_1_277' title='bbox 1658 1950 1700 1974; x_wconf 91' lang='lat' dir='ltr'>re</span> <span class='ocrx_word' id='word_1_278' title='bbox 1721 1949 1815 1974; x_wconf 81' lang='lat' dir='ltr'>vera</span> 
     </span>
     <span class='ocr_line' id='line_1_27' title="bbox 290 2004 1815 2056; baseline -0.001 -12"><span class='ocrx_word' id='word_1_279' title='bbox 290 2009 347 2045; x_wconf 88' lang='lat' dir='ltr'>ita</span> <span class='ocrx_word' id='word_1_280' title='bbox 373 2009 563 2056; x_wconf 89' lang='lat' dir='ltr'>senserit,</span> <span class='ocrx_word' id='word_1_281' title='bbox 597 2019 680 2045; x_wconf 87' lang='lat' dir='ltr'>non</span> <span class='ocrx_word' id='word_1_282' title='bbox 713 2006 780 2045; x_wconf 83' lang='lat' dir='ltr'>hio</span> <span class='ocrx_word' id='word_1_283' title='bbox 807 2019 1011 2053; x_wconf 88' lang='lat' dir='ltr'>curamus,</span> <span class='ocrx_word' id='word_1_284' title='bbox 1049 2017 1278 2056; x_wconf 84' lang='lat' dir='ltr'>quanquam</span> <span class='ocrx_word' id='word_1_285' title='bbox 1310 2004 1353 2042; x_wconf 90' lang='lat' dir='ltr'>id</span> <span class='ocrx_word' id='word_1_286' title='bbox 1380 2011 1501 2054; x_wconf 85' lang='lat' dir='ltr'>negat</span> <span class='ocrx_word' id='word_1_287' title='bbox 1527 2005 1572 2041; x_wconf 83' lang='lat' dir='ltr'>C.</span> <span class='ocrx_word' id='word_1_288' title='bbox 1602 2004 1815 2042; x_wconf 80' lang='lat' dir='ltr'>Passovius</span> 
     </span>
     <span class='ocr_line' id='line_1_28' title="bbox 291 2071 1816 2125; baseline -0.003 -14"><span class='ocrx_word' id='word_1_289' title='bbox 291 2075 321 2112; x_wconf 91' lang='lat' dir='ltr'><strong>l.</strong></span> <span class='ocrx_word' id='word_1_290' title='bbox 341 2075 369 2111; x_wconf 93' lang='lat'><strong>1.</strong></span> <span class='ocrx_word' id='word_1_291' title='bbox 394 2076 442 2112; x_wconf 87' lang='lat' dir='ltr'><strong>N.</strong></span> <span class='ocrx_word' id='word_1_292' title='bbox 454 2073 557 2125; x_wconf 79' lang='lat'><strong>25.)‚</strong></span> <span class='ocrx_word' id='word_1_293' title='bbox 580 2087 660 2112; x_wconf 88' lang='lat' dir='ltr'>non</span> <span class='ocrx_word' id='word_1_294' title='bbox 679 2086 844 2125; x_wconf 89' lang='lat' dir='ltr'>possum</span> <span class='ocrx_word' id='word_1_295' title='bbox 863 2085 944 2110; x_wconf 91' lang='lat' dir='ltr'>non</span> <span class='ocrx_word' id='word_1_296' title='bbox 967 2073 1215 2110; x_wconf 81' lang='lat' dir='ltr'>verissimam</span> <span class='ocrx_word' id='word_1_297' title='bbox 1227 2071 1371 2108; x_wconf 87' lang='lat' dir='ltr'>habere</span> <span class='ocrx_word' id='word_1_298' title='bbox 1389 2073 1623 2122; x_wconf 85' lang='lat' dir='ltr'>scripturam</span> <span class='ocrx_word' id='word_1_299' title='bbox 1636 2071 1816 2121; x_wconf 78' lang='lat' dir='ltr'>plenius,</span> 
     </span>
     <span class='ocr_line' id='line_1_29' title="bbox 294 2136 1817 2194; baseline -0.003 -16"><span class='ocrx_word' id='word_1_300' title='bbox 294 2154 413 2194; x_wconf 88' lang='lat' dir='ltr'>quam</span> <span class='ocrx_word' id='word_1_301' title='bbox 456 2148 593 2179; x_wconf 88' lang='lat' dir='ltr'>contra</span> <span class='ocrx_word' id='word_1_302' title='bbox 631 2140 878 2189; x_wconf 85' lang='lat' dir='ltr'>Beutlejum,</span> <span class='ocrx_word' id='word_1_303' title='bbox 923 2152 1152 2191; x_wconf 87' lang='lat' dir='ltr'>quanquam</span> <span class='ocrx_word' id='word_1_304' title='bbox 1190 2152 1273 2176; x_wconf 89' lang='lat' dir='ltr'>non</span> <span class='ocrx_word' id='word_1_305' title='bbox 1307 2140 1401 2177; x_wconf 88' lang='lat' dir='ltr'>satis</span> <span class='ocrx_word' id='word_1_306' title='bbox 1427 2139 1606 2187; x_wconf 85' lang='lat' dir='ltr'>feliciter,</span> <span class='ocrx_word' id='word_1_307' title='bbox 1640 2136 1817 2175; x_wconf 85' lang='lat' dir='ltr'>defendit</span> 
     </span>
     <span class='ocr_line' id='line_1_30' title="bbox 294 2202 1817 2257; baseline -0.005 -11"><span class='ocrx_word' id='word_1_308' title='bbox 294 2210 494 2246; x_wconf 71' lang='lat' dir='ltr'>Baxterus</span> <span class='ocrx_word' id='word_1_309' title='bbox 506 2235 524 2254; x_wconf 88' lang='lat'>,</span> <span class='ocrx_word' id='word_1_310' title='bbox 553 2206 658 2244; x_wconf 90' lang='lat' dir='ltr'>hanc</span> <span class='ocrx_word' id='word_1_311' title='bbox 684 2208 734 2245; x_wconf 90' lang='lat' dir='ltr'>ob</span> <span class='ocrx_word' id='word_1_312' title='bbox 758 2220 842 2245; x_wconf 89' lang='lat' dir='ltr'>rem</span> <span class='ocrx_word' id='word_1_313' title='bbox 858 2209 1000 2245; x_wconf 86' lang='lat' dir='ltr'>merito</span> <span class='ocrx_word' id='word_1_314' title='bbox 1025 2219 1049 2244; x_wconf 90' lang='lat' dir='ltr'>a</span> <span class='ocrx_word' id='word_1_315' title='bbox 1071 2207 1268 2244; x_wconf 88' lang='lat' dir='ltr'>Wetzelio</span> <span class='ocrx_word' id='word_1_316' title='bbox 1293 2203 1566 2257; x_wconf 84' lang='lat' dir='ltr'>reprehensus.</span> <span class='ocrx_word' id='word_1_317' title='bbox 1622 2204 1698 2251; x_wconf 79' lang='lat' dir='ltr'>Qui</span> <span class='ocrx_word' id='word_1_318' title='bbox 1717 2202 1817 2254; x_wconf 81' lang='lat' dir='ltr'>pla-</span> 
     </span>
     <span class='ocr_line' id='line_1_31' title="bbox 295 2269 1817 2326; baseline -0.003 -14"><span class='ocrx_word' id='word_1_319' title='bbox 295 2277 386 2312; x_wconf 75' lang='lat' dir='ltr'>nius</span> <span class='ocrx_word' id='word_1_320' title='bbox 411 2275 493 2326; x_wconf 85' lang='lat' dir='ltr'>legi</span> <span class='ocrx_word' id='word_1_321' title='bbox 523 2275 680 2312; x_wconf 89' lang='lat' dir='ltr'>malunt</span> <span class='ocrx_word' id='word_1_322' title='bbox 697 2271 755 2326; x_wconf 64' lang='lat'>²⁸),</span> <span class='ocrx_word' id='word_1_323' title='bbox 794 2273 978 2324; x_wconf 81' lang='lat' dir='ltr'>exempla</span> <span class='ocrx_word' id='word_1_324' title='bbox 1007 2273 1238 2323; x_wconf 82' lang='lat' dir='ltr'>intelligunt</span> <span class='ocrx_word' id='word_1_325' title='bbox 1270 2273 1319 2311; x_wconf 88' lang='lat' dir='ltr'>ab</span> <span class='ocrx_word' id='word_1_326' title='bbox 1357 2274 1530 2311; x_wconf 88' lang='lat' dir='ltr'>Homero</span> <span class='ocrx_word' id='word_1_327' title='bbox 1563 2277 1654 2308; x_wconf 84' lang='lat' dir='ltr'>ante</span> <span class='ocrx_word' id='word_1_328' title='bbox 1680 2269 1817 2309; x_wconf 83' lang='lat' dir='ltr'>oculos</span> 
     </span>
     <span class='ocr_line' id='line_1_32' title="bbox 297 2335 1819 2394; baseline -0.003 -15"><span class='ocrx_word' id='word_1_329' title='bbox 297 2343 410 2394; x_wconf 90' lang='lat' dir='ltr'>quasi</span> <span class='ocrx_word' id='word_1_330' title='bbox 441 2342 592 2393; x_wconf 88' lang='lat' dir='ltr'>posita,</span> <span class='ocrx_word' id='word_1_331' title='bbox 622 2342 786 2393; x_wconf 91' lang='lat' dir='ltr'>quibus,</span> <span class='ocrx_word' id='word_1_332' title='bbox 816 2339 913 2393; x_wconf 88' lang='lat' dir='ltr'>quid</span> <span class='ocrx_word' id='word_1_333' title='bbox 940 2339 1150 2379; x_wconf 87' lang='lat' dir='ltr'>honestum</span> <span class='ocrx_word' id='word_1_334' title='bbox 1170 2346 1208 2377; x_wconf 86' lang='lat' dir='ltr'>et</span> <span class='ocrx_word' id='word_1_335' title='bbox 1226 2348 1364 2391; x_wconf 87' lang='lat' dir='ltr'>turpe,</span> <span class='ocrx_word' id='word_1_336' title='bbox 1390 2339 1489 2376; x_wconf 78' lang='lat' dir='ltr'>utile</span> <span class='ocrx_word' id='word_1_337' title='bbox 1514 2344 1554 2376; x_wconf 86' lang='lat' dir='ltr'>et</span> <span class='ocrx_word' id='word_1_338' title='bbox 1582 2335 1819 2376; x_wconf 84' lang='lat' dir='ltr'>damnosum</span> 
     </span>
     <span class='ocr_line' id='line_1_33' title="bbox 298 2403 1815 2460; baseline -0.004 -14"><span class='ocrx_word' id='word_1_339' title='bbox 298 2412 349 2447; x_wconf 86' lang='lat' dir='ltr'>sit</span> <span class='ocrx_word' id='word_1_340' title='bbox 363 2439 375 2458; x_wconf 91' lang='lat'>,</span> <span class='ocrx_word' id='word_1_341' title='bbox 413 2410 558 2447; x_wconf 87' lang='lat' dir='ltr'>melius</span> <span class='ocrx_word' id='word_1_342' title='bbox 582 2407 774 2457; x_wconf 85' lang='lat' dir='ltr'>discatur,</span> <span class='ocrx_word' id='word_1_343' title='bbox 814 2420 938 2460; x_wconf 89' lang='lat' dir='ltr'>quam</span> <span class='ocrx_word' id='word_1_344' title='bbox 974 2419 1027 2444; x_wconf 84' lang='lat' dir='ltr'>ex</span> <span class='ocrx_word' id='word_1_345' title='bbox 1055 2405 1266 2458; x_wconf 84' lang='lat' dir='ltr'>Chrysippi</span> <span class='ocrx_word' id='word_1_346' title='bbox 1293 2412 1332 2443; x_wconf 87' lang='lat' dir='ltr'>et</span> <span class='ocrx_word' id='word_1_347' title='bbox 1358 2405 1557 2443; x_wconf 85' lang='lat' dir='ltr'>Crantoris</span> <span class='ocrx_word' id='word_1_348' title='bbox 1581 2403 1815 2454; x_wconf 78' lang='lat' dir='ltr'>praeceptis.</span> 
     </span>
     <span class='ocr_line' id='line_1_34' title="bbox 298 2468 1820 2527; baseline -0.004 -14"><span class='ocrx_word' id='word_1_349' title='bbox 298 2478 353 2513; x_wconf 84' lang='lat' dir='ltr'>At</span> <span class='ocrx_word' id='word_1_350' title='bbox 381 2489 523 2527; x_wconf 84' lang='lat' dir='ltr'>parum</span> <span class='ocrx_word' id='word_1_351' title='bbox 556 2477 741 2514; x_wconf 88' lang='lat' dir='ltr'>Horatius</span> <span class='ocrx_word' id='word_1_352' title='bbox 770 2476 987 2512; x_wconf 85' lang='lat' dir='ltr'>Homerum</span> <span class='ocrx_word' id='word_1_353' title='bbox 1013 2471 1235 2521; x_wconf 84' lang='lat' dir='ltr'>laudasset,</span> <span class='ocrx_word' id='word_1_354' title='bbox 1271 2473 1309 2510; x_wconf 90' lang='lat' dir='ltr'>si</span> <span class='ocrx_word' id='word_1_355' title='bbox 1339 2473 1378 2509; x_wconf 89' lang='lat' dir='ltr'>ei</span> <span class='ocrx_word' id='word_1_356' title='bbox 1404 2483 1500 2523; x_wconf 88' lang='lat' dir='ltr'>prae</span> <span class='ocrx_word' id='word_1_357' title='bbox 1529 2468 1751 2522; x_wconf 86' lang='lat' dir='ltr'>Chrysippo</span> <span class='ocrx_word' id='word_1_358' title='bbox 1781 2476 1820 2507; x_wconf 87' lang='lat' dir='ltr'>et</span> 
     </span>
     <span class='ocr_line' id='line_1_35' title="bbox 302 2538 1821 2593; baseline -0.003 -14"><span class='ocrx_word' id='word_1_359' title='bbox 302 2543 489 2581; x_wconf 85' lang='lat' dir='ltr'>Crantore</span> <span class='ocrx_word' id='word_1_360' title='bbox 516 2543 709 2593; x_wconf 70' lang='lat' dir='ltr'>maiorem</span> <span class='ocrx_word' id='word_1_361' title='bbox 733 2548 889 2580; x_wconf 85' lang='lat' dir='ltr'>tantum</span> <span class='ocrx_word' id='word_1_362' title='bbox 907 2540 1228 2592; x_wconf 84' lang='lat' dir='ltr'>perspicuitatem</span> <span class='ocrx_word' id='word_1_363' title='bbox 1251 2539 1447 2590; x_wconf 85' lang='lat' dir='ltr'>exemplis</span> <span class='ocrx_word' id='word_1_364' title='bbox 1465 2538 1728 2590; x_wconf 85' lang='lat' dir='ltr'>conquisitam</span> <span class='ocrx_word' id='word_1_365' title='bbox 1746 2539 1821 2575; x_wconf 88' lang='lat' dir='ltr'>tri-</span> 
     </span>
    </p>
   </div>
   <div class='ocr_carea' id='block_1_3' title="bbox 305 2659 568 2665">
    <p class='ocr_par' dir='ltr' id='par_1_4' title="bbox 305 2659 568 2665">
     <span class='ocr_line' id='line_1_36' title="bbox 305 2659 568 2665; baseline 0 0"><span class='ocrx_word' id='word_1_366' title='bbox 305 2659 568 2665; x_wconf 95' lang='lat' dir='ltr'> </span> 
     </span>
    </p>
   </div>
   <div class='ocr_carea' id='block_1_4' title="bbox 305 2721 1827 2943">
    <p class='ocr_par' dir='ltr' id='par_1_5' title="bbox 305 2721 1827 2943">
     <span class='ocr_line' id='line_1_37' title="bbox 393 2721 1824 2774; baseline -0.003 -11"><span class='ocrx_word' id='word_1_367' title='bbox 393 2729 429 2773; x_wconf 83' lang='lat'>*)</span> <span class='ocrx_word' id='word_1_368' title='bbox 450 2728 515 2763; x_wconf 82' lang='lat' dir='ltr'>Fr.</span> <span class='ocrx_word' id='word_1_369' title='bbox 540 2730 688 2765; x_wconf 84' lang='lat' dir='ltr'>Jacobs=</span> <span class='ocrx_word' id='word_1_370' title='bbox 712 2727 868 2774; x_wconf 82' lang='lat' dir='ltr'>planius,</span> <span class='ocrx_word' id='word_1_371' title='bbox 893 2730 933 2761; x_wconf 78' lang='lat' dir='ltr'>ut</span> <span class='ocrx_word' id='word_1_372' title='bbox 954 2726 1068 2772; x_wconf 65' lang='lat' dir='ltr'>poeta,</span> <span class='ocrx_word' id='word_1_373' title='bbox 1093 2725 1153 2770; x_wconf 87' lang='lat' dir='ltr'>qui</span> <span class='ocrx_word' id='word_1_374' title='bbox 1169 2725 1333 2771; x_wconf 80' lang='lat' dir='ltr'>exemplis</span> <span class='ocrx_word' id='word_1_375' title='bbox 1354 2723 1544 2772; x_wconf 79' lang='lat' dir='ltr'>propositis</span> <span class='ocrx_word' id='word_1_376' title='bbox 1567 2721 1674 2757; x_wconf 85' lang='lat' dir='ltr'>multo</span> <span class='ocrx_word' id='word_1_377' title='bbox 1695 2723 1824 2767; x_wconf 83' lang='lat' dir='ltr'>majore</span> 
     </span>
     <span class='ocr_line' id='line_1_38' title="bbox 305 2780 1824 2833; baseline -0.005 -13"><span class='ocrx_word' id='word_1_378' title='bbox 305 2784 474 2833; x_wconf 72' lang='grc' dir='ltr'>ἐναργείᾳ</span> <span class='ocrx_word' id='word_1_379' title='bbox 496 2786 609 2829; x_wconf 85' lang='lat' dir='ltr'>docet,</span> <span class='ocrx_word' id='word_1_380' title='bbox 644 2797 747 2830; x_wconf 85' lang='lat' dir='ltr'>quam</span> <span class='ocrx_word' id='word_1_381' title='bbox 779 2783 896 2829; x_wconf 82' lang='lat' dir='ltr'>quivis</span> <span class='ocrx_word' id='word_1_382' title='bbox 920 2782 1165 2828; x_wconf 83' lang='lat' dir='ltr'>philosophus,</span> <span class='ocrx_word' id='word_1_383' title='bbox 1188 2781 1268 2826; x_wconf 91' lang='lat' dir='ltr'>qui,</span> <span class='ocrx_word' id='word_1_384' title='bbox 1295 2791 1398 2826; x_wconf 91' lang='lat' dir='ltr'>quum</span> <span class='ocrx_word' id='word_1_385' title='bbox 1420 2780 1572 2814; x_wconf 78' lang='lat' dir='ltr'>Ethicen</span> <span class='ocrx_word' id='word_1_386' title='bbox 1601 2790 1646 2813; x_wconf 83' lang='lat' dir='ltr'>ex</span> <span class='ocrx_word' id='word_1_387' title='bbox 1667 2780 1824 2824; x_wconf 75' lang='lat' dir='ltr'>professo</span> 
     </span>
     <span class='ocr_line' id='line_1_39' title="bbox 305 2835 1827 2887; baseline -0.005 -12"><span class='ocrx_word' id='word_1_388' title='bbox 305 2846 442 2884; x_wconf 76' lang='lat' dir='ltr'>tractet,</span> <span class='ocrx_word' id='word_1_389' title='bbox 464 2841 607 2885; x_wconf 76' lang='lat' dir='ltr'>plenius</span> <span class='ocrx_word' id='word_1_390' title='bbox 636 2846 825 2887; x_wconf 79' lang='lat' dir='ltr'>praecepta</span> <span class='ocrx_word' id='word_1_391' title='bbox 845 2839 966 2874; x_wconf 81' lang='lat' dir='ltr'>tradit.</span> <span class='ocrx_word' id='word_1_392' title='bbox 1011 2838 1053 2872; x_wconf 89' lang='lat' dir='ltr'>In</span> <span class='ocrx_word' id='word_1_393' title='bbox 1069 2837 1160 2872; x_wconf 88' lang='lat' dir='ltr'>nullo</span> <span class='ocrx_word' id='word_1_394' title='bbox 1176 2842 1288 2872; x_wconf 80' lang='lat' dir='ltr'>autem</span> <span class='ocrx_word' id='word_1_395' title='bbox 1304 2837 1475 2883; x_wconf 86' lang='lat' dir='ltr'>scriptore</span> <span class='ocrx_word' id='word_1_396' title='bbox 1488 2836 1650 2880; x_wconf 82' lang='lat' dir='ltr'>majorem</span> <span class='ocrx_word' id='word_1_397' title='bbox 1665 2845 1743 2869; x_wconf 84' lang='lat' dir='ltr'>esse</span> <span class='ocrx_word' id='word_1_398' title='bbox 1757 2835 1827 2872; x_wconf 83' lang='lat' dir='ltr'>vim</span> 
     </span>
     <span class='ocr_line' id='line_1_40' title="bbox 306 2892 1682 2943; baseline -0.004 -11"><span class='ocrx_word' id='word_1_399' title='bbox 306 2894 495 2943; x_wconf 76' lang='grc' dir='ltr'><strong><em>ἐναργείας</em></strong></span> <span class='ocrx_word' id='word_1_400' title='bbox 518 2894 582 2930; x_wconf 78' lang='grc' dir='ltr'><strong>καὶ.</strong></span> <span class='ocrx_word' id='word_1_401' title='bbox 602 2897 815 2942; x_wconf 81' lang='grc' dir='ltr'>σαφηνείας,</span> <span class='ocrx_word' id='word_1_402' title='bbox 836 2907 938 2942; x_wconf 86' lang='lat' dir='ltr'>qnam</span> <span class='ocrx_word' id='word_1_403' title='bbox 952 2895 989 2930; x_wconf 84' lang='lat' dir='ltr'>in</span> <span class='ocrx_word' id='word_1_404' title='bbox 1010 2894 1174 2939; x_wconf 79' lang='lat' dir='ltr'>Homero,</span> <span class='ocrx_word' id='word_1_405' title='bbox 1197 2904 1315 2929; x_wconf 83' lang='lat' dir='ltr'>omnes</span> <span class='ocrx_word' id='word_1_406' title='bbox 1336 2903 1405 2927; x_wconf 89' lang='lat' dir='ltr'>uno</span> <span class='ocrx_word' id='word_1_407' title='bbox 1421 2904 1483 2927; x_wconf 85' lang='lat' dir='ltr'>ore</span> <span class='ocrx_word' id='word_1_408' title='bbox 1498 2892 1682 2927; x_wconf 76' lang='lat' dir='ltr'>affirmant.</span> 
     </span>
    </p>
   </div>
  </div>
 </body>
</html>
