2054 3268
616 286 757 324 LIBRI
785 286 816 324 Ι.
877 283 1146 323 EPISTOLA
1180 286 1212 321 Ι.
1650 280 1698 323 17

210 403 348 464 Esto,
383 403 480 447 aliis
510 403 620 448 alios
650 402 777 447 rebus
803 399 1038 460 studiisque
1065 401 1233 446 teneri:

212 483 332 529 Idem
359 482 512 528 eadem
535 487 717 543 possunt
744 481 897 527 horam
925 480 1083 526 durare
1108 481 1340 540 probantes
1355 476 1379 522 ἓ

213 563 405 624 „Nullus
437 565 481 608 in
513 563 617 608 orbe
643 563 762 607 sinus
787 559 910 606 Baiis
940 562 1164 621 praelucet
1192 560 1382 604 amoenis
1395 555 1446 620 ,⁶⁶

214 641 269 690 Si
298 643 406 689 dixit
436 643 583 703 dives,
619 643 740 688 lacus
769 645 813 687 et
840 655 960 686 mare
985 643 1117 687 sentit
1144 653 1336 686 amorem

213 723 481 769 Festinantis
507 723 630 783 heri3
671 724 739 769 cui
763 724 801 767 si
829 724 988 768 vitiosa
1015 721 1144 767 libido

212 802 386 849 Fecerit
412 806 660 865 auspicium,
687 802 855 861 „Cras
863 800 1190 863 ferramenta
1214 799 1426 845 Teanum

220 881 441 941 Tolletis,
462 882 614 945 fabri
623 883 678 927 !“
747 883 907 929 Lectus
940 883 1128 944 genialis
1154 883 1199 926 in
1226 880 1329 926 aula
1356 883 1447 924 est:

146 1063 241 1092 tasse
254 1059 386 1094 rectius
401 1070 503 1105 quam
513 1063 657 1104 foenore
672 1073 708 1095 v.
723 1060 818 1094 Gell.
838 1061 894 1104 16,

147 1115 204 1149 12.
247 1115 353 1150 Voss.
371 1116 415 1151 ad
430 1117 534 1162 Virg.
552 1117 605 1151 Id.
623 1118 659 1162 Ι,
676 1117 735 1152 49.
753 1123 790 1151 et
804 1127 894 1162 quos

145 1170 396 1209 indicatKritz.
414 1174 458 1208 ad
473 1174 560 1208 Sall.
572 1175 652 1209 Cat.
662 1175 719 1219 33,
733 1176 765 1209 1.
782 1174 892 1208 Utra-

951 1059 1054 1106 Lips.
1071 1059 1153 1094 492.
1185 1057 1298 1091 Loch.
1331 1075 1378 1082 —-
1407 1054 1604 1100 praecedet.
1631 1051 1701 1087 Ma.

951 1127 1011 1151 un.
1021 1117 1132 1151 Feae.
1143 1136 1190 1141 ——
1206 1116 1339 1150 amicis.
1356 1113 1427 1147 Ms.
1440 1113 1488 1146 G.
1508 1124 1565 1158 ap.
1579 1111 1702 1145 Comb.

950 1193 997 1199 —
1013 1174 1060 1207 V.
1078 1171 1137 1209 84.
1153 1173 1214 1207 Sic
1231 1173 1332 1207 dixit.
1351 1171 1422 1205 Ms.
1441 1170 1562 1204 Guelf.
1582 1171 1616 1204 1.
1647 1169 1704 1202 di-

143 1239 214 1274 que
229 1233 344 1265 tamen
358 1231 471 1266 forma
485 1231 522 1265 in
535 1243 600 1266 usu
611 1237 687 1266 erat
702 1243 790 1266 aevo
799 1231 890 1265 Var-
947 1243 1007 1266 ves
1026 1231 1130 1266 dixit.
1156 1231 1224 1265 Ms.
1251 1242 1311 1264 un.
1329 1231 1465 1264 Bersm.
1498 1229 1621 1263 Davus
1637 1236 1702 1271 pro

145 1286 242 1321 ronis
266 1287 338 1330 (L.
363 1288 409 1322 L.
433 1287 470 1323 4.
503 1301 539 1334 p.
563 1289 643 1333 95.)
675 1308 723 1314 —
758 1290 896 1334 Verum,

144 1343 244 1380 Esto.
291 1345 353 1379 Sic
369 1345 452 1379 dist.
469 1345 547 1380 Fea
575 1350 611 1379 et
624 1346 766 1390 Jaeck.,
793 1346 894 1381 male.

191 1400 239 1435 V.
255 1402 312 1436 81.
346 1403 433 1436 alios
450 1403 542 1437 aliis.
575 1402 644 1437 Ms.
674 1405 773 1439 Feae
798 1406 840 1449 2,
867 1405 895 1439 i.

144 1458 265 1493 Jaeck.
283 1460 319 1494 6.
359 1460 481 1495 Guelf.
497 1462 533 1496 2.
573 1460 677 1496 Dess.
694 1463 731 1498 3.
771 1462 895 1496 Usita-

144 1521 203 1550 tus
219 1515 359 1560 quidem
375 1518 562 1552 verborum
578 1518 664 1552 ordo
674 1545 685 1564 ,
717 1523 757 1553 ut
773 1521 892 1564 subje-

144 1578 236 1608 ctum
252 1573 290 1607 in
305 1573 432 1608 talibus
450 1586 480 1608 s-
508 1576 714 1620 praecedat,
749 1577 812 1611 sed
835 1577 894 1611 hic

142 1631 328 1676 praevalet
343 1631 540 1666 sententiae
556 1633 593 1666 vi
610 1634 796 1678 objectum.
831 1635 891 1669 Cf.

142 1688 188 1722 ad
203 1701 240 1723 v.
257 1689 315 1724 76.
363 1687 537 1734 Exempla
552 1689 590 1723 in
607 1696 791 1737 utramque
807 1703 890 1738 par-

142 1751 211 1780 tem
234 1745 451 1792 collegerunt
472 1746 590 1781 Beier.
615 1749 660 1783 ad
689 1750 765 1784 Cic.
785 1750 894 1784 offic.

145 1806 177 1847 1,
193 1805 228 1839 7.
245 1815 281 1849 p.
293 1805 352 1840 51.
371 1808 407 1837 et
424 1804 455 1847 1,
474 1805 530 1839 17.
546 1817 583 1851 p.
604 1807 682 1842 128.
715 1808 893 1844 Goerenz.

142 1861 180 1895 in
194 1861 297 1895 Jahn.
313 1861 460 1896 Jahxbb.
479 1863 579 1897 1826.
596 1863 627 1897 Ι.
644 1877 681 1910 p.
692 1864 751 1900 43.
779 1867 891 1901 Scha-

142 1919 288 1964 deberg.
313 1918 351 1952 in
375 1919 490 1954 eiusd.
521 1926 556 1954 et
573 1920 727 1956 Seebod.
745 1922 890 1958 Archiv.

143 1976 175 2010 Ι.
191 1977 228 2011 3.
245 1988 282 2022 p.
299 1976 380 2011 423.

189 2033 238 2066 V.
255 2033 313 2068 82.
338 2033 443 2067 Idem.
477 2033 540 2067 Sic
563 2046 644 2070 mss.
670 2048 761 2071 omn.
778 2038 890 2074 Pulm.

146 2089 267 2123 Guelf.
285 2094 322 2124 et
334 2089 437 2124 Dess.
453 2090 555 2136 Lips.
575 2094 606 2126 1.
623 2093 659 2127 3.
703 2095 837 2130 Graev.
857 2103 894 2131 et

146 2145 227 2180 edd.
243 2151 332 2180 vett.
350 2147 442 2193 pqu.
461 2152 497 2181 et
511 2148 609 2182 mult.
626 2158 774 2186 recentt.
791 2166 828 2188 v.
846 2155 892 2188 ad

144 2215 182 2237 v.
199 2204 258 2238 71.
274 2222 322 2228 —-
345 2210 541 2249 possuntne.
558 2205 647 2240 Mss.
663 2207 785 2243 Lamb.
804 2211 838 2245 1.
855 2211 890 2245 5.

144 2259 238 2294 Edd.
255 2259 378 2294 hamb.
396 2262 519 2306 Cruq.,
537 2265 664 2307 probat
679 2265 818 2300 Bonfin.
835 2271 890 2301 te-

142 2323 198 2352 ste
214 2317 396 2352 Ascensio.
445 2318 493 2353 At
518 2319 691 2365 particula
718 2323 889 2368 interrog.

141 2374 264 2409 melius
279 2375 338 2408 hic
354 2377 464 2420 abest,
482 2382 588 2411 utres
599 2378 805 2426 simpliciter
815 2383 893 2416 sine

141 2431 212 2466 ulla
228 2432 448 2467 dubitatione
463 2440 612 2479 negetur
623 2462 633 2481 ,
667 2444 728 2473 aut
743 2441 889 2485 subjun-

140 2489 238 2535 gitur
251 2490 451 2536 pronomini
467 2492 563 2526 Idem
579 2494 637 2528 vel
653 2497 783 2531 eadem.
810 2509 890 2542 pos-

139 2547 224 2582 sint.
246 2546 316 2581 ΜΒ.
334 2558 394 2581 un.
410 2547 507 2583 Feae
524 2560 544 2583 a
563 2551 594 2586 1.
612 2564 717 2586 m.—
737 2555 814 2589 Non
827 2567 890 2589 ea-

141 2603 231 2648 dem,
247 2604 311 2638 sed
321 2603 359 2638 in
367 2606 522 2651 margine
530 2607 621 2642 idem
633 2621 697 2644 ms.
709 2610 751 2644 C.
764 2611 888 2647 Oberl.

139 2679 187 2687 —
201 2661 299 2696 hora.
317 2659 405 2695 Mss.
423 2663 492 2698 duo
508 2666 643 2701 Bersm.
678 2667 799 2702 Guelf.
816 2670 852 2704 2.

185 2718 233 2752 V.
250 2718 308 2754 83.
333 2719 476 2755 Nullius
494 2723 532 2756 in
546 2723 639 2757 urbe.
671 2721 741 2756 ΜΒ.
758 2722 802 2756 A.
829 2735 886 2770 ap.

139 2773 264 2810 Comb.
290 2780 326 2810 et
350 2775 407 2810 ed.
434 2777 518 2813 Zar.
542 2779 655 2814 Loch.
690 2780 773 2824 (sed
799 2780 887 2815 haec

137 2833 245 2876 orbe.)
261 2834 344 2867 urbe
360 2833 463 2869 etiam
478 2847 542 2871 ms.
558 2837 662 2871 Dess.
679 2837 714 2871 2.
733 2849 809 2872 cum
825 2850 885 2873 su-

137 2900 273 2934 perscr.
291 2902 324 2925 ο.
358 2911 406 2916 -
437 2892 542 2928 locus.
574 2894 663 2928 Mss.
689 2895 734 2928 B.
754 2895 797 2929 C.
825 2908 883 2942 ap.

138 2946 260 2981 Comb.
285 2967 332 2972 -—
354 2948 453 2985 Bais.
479 2950 550 2985 Ms.
569 2950 691 2986 Guelf.
709 2951 745 2987 3.
778 2951 883 2986 Dess.

135 3005 172 3040 2.
190 3005 225 3040 3.
258 3017 350 3040 omn.
366 3007 466 3054 Lips.
499 3008 594 3044 Edd.
610 3010 702 3044 Ven.
726 3009 808 3044 483.
825 3010 882 3044 86.

179 3063 330 3100 HoRA'r.
353 3064 383 3099 I.

951 1290 1049 1323 dives
1073 1289 1165 1333 conj.
1183 1287 1349 1322 Waddel.
1376 1285 1577 1330 (Animadv.
1606 1284 1702 1318 critt.

952 1352 1024 1382 etc.
1060 1358 1097 1392 p.
1124 1346 1210 1390 72),
1244 1356 1383 1379 causam
1406 1348 1525 1377 textus
1547 1341 1704 1377 mutandi

952 1404 1038 1439 oriri
1054 1403 1212 1451 potuisse
1235 1405 1401 1450 opinatur
1422 1413 1443 1436 a
1467 1413 1563 1436 vers.
1580 1401 1639 1436 90.
1655 1419 1702 1426 -

951 1463 1045 1497 locus
1060 1462 1148 1495 Mss.
1164 1461 1266 1508 Lips.
1286 1463 1321 1495 2.
1338 1460 1374 1495 3.

997 1521 1044 1554 V.
1057 1520 1116 1555 85.
1134 1520 1198 1554 eri.
1217 1519 1279 1552 Sic
1295 1529 1359 1551 ms.
1377 1517 1498 1551 Jaeck.
1519 1517 1553 1551 1.
1577 1515 1701 1550 Guelf.

949 1580 985 1615 3.
1012 1578 1116 1612 Dess.
1136 1577 1170 1611 1.
1188 1577 1222 1611 3.
1249 1575 1348 1622 Lips.
1365 1577 1400 1611 2.
1418 1573 1454 1607 3.
1480 1572 1591 1606 Goth.
1615 1572 1702 1606 Vid.

950 1635 1118 1670 Schneid.
1144 1633 1284 1667 Elmtrl.
1318 1645 1356 1678 p.
1384 1632 1451 1667 186
1478 1634 1514 1665 et
1538 1630 1624 1675 Maj.
1657 1630 1702 1664 ad

949 1693 1076 1727 Front.
1094 1691 1214 1737 Epist.
1238 1703 1275 1736 p.
1292 1689 1362 1724 412
1384 1690 1440 1723 ed.
1458 1690 1559 1724 Rom.
1577 1690 1699 1724 lauda-

949 1757 1007 1786 tus
1032 1751 1076 1784 ab
1103 1749 1245 1783 Osanno
1275 1748 1320 1781 ad
1343 1746 1484 1792 Apulej.
1513 1760 1550 1793 p.
1568 1748 1628 1784 97.
1654 1767 1701 1774 —

950 1807 1008 1842 cui
1028 1806 1093 1840 vit.
1120 1806 1240 1840 omiss.
1257 1805 1289 1839 si
1304 1804 1375 1838 Ms-
1394 1803 1495 1850 Lips.
1522 1805 1554 1839 I.
1582 1810 1618 1840 et
1642 1806 1699 1840 ed.

951 1865 1063 1899 Chab.
1083 1863 1160 1908 (?!)
1191 1882 1239 1888 —
1270 1866 1414 1898 ventosa
1444 1862 1564 1896 libido.
1594 1863 1700 1906 Conj.

950 1921 1147 1956 Markland.
1178 1920 1316 1966 (Epist.
1336 1919 1416 1954 crit.
1440 1932 1477 1966 Ρ.
1498 1919 1604 1964 168),
1638 1919 1701 1954 sed

947 1979 1097 2014 mutavit
1119 1984 1268 2013 mentem
1296 1978 1340 2012 ad
1359 1977 1450 2011 Stat.
1477 1976 1570 2011 Silv.
1592 1975 1634 2020 4,
1664 1976 1698 2010 1.

947 2050 983 2083 p.
1001 2037 1083 2072 306.
1111 2036 1168 2071 ed.
1186 2035 1304 2080 Sillig.
1330 2032 1477 2080 epitheti
1502 2033 1698 2078 transposi-

946 2095 1078 2128 tionem
1094 2094 1296 2138 intelligens
1308 2118 1317 2136 ,
1334 2092 1361 2126 i.
1380 2103 1412 2125 e.
1430 2090 1461 2124 si
1476 2089 1586 2124 libido
1602 2090 1698 2123 fece-

946 2151 995 2186 rit
1010 2152 1168 2186 vitiosum
1185 2150 1391 2195 auspicium.
1433 2148 1488 2182 De
1502 2147 1567 2182 tali
1580 2151 1698 2181 trans-

946 2208 1129 2255 positione
1155 2208 1231 2242 dixi
1264 2207 1302 2240 in
1327 2205 1526 2239 Zimmerm.
1553 2202 1697 2237 Schulz.

950 2266 1053 2301 1832.
1070 2265 1119 2298 Π.
1145 2276 1181 2309 Ρ.
1202 2264 1310 2308 1204,
1342 2262 1407 2296 sed
1423 2262 1458 2294 11.
1476 2261 1501 2294 1.
1519 2260 1614 2294 nulla
1630 2264 1696 2294 est.

948 2324 1084 2358 Contra
1099 2320 1298 2354 Marklandi
1325 2322 1559 2366 conjecturam
1575 2319 1697 2364 dispu-

947 2379 1040 2415 tavit
1057 2378 1258 2421 Eichstml„
1276 2378 1323 2411 V.
1339 2376 1446 2420 Exc.,
1463 2376 1508 2410 ad
1524 2387 1594 2411 van
1610 2376 1696 2411 Om-

946 2449 1032 2472 mer.
1050 2449 1087 2483 p.
1105 2435 1187 2470 213.
1214 2454 1262 2460 —
1286 2434 1422 2479 cupido.
1440 2434 1510 2468 Ms.
1528 2433 1648 2468 Guelf.
1659 2435 1695 2470 3.

992 2495 1038 2528 V.
1056 2494 1114 2528 86.
1142 2494 1298 2527 Fecerat.
1325 2492 1394 2526 Ms.
1412 2492 1509 2526 Feae
1524 2492 1567 2533 3,
1594 2501 1625 2524 0.
1649 2508 1697 2515 —

947 2551 1149 2597 hospicium.
1166 2550 1236 2584 Ms.
1255 2549 1378 2583 Guelf.
1394 2547 1428 2583 4.
1440 2568 1487 2574 —
1504 2549 1695 2583 Theanum.

947 2610 1010 2644 Sic
1027 2621 1108 2643 mss.
1128 2609 1233 2642 Dess.
1251 2608 1285 2642 2.
1313 2607 1415 2641 Gott.
1429 2607 1463 2640 1.
1481 2604 1527 2638 al.
1546 2608 1582 2639 et
1596 2604 1694 2639 mult.

947 2668 1030 2702 edd.
1054 2672 1094 2701 ut
1117 2667 1209 2700 Ven.
1226 2664 1308 2699 481.
1339 2663 1441 2709 Lips.
1465 2663 1547 2698 492.
1581 2660 1692 2695 Pulm.

945 2727 1030 2761 Bas.
1059 2724 1140 2758 580.
1174 2723 1283 2766 Cruq.
1311 2721 1445 2755 Bersm.
1474 2721 1691 2755 Theannum.

947 2782 1137 2817 Edd.ven.
1150 2780 1232 2816 479.
1243 2779 1300 2813 83.
1312 2779 1369 2813 86.
1386 2778 1440 2812 De
1449 2777 1624 2823 scriptura
1631 2775 1692 2809 vid

941 2840 1050 2874 Drak.
1070 2838 1114 2872 ad
1129 2837 1211 2871 Liv.
1221 2836 1278 2879 23,
1294 2836 1353 2870 24.
1370 2835 1406 2870 5.
1425 2839 1461 2870 et
1476 2831 1691 2876 Wesseling.

942 2898 987 2932 ad
1003 2898 1101 2932 Vett.
1119 2896 1220 2930 Rom.
1238 2893 1360 2927 Itiner.
1378 2905 1415 2939 p.
1434 2892 1512 2926 122.

988 2953 1035 2987 V.
1063 2953 1122 2988 87.
1159 2951 1245 2986 aula
1271 2950 1349 2985 cst?
1399 2949 1461 2984 Sic
1492 2949 1575 2982 Bas.
1608 2946 1689 2982 580.

940 3008 1060 3043 Burm.
1079 3009 1146 3044 699
1162 3013 1199 3043 et
1213 3008 1426 3043 recentiores
1442 3006 1555 3053 pqu.,
1588 3016 1690 3050 quam

1385 3070 1413 3111 2
