2028 3268
22 450 48 531 ᾗ

18 915 45 986 43³⁴*
20 799 47 899 ,5228ssss
39 779 41 783 .
19 726 47 738 ’ζ
24 691 41 713 ,ν-

36 1300 50 1322 ⁴³<
23 1221 47 1290 {vn-¹
36 1199 39 1203 .
27 1148 41 1186 ,m
18 987 47 1136 *istm-5153&

123 273 179 316 55
266 269 645 312 COMMENTARII
673 271 731 312 IN
758 270 985 313 HORATII
1011 272 1115 313 LIB.
1135 273 1166 313 1.
1188 272 1358 314 EPIST.
1377 274 1532 314 SEXT.
1590 271 1677 315 327

121 386 306 427 machinis
330 385 572 438 attollantur,
602 387 642 426 in
672 388 743 426 viis
763 388 936 426 dextram
960 389 1159 439 porrigere
1180 390 1231 427 ad
1249 389 1414 440 aliquem
1434 389 1554 427 civem
1573 392 1675 440 apud

121 454 282 494 tribules
319 468 410 492 suos
439 456 676 507 gratiosum,
709 457 750 494 in
777 455 838 493 via
861 456 962 494 saxis
987 457 1174 507 impedita
1202 456 1441 496 laborantem
1470 457 1674 496 sublevan-

121 523 258 564 dum.“
314 523 412 562 Cum
433 522 624 563 Lambino
653 525 749 563 facit
773 524 975 562 Dae-erius
998 529 1115 575 atque
1143 525 1245 563 haud
1267 528 1347 564 scio
1374 540 1426 565 an
1454 526 1579 564 locum
1608 539 1674 564 ae—

122 605 196 644 que
217 591 474 630 intellexerint
487 593 631 631 Acron
652 597 693 632 et
725 594 926 645 Cruquius
949 596 990 631 et
1014 593 1252 630 Huschkius
1277 593 1355 646 (hic
1378 596 1428 632 ad
1451 594 1541 633 Tib.
1565 595 1590 632 l.
1613 593 1672 644 1.).

120 659 175 699 At
208 660 350 699 nemini
388 674 467 699 non
503 663 619 699 dictio
660 662 724 700 illa
763 663 813 699 ad
846 661 1048 700 salutantis
1076 662 1204 712 potius
1231 674 1422 712 manuque
1454 662 1672 712 prensantis

118 731 271 781 gestum
297 729 500 768 referenda
532 731 736 780 videbitur,
766 733 808 768 ut
839 730 981 768 indicat
1009 730 1139 768 similis
1158 729 1351 768 Plutarchi
1379 730 1487 767 locus
1512 742 1536 767 a
1555 728 1672 767 Lam—

120 795 210 843 hino
240 797 326 847 ipso
362 796 539 836 laudatus
569 799 662 849 „An
694 799 786 837 Seni
825 798 876 835 sit
904 799 1073 848 gerenda
1099 799 1254 849 Resp.“
1292 798 1358 836 [X.
1400 795 1477 847 [IV.
1517 795 1672 846 Moral.]

118 878 160 918 p.
189 866 285 906 171.
320 860 369 905 οὔ
399 861 488 919 γάρ,
521 865 576 915 ὥς
611 865 792 921 Τιβέριος
820 865 844 907 ὁ
876 870 1033 920 Καῖσαρ
1063 866 1181 921 ἔλεγε,
1211 864 1257 907 τό
1285 863 1362 918 τήν
1386 868 1498 918 χεῖρα
1526 866 1583 917 τῷ
1610 863 1674 903 ἰα-

117 935 202 988 τρῷ
230 933 456 987 προτείνειν
484 933 586 989 ὑπὲρ
613 931 807 988 ἑξήκοντα
836 934 901 986 ἔτη
934 931 1170 989 γεγονότας,
1214 931 1384 988 αἰσχρόν
1406 933 1535 983 ἔστιν,
1572 919 1673 972 omo}

118 1004 272 1055 μᾶλλον
298 998 344 1042 τό
371 998 450 1054 τήν
479 1007 592 1057 χεῖρα
613 1007 671 1059 τῷ
698 1000 815 1058 δήμῳ
845 1005 1083 1057 προτείνειν,
1112 1006 1262 1055 ψῆφον
1289 1002 1504 1049 αἰτοῦντας
1532 997 1561 1052 ἢ
1589 1015 1673 1051 φω-

117 1067 198 1123 νὴν
232 1067 624 1123 οἶρχαιρεζιάζουσαν.
681 1071 793 1110 Adde
828 1073 910 1110 Cic.
940 1086 1000 1123 pr.
1037 1073 1188 1111 Muren.
1224 1073 1305 1122 36,
1350 1073 1420 1112 77.
1450 1083 1510 1122 pr.
1540 1068 1670 1106 Planc.

120 1141 189 1189 18,
218 1137 288 1180 45.
321 1139 388 1189 19,
418 1137 488 1180 47.
519 1143 568 1179 de
599 1141 710 1179 Orat.
745 1143 784 1189 l,
816 1139 885 1190 24,
917 1142 1011 1183 112.
1069 1141 1234 1192 Rupert.
1263 1141 1314 1178 ad
1341 1138 1429 1177 Liv.
1462 1140 1503 1188 2,
1533 1139 1604 1186 61,
1630 1136 1669 1177 4.

116 1207 200 1247 val.
225 1208 380 1247 Maxim.
413 1210 464 1258 7,
504 1208 553 1259 5,
591 1211 631 1251 2.
656 1222 696 1260 p.
725 1209 823 1249 370.
880 1209 968 1259 Bip.
999 1208 1219 1248 Mamertin.
1250 1208 1396 1258 Paneg.
1429 1208 1495 1247 16.
1524 1204 1669 1244 Auson.

117 1275 261 1328 Paneg.
293 1277 333 1317 5.
370 1280 410 1315 et
443 1276 494 1314 cf.
531 1276 647 1314 Ovid.
674 1276 720 1314 A.
751 1276 797 1315 A.
829 1279 876 1326 2,
921 1276 1019 1320 254.
1077 1277 1244 1316 Maxime
1279 1280 1408 1315 autem
1440 1276 1671 1324 interpretes

35 1339 40 1342 ’
117 1346 318 1397 explicatio
358 1343 563 1382 verborum
611 1350 721 1381 trans
755 1344 939 1395 pondera
979 1349 1147 1396 torquet.
1206 1346 1285 1384 Sed
1326 1343 1596 1382 concludamus
1632 1342 1671 1380 in

31 1414 42 1440 ’ἵ
115 1428 234 1453 unum
267 1414 395 1452 locum
422 1399 699 1463 perdifficilem.
759 1412 1086 1458 „Nomenelator
1120 1415 1248 1466 igitur
1278 1413 1420 1451 herum
1449 1425 1578 1449 manu
1596 1410 1672 1462 se·-

23 1491 50 1542 ζ
115 1481 254 1520 riendo
279 1481 441 1519 laevum
469 1482 554 1527 (jus
587 1479 695 1516 latus
725 1482 857 1532 cogit,
891 1489 936 1519 ut
962 1481 1072 1520 t'zunc
1099 1483 1167 1522 vel
1192 1482 1338 1527 illum,
1377 1487 1510 1531 utpote
1532 1481 1605 1531 qui
1627 1480 1672 1516 in

116 1549 225 1588 tribu
251 1549 382 1588 Fabia
410 1548 478 1587 vel
500 1549 545 1584 in
580 1547 727 1585 Velina
761 1549 934 1587 multum
966 1551 1128 1597 valeat,
1177 1551 1325 1588 salutet
1351 1550 1556 1601 ipsiusque
1584 1561 1672 1585 ma-

116 1632 216 1657 num
227 1624 415 1669 porrecta
429 1617 570 1654 dextra
591 1623 628 1652 et
646 1616 713 1655 vel
729 1617 827 1655 adeo
857 1625 970 1656 trans
991 1620 1174 1669 pondera
1199 1618 1444 1670 prehensei.“
1469 1619 1495 1655 i.
1513 1631 1548 1655 e.
1564 1620 1671 1654 trans

114 1687 388 1738 impedimenta
417 1686 606 1736 quaedam
635 1685 715 1723 sive
740 1689 831 1724 sunt
857 1699 949 1724 saxa
974 1689 1195 1738 ponderosa
1225 1689 1307 1726 sive
1335 1686 1466 1725 trabes
1494 1699 1563 1736 per
1590 1686 1671 1722 vias

115 1754 215 1794 latae
245 1754 306 1793 vel
327 1758 476 1793 vectae.
533 1754 595 1792 Ita
619 1754 774 1804 quidem
796 1755 967 1792 sentiunt
993 1760 1149 1806 praeter
1177 1756 1273 1795 alios
1309 1755 1570 1798 Glareanus,
1603 1766 1671 1790 au-

115 1827 223 1862 ctore
250 1823 437 1873 Erasm0‚
468 1824 638 1868 Minos,
667 1821 792 1862 Baxt.
805 1851 822 1868 ,
850 1823 958 1863 Dae.
965 1851 980 1869 ,
1014 1823 1190 1872 Sanad„
1217 1823 1408 1875 Doriglz„
1441 1820 1672 1866 Weland„

22 1894 42 1953 δέ
113 1891 358 1943 Haberseld.
374 1921 388 1941 ,
441 1891 563 1930 Both.
574 1919 593 1938 ,
644 1891 864 1942 Beer-ing„
913 1891 1095 1934 Schmid,
1108 1921 1122 1938 ,
1165 1891 1368 1940 Iloclied„
1428 1891 1671 1940 Campenon.

32 1990 49 2027 ¹.
115 1961 266 2005 Quodsi
295 1963 431 1998 contra
461 1961 636 2011 disputat
678 1960 932 2006 Torrentius,
973 1962 1013 1999 in
1042 1962 1208 2000 Comitio
1237 1960 1358 1999 moles
1387 1960 1448 1998 vel
1476 1959 1670 1997 machinas

114 2028 265 2078 aliaque
298 2028 535 2078 prensationi
568 2028 841 2078 impedimenta
877 2042 955 2066 non
988 2030 1130 2079 fuisse,
1171 2029 1262 2067 nihil
1292 2029 1393 2079 agit,
1443 2041 1559 2077 quum
1593 2040 1671 2064 non

47 2124 50 2125 ν
115 2097 166 2135 de
197 2095 372 2145 comitio,
418 2096 488 2132 sed
515 2096 564 2133 de
593 2097 726 2145 quavis
758 2095 841 2132 viae
874 2100 986 2146 parte
1016 2100 1166 2146 agatur.
1224 2095 1277 2132 Et
1306 2097 1392 2145 quis
1421 2099 1482 2133 est
1510 2095 1574 2143 qui
1601 2107 1669 2130 ne-

117 2165 230 2214 sciat,
252 2165 292 2202 in
312 2164 446 2214 quavis
474 2163 568 2200 urbe
590 2162 681 2200 talia
708 2164 868 2201 inveniri
896 2161 1201 2214 impedimenta?
1229 2162 1333 2212 Ipsis
1363 2162 1490 2200 verbis
1519 2165 1670 2198 testan-

38 2208 47 2253 Τ
115 2236 179 2271 tur
208 2232 394 2272 Horatius
432 2231 575 2283 (Epist.
614 2233 652 2277 2,
691 2233 732 2279 2,
772 2230 860 2282 73.)
894 2235 934 2269 et
965 2230 1158 2269 Juvenalis
1185 2228 1288 2279 (sat.
1318 2230 1360 2279 3,
1389 2228 1471 2271 245
1497 2250 1546 2257 -
1571 2227 1668 2270 260.

42 2299 51 2322 Ὗ
115 2300 208 2352 ibiq.
238 2297 434 2350 Rupert.).
493 2298 544 2336 At
573 2312 688 2348 quum
716 2303 854 2349 poetae
883 2312 1031 2337 summa
1062 2301 1271 2348 sequantur
1299 2302 1339 2335 et
1376 2296 1559 2336 Horatius
1587 2309 1670 2334 rem

116 2368 230 2420 plane
260 2367 492 2418 singularem
522 2380 821 2406 commemorare
848 2368 1035 2416 videatur,
1066 2367 1243 2416 equidem
1270 2379 1348 2404 non
1375 2364 1670 2416 improbaverim

118 2435 302 2474 Rodellii·
333 2435 626 2486 explicationem
668 2434 709 2486 (a
745 2449 821 2486 qua
857 2449 935 2474 non
972 2435 1177 2473 dissentire
1210 2435 1360 2472 videtur
1392 2431 1668 2483 Sanadonus),

119 2517 196 2555 qua
221 2503 342 2541 herus
366 2517 443 2554 per
467 2504 600 2541 media
620 2503 810 2554 plaustra
829 2505 956 2550 saxis,
986 2502 1168 2540 trabibus
1196 2502 1359 2554 aliaque
1389 2501 1491 2538 mole
1525 2507 1670 2538 onusta

46 2591 51 2601 ’-
119 2585 276 2623 magna
304 2586 397 2609 cum
429 2572 669 2623 (liffi'cullale
701 2586 929 2624 magnoque
959 2585 1077 2622 saepe
1110 2570 1290 2622 periculo
1318 2571 1429 2608 adire
1460 2570 1670 2622 sufflaga-

121 2646 224 2677 tores
255 2641 411 2691 cogitur
436 2655 649 2693 eorumque
677 2655 823 2679 manus
845 2639 1116 2692 prehendere,
1151 2639 1255 2689 cujus
1281 2639 1396 2676 officii
1423 2638 1667 2676 observantia

55 2722 58 2723 ⁷
120 2712 162 2746 et
189 2707 362 2745 officiosa
393 2710 598 2748 sedulitate
626 2710 727 2749 haud
758 2710 837 2747 scio
872 2722 922 2746 an
955 2709 1156 2758 quicquam
1189 2707 1349 2757 cogitari
1379 2708 1504 2758 possit
1528 2708 1664 2758 majus.

126 2776 258 2813 Trans
279 2776 463 2826 pondera
490 2778 606 2828 igitur
631 2783 691 2816 est
713 2781 849 2830 jocosa
877 2776 1192 2826 breviloquentia,
1223 2788 1337 2825 quam
1365 2775 1391 2812 ii
1419 2776 1556 2814 misere
1583 2778 1666 2814 tur-

119 2842 236 2895 bant,
276 2845 341 2895 qui
373 2849 417 2884 ut
458 2844 664 2883 Turnebus
693 2846 809 2898 (Adv.
845 2848 896 2888 22
910 2873 923 2896 ,
957 2844 1016 2896 8.)
1059 2848 1100 2882 et
1126 2843 1346 2880 Juvencius
1373 2856 1526 2882 manum
1559 2847 1665 2882 trans

118 2911 291 2964 plaustra
319 2912 384 2950 illa
423 2917 464 2951 et
491 2914 631 2952 rhedas
663 2915 809 2966 porrigi
842 2914 987 2952 faciunt
1012 2912 1096 2961 vel,
1154 2913 1187 2950 si
1216 2913 1406 2950 senserint
1437 2912 1493 2950 rei
1519 2913 1664 2950 incom-

121 2981 235 3019 moda
265 2984 381 3032 atque
409 2981 543 3022 miram
572 2981 701 3034 fidem,
723 2983 937 3034 porrigere·
962 2993 1129 3018 manum
1163 2993 1234 3033 pro
1259 2980 1536 3032 significatione
1561 2980 1662 3018 salu-
