2028 3268
421 232 476 272 90
549 235 930 274 ,ΟΟΜΜΕΝΤΑΒΙΙ
956 236 1011 271 IN
1040 235 1255 272 HORATII
1283 234 1450 271 EPIST.
1481 236 1620 272 PRIM.
1649 237 1745 272 LIB.
1776 238 1805 272 1.

420 353 478 382 tes
500 351 622 383 sortes
646 344 695 381 de
716 343 940 381 mate'riaux
958 358 1058 395 pour
1078 345 1220 382 batirf‘
1249 345 1307 380 De
1329 342 1412 392 his,
1442 356 1539 395 quas
1561 343 1749 392 diximus,
1771 345 1935 395 aliisque

419 414 526 450 villis
554 414 596 448 in
618 413 764 462 Bajano
794 413 1003 448 exstructis
1033 411 1112 449 vid.
1146 411 1246 448 Zell.
1282 413 1323 447 in
1351 410 1679 448 Ferienschriften
1702 413 1732 448 Ι.
1759 425 1798 462 Ρ.
1830 409 1935 458 148.,

426 479 564 529 Capm.
592 479 639 515 de
672 478 838 527 Chachy
866 477 1040 515 Decouv.
1065 478 1113 515 de
1136 479 1174 514 la
1195 481 1347 516 maison
1376 476 1576 516 d’Horace.
1610 480 1642 518 Ι.
1673 492 1712 529 Ρ.
1739 479 1829 518 137.
1855 476 1936 517 255

421 558 506 597 sqq.
530 546 612 585 297
638 557 743 595 sqq.,
781 543 975 594 Stieglitz.
1006 543 1290 595 Archaeologie
1319 544 1388 582 der
1411 543 1629 583 Baukuust.
1653 546 1703 580 ΙΙ.
1737 545 1775 583 2.
1796 557 1835 593 Ρ.
1856 543 1936 582 218

420 625 506 664 sqq.
542 612 594 647 L.
624 611 671 647 de
703 611 831 647 Goro:
866 610 1179 663 VVauderungen
1203 610 1328 649 durch
1357 613 1549 662 Pompeji.
1585 612 1722 648 Wien.
1749 609 1868 649 1825.
1897 622 1936 659 p.

420 681 479 726 2.,
513 679 655 730 quibus
675 677 776 716 adde
801 678 998 714 itineraria
1024 691 1047 715 a
1075 680 1226 716 Comite
1256 678 1304 715 de
1333 677 1525 729 Stolberg.
1557 676 1650 728 (111.
1669 691 1709 728 p.
1736 677 1787 717 17
1809 674 1935 726 sqq-)‚

425 746 581 782 Seumio
603 744 669 796 (p.
691 745 772 785 333
789 745 914 796 sqq.)‚
951 744 1167 797 Gerningio
1190 744 1265 796 (11.
1288 758 1327 794 Ρ.
1347 745 1598 796 190-209.)
1622 745 1821 794 eleganter
1841 755 1937 780 con—

421 813 563 862 scripta
584 818 622 848 et
656 810 824 862 Tiibing.
850 811 1076 862 Morgenbl.
1115 812 1236 852 1830.
1270 813 1335 847 Nr.
1367 812 1457 851 159.
1488 825 1527 862 p.
1560 812 1676 858 636„
1721 809 1839 851 1831.
1870 810 1935 847 Nr.

422 879 515 917 186.
532 892 572 929 Ρ.
593 876 689 918 742.
746 877 810 915 Ad
830 878 1071 915 locutionem
1090 879 1139 916 cf.
1162 876 1390 929 Symmach.
1409 879 1536 928 Epist.
1559 879 1594 925 1,
1617 878 1655 917 5.
1684 876 1800 912 Licet
1818 875 1938 911 Cam-

413 946 564 993 paniae
590 958 755 981 amoena
771 946 1050 994 praeniteant,
1079 957 1158 996 quo
1186 946 1304 982 verbo
1329 947 1451 981 utitur
1472 946 1564 981 Hor.
1585 942 1656 980 Od.
1675 942 1697 980 1
1711 970 1722 988 ,
1747 941 1821 988 33,
1841 937 1881 980 4.

530 1013 577 1049 V.
607 1010 787 1051 84—86.
848 1011 895 1048 Si
912 1011 1011 1047 dixit
1032 1011 1139 1048 dives
1156 1010 1347 1063 —fizbri.
1408 1012 1615 1057 Dacerius,
1651 1021 1770 1060 quem
1790 1014 1936 1044 temere

420 1085 578 1115 secutus
598 1091 686 1115 sum
709 1079 751 1114 in
774 1076 837 1114 ed·
864 1079 917 1125 1.,
943 1077 1106 1114 divitem
1129 1085 1166 1115 et
1184 1078 1322 1115 herum
1340 1091 1419 1115 nou
1438 1091 1560 1115 unam
1581 1074 1827 1125 eandemque
1846 1086 1938 1124 per—

420 1157 560 1182 sonam
579 1157 664 1182 esse
696 1146 898 1195 opinatur,
928 1146 983 1181 ita
1006 1152 1050 1182 ut
1074 1144 1182 1194 heri,
1213 1146 1283 1196 qui
1301 1144 1404 1182 dicto
1423 1143 1587 1181 audiens
1611 1145 1662 1180 sit
1684 1141 1821 1189 diviti,
1851 1142 1937 1178 leve

421 1213 518 1249 alios
528 1210 711 1248 imitandi
729 1210 906 1248 studium
921 1210 1175 1248 describatur.
1197 1214 1422 1262 Per-peram.
1443 1214 1579 1262 Neque
1597 1211 1725 1246 verior
1737 1215 1795 1245 est
1805 1206 1937 1245 Wad-

420 1278 500 1315 deli
524 1291 596 1329 pro
621 1291 706 1318 voc.
736 1278 866 1315 dives.-
904 1279 1073 1323 Davas,
1113 1279 1356 1327 conjectura,
1390 1284 1434 1314 ut
1463 1276 1657 1315 indicetur
1685 1286 1820 1312 servus
1842 1273 1938 1311 sub-

420 1344 534 1382 dolus
557 1351 595 1381 et
615 1343 804 1392 callidus,
847 1346 915 1396 qui
937 1357 1094 1395 semper
1118 1358 1159 1382 se
1180 1347 1400 1382 immisceat
1419 1345 1588 1394 negotiis
1613 1341 1783 1388 domini,
1818 1342 1874 1377 ita
1894 1346 1939 1376 ut

419 1425 557 1449 sensus
578 1413 648 1449 sit:
683 1441 707 1460 ‚,
724 1414 758 1449 si
787 1425 922 1448 servus
947 1419 1152 1462 praesente
1174 1412 1334 1450 domino
1361 1412 1474 1460 Bajas
1496 1409 1735 1456 laudaverit,
1769 1408 1837 1444 ille
1857 1413 1939 1444 sta—

418 1480 491 1515 tim
509 1480 604 1515 illuc
625 1479 910 1529 commigrabit,
923 1480 947 1498 ‘⁶
979 1479 1101 1516 Poeta
1120 1492 1200 1516 nou
1220 1480 1378 1516 miscuit
1400 1480 1504 1515 varia
1526 1486 1563 1514 et
1587 1477 1751 1514 diversa.
1781 1469 1939 1511 Etenim

420 1547 547 1584 omnis
574 1547 656 1595 ejus
682 1548 779 1583 ratio
800 1548 842 1582 in
861 1559 906 1582 eo
933 1551 1121 1593 versatur,
1148 1553 1192 1583 ut
1222 1553 1311 1583 ante
1337 1545 1472 1581 oculos
1491 1551 1612 1595 ponat
1631 1542 1803 1581 hominis
1821 1543 1939 1579 unius

419 1612 538 1650 modo
566 1611 663 1661 hoc,
691 1612 811 1650 modo
837 1611 939 1648 illud
968 1611 1168 1650 molientis
1196 1613 1514 1650 inconstantiam.
1571 1613 1657 1647 Huc
1682 1609 1832 1647 accedit
1854 1610 1940 1659 ipsa

420 1680 552 1716 divitis
573 1679 818 1729 significatio,
847 1691 924 1730 qua
947 1676 1149 1715 homiuem
1172 1679 1372 1730 quendam
1390 1680 1537 1715 Romae
1560 1679 1623 1714 vel
1645 1678 1741 1715 olim
1761 1675 1823 1712 vel
1846 1681 1938 1711 tuno

419 1752 620 1797 potentem
639 1759 720 1783 non
746 1748 831 1783 sine
853 1743 1024 1797 quadam
1049 1747 1239 1782 irrisionis
1256 1752 1348 1782 nota
1366 1744 1526 1782 iudicat.
1581 1746 1674 1790 Quis
1698 1755 1777 1779 non
1796 1743 1939 1778 memi-

419 1814 521 1849 nerit
542 1813 727 1849 villarum
746 1814 903 1849 Luculli
930 1811 1146 1861 (Plutarch.
1165 1814 1258 1852 Luc.
1279 1813 1347 1852 39.
1367 1811 1505 1859 Vellej.
1526 1814 1552 1851 2
1565 1841 1574 1858 ,
1595 1811 1682 1862 33.)
1699 1839 1708 1856 ,
1739 1810 1937 1846 Ciceronis

420 1878 550 1931 (Plin.
572 1881 622 1919 H.
643 1882 690 1918 N.
711 1881 778 1927 31,
795 1880 856 1930 2.)
871 1909 880 1926 ,
910 1880 1090 1930 Pompeji
1117 1881 1365 1930 aliorumque
1387 1879 1429 1914 in
1451 1879 1524 1914 isto
1547 1878 1783 1928 Campaniae
1804 1888 1939 1912 311100-

419 1948 582 1984 nissimo
602 1953 728 1982 tractu
747 1944 943 1982 sitarum?
974 1948 1180 1983 Praeterea
1200 1958 1222 1982 a
1241 1946 1402 1982 notione
1423 1945 1555 1982 divitis
1579 1947 1691 1982 istius
1717 1956 1799 1980 11011
1822 1942 1938 1980 valde

421 2013 551 2050 differt
574 2013 707 2057 herus,
743 2024 821 2063 quo
844 2019 910 2048 aut
927 2015 1111 2062 propriae
1139 2012 1289 2048 telluris
1307 2024 1507 2062 possessor
1526 2011 1588 2061 (ut
1609 2012 1691 2048 Sat.
1713 2012 1752 2057 2,
1773 2011 1812 2056 2,
1834 2010 1938 2058 129.,

421 2087 458 2117 et
479 2094 540 2131 ap.
568 2081 730 2119 Lucian.
778 2079 945 2116 Demon.
985 2082 1048 2120 17.
1081 2083 1153 2120 τοῦ
1184 2079 1392 2119 δακτυλίου
1423 2073 1631 2129 δεσπότης)
1666 2083 1733 2114 aut
1755 2075 1938 2117 dominus

419 2160 623 2184 servorum
645 2154 798 2184 caterva
822 2147 989 2196 insignis
1013 2159 1179 2198 eamque
1209 2146 1257 2183 ob
1286 2157 1444 2182 causam
1471 2146 1765 2195 potentissimus
1786 2143 1938 2194 signifi-

420 2221 541 2252 catur.
600 2215 665 2253 Sic
690 2213 800 2250 dives
819 2212 937 2248 herus
956 2211 1027 2251 Od.
1047 2215 1094 2260 2,
1117 2212 1188 2261 18,
1215 2214 1283 2254 31.
1340 2211 1404 2250 Ad
1427 2213 1630 2249 notionem
1649 2223 1773 2262 quum
1794 2211 1938 2247 levita—-

418 2284 469 2319 tis
483 2311 493 2330 ,
517 2289 603 2319 tum
621 2281 907 2319 inconstantiae
930 2278 1153 2330 augendam
1183 2281 1360 2330 apprime
1387 2279 1483 2315 facit
1509 2279 1674 2315 verbum
1685 2277 1938 2327 festinantis,

421 2348 469 2385 de
497 2362 574 2400 quo
601 2347 692 2385 vide
720 2350 767 2385 A.
789 2348 891 2384 Gen.
915 2348 989 2394 16,
1026 2344 1089 2387 14.
1117 2353 1155 2383 et
1184 2349 1351 2396 interpp.
1376 2343 1427 2381 ad
1448 2345 1560 2381 Paul.
1581 2345 1689 2380 Diac.
1707 2357 1743 2394 Ρ.
1765 2342 1858 2382 596.
1875 2342 1938 2380 ed.

419 2415 602 2457 Lindem.
651 2417 689 2452 Is
716 2421 850 2452 autem
874 2412 1081 2460 domiuus,
1121 2425 1242 2464 quem
1268 2418 1429 2462 repente
1457 2412 1569 2462 quasi
1592 2411 1710 2446 maris
1735 2409 1938 2446 fastidium

423 2484 546 2533 cepit,
572 2484 614 2520 in
637 2489 739 2520 terra
761 2494 783 2518 a
813 2481 915 2517 mari
936 2480 1146 2517 remotiore
1176 2480 1315 2516 villam
1341 2479 1449 2514 illico
1483 2478 1633 2514 exstrui
1657 2476 1778 2526 jubet.
1837 2477 1938 2512 Hinc

421 2550 490 2585 illa
513 2550 653 2586 vitiosa
673 2547 811 2592 libido,
841 2559 941 2598 quae
966 2545 1079 2582 diviti
1099 2558 1229 2581 rerum
1255 2557 1416 2582 suarum
1438 2543 1642 2580 fastidioso
1666 2543 1831 2594 auspicii
1851 2543 1938 2580 loco

422 2616 543 2652 fuisse
575 2616 702 2653 facete
732 2614 886 2652 dicitur.
943 2613 1047 2650 Cave
1083 2612 1204 2662 igitur
1234 2609 1436 2662 epitheton
1466 2611 1607 2647 vitiosa
1639 2609 1690 2647 ad
1716 2611 1940 2659 auspicium

422 2681 567 2719 referas
595 2695 646 2719 ex
674 2683 790 2720 solita
808 2681 1104 2732 Adjectivorum
1127 2679 1448 2730 transpositione,
1491 2689 1612 2728 quam
1635 2676 1701 2714 hie
1721 2677 1939 2725 conjectura

423 2759 514 2786 sua:
545 2755 722 2794 ventosa,
738 2748 941 2800 repudiata
963 2748 1038 2785 sibi
1058 2747 1255 2784 invenisse
1278 2746 1386 2782 visus
1406 2750 1465 2780 est
1479 2744 1765 2788 Marklandus,
1787 2755 1810 2779 a
1829 2743 1939 2791 cujus

423 2817 617 2853 sententia
634 2829 714 2853 non
732 2818 905 2853 multum
925 2813 1137 2853 abhorrent
1159 2811 1366 2850 Selziraclz.
1391 2810 1518 2862 (clav.
1545 2824 1587 2861 p.
1609 2809 1724 2862 206.)
1756 2816 1795 2846 et
1813 2809 1942 2846 Eme-

423 2883 521 2919 ειίιιε
539 2882 666 2934 (Clav.
687 2884 780 2920 Hor.
797 2881 836 2920 h.
857 2882 927 2933 v.).
965 2883 1018 2919 At
1041 2881 1159 2919 verba
1190 2880 1259 2918 illa
1286 2879 1441 2930 egregie
1460 2879 1708 2916 illustrantur
1733 2877 1804 2924 iis,
1840 2887 1942 2927 quae
