2028 3268
32 1228 39 1236 a
27 1180 38 1188 z
28 1151 38 1165 ,ο
24 1072 43 1124 .-‘;r„-
21 987 45 1064 ..υ-ἕψῃ,
18 857 43 979 μνᾷ-Μίμας
24 843 33 850 ὶ
25 818 38 836 Γιτ-

205 221 286 264 133
484 217 763 260 EXCURSUS
793 218 1184 260 GRAMMATICUS
1213 217 1284 258 AD
1310 218 1357 257 V.
1391 221 1458 261 18.
1666 219 1748 261 405

202 347 250 386 11.
273 349 312 391 2.
343 359 381 397 p.
405 344 474 387 92.
504 345 591 396 (Gr.
619 360 677 397 gr.
707 346 738 394 §.
762 345 858 387 634.
886 359 925 396 p.
950 345 1071 387 1305.
1099 346 1159 384 ed.
1191 344 1251 398 2.)
1280 349 1320 384 et
1347 345 1480 384 Jacob.
1512 347 1562 384 ad
1589 343 1748 385 Lucian.

203 415 303 454 Tox.
335 415 401 456 11.
431 427 470 464 p.
502 414 570 456 62.
629 414 766 453 Stallb.
796 415 846 452 ad
875 413 971 454 Plat.
1003 414 1135 465 Symp.
1167 415 1236 456 26.
1263 428 1303 465 p.
1336 414 1432 456 117.
1490 412 1671 453 Doederl.
1701 415 1750 452 de

202 481 481 533 Brachylogia
510 484 696 539 sermonis
725 496 782 534 gr.
812 487 852 520 et
879 483 946 522 lat.
976 483 1134 534 Erlang.
1163 482 1286 523 1831.
1311 495 1351 534 p.
1382 479 1423 521 4.
1450 485 1489 521 et
1515 495 1554 534 p.
1579 480 1662 533 14„
1685 482 1750 520 ubi

198 551 294 590 locis
325 565 371 590 ex
399 551 496 589 Tac.
526 548 627 588 Ann.
662 553 730 601 12,
760 548 830 602 64,
862 554 901 594 2.
935 556 974 591 et
991 552 1093 590 Hist.
1117 554 1156 601 1,
1188 552 1229 601 8,
1263 553 1300 592 1.
1330 550 1453 590 allatis
1483 551 1624 602 optime
1645 563 1750 590 com-

198 618 399 670 probatur,
430 619 535 669 quod
564 619 612 656 de
642 618 765 669 Epod.
796 618 845 669 5,
882 618 951 659 87.
981 619 1095 671 paulo
1123 620 1222 658 infra
1251 620 1384 657 dicam.
1446 620 1561 658 conf.
1588 619 1750 671 Rupert.

201 687 287 725 Ind.
317 687 422 725 latin.
453 688 502 724 ad
533 687 658 727 Tacit.
688 687 757 726 ΠΙ.
786 700 827 738 p.
858 688 954 728 835.
1016 689 1123 733 Quos
1151 687 1204 726 illi
1240 687 1396 727 laudent
1432 688 1540 726 locos
1579 687 1752 726 vocabuli

203 757 399 807 cujusdam
428 755 546 794 semel
573 756 689 807 positi
718 760 757 794 et
786 755 844 793 bis
873 755 1109 806 intelligendi
1137 769 1214 794 non
1243 758 1353 794 unius
1381 757 1571 795 interdum
1599 757 1750 808 generis

125 841 129 846 ·
203 837 292 863 esse
319 825 483 875 ingenue
511 826 660 875 fateor,
699 828 739 862 at
767 825 836 874 iis,
867 824 930 874 qui
958 836 1038 861 rem
1069 825 1282 863 accuratius
1313 829 1520 876 quaerunt,
1551 825 1655 863 nolui
1682 826 1751 862 de·-

204 906 305 943 esse,
334 894 560 943 praesertim
589 907 702 945 quum
734 893 981 932 Grammatici
1007 892 1113 931 latini
1141 893 1230 932 talia
1260 894 1321 932 vel
1348 895 1538 944 omittant,
1570 894 1629 932 vel
1658 893 1752 932 Elli—

202 960 264 1014 psi
293 961 489 1000 includant
526 961 594 1014 (cf.
624 963 752 1001 Rudd.
781 963 828 1005 Π.
855 976 894 1013 p.
926 962 1012 1002 360
1042 961 1146 1014 sq.),
1188 963 1237 1000 de
1267 975 1342 1013 qua
1371 962 1480 1001 aliter
1509 962 1753 1002 statuendum

204 1035 278 1069 est.
336 1029 460 1067 Porro
487 1033 657 1081 prudens
686 1033 876 1083 interpres
916 1030 1088 1080 cavebit,
1132 1042 1182 1068 ne
1213 1044 1298 1069 cum
1328 1044 1374 1071 ea
1400 1045 1466 1082 re,
1509 1033 1558 1070 de
1590 1043 1666 1082 qua
1692 1031 1753 1069 hic

204 1100 326 1138 omnis
354 1099 547 1137 institutus
576 1105 637 1139 est
665 1114 814 1150 sermo,
843 1112 910 1138 eos
939 1099 1046 1136 locos
1077 1100 1308 1150 confundat,
1338 1101 1378 1138 in
1406 1099 1543 1151 quibus
1571 1100 1753 1138 orationis

202 1168 426 1207 animandae
457 1168 737 1220 variandaeque
770 1181 885 1207 causa
912 1167 1157 1217 vocabulum,
1197 1170 1299 1218 quod
1328 1170 1376 1206 ad
1405 1170 1571 1220 priorem
1602 1181 1754 1219 quoque

205 1238 473 1277 enuntiationis
500 1241 651 1288 partem
679 1237 871 1289 pertinet,
910 1236 1115 1288 posteriori
1144 1236 1288 1274 illatum
1318 1240 1402 1287 est,
1446 1241 1488 1274 ut
1516 1237 1592 1275 Od.
1624 1234 1673 1287 4,
1714 1239 1753 1286 1,

204 1307 276 1349 38.
334 1306 560 1344 Nocturnis
587 1319 658 1358 ego
686 1307 852 1343 somniis
881 1306 977 1343 Jam
1005 1311 1169 1355 captum
1199 1311 1322 1354 teneo,
1342 1307 1438 1352 jam
1463 1306 1662 1343 volucrem
1692 1319 1754 1343 se-

207 1389 308 1429 quor
344 1376 398 1413 Te
421 1387 496 1426 per
519 1376 714 1426 gramina
743 1380 834 1425 etc.,
864 1374 926 1412 ubi
956 1373 1186 1424 Lambinus,
1219 1373 1468 1423 Torrentius,
1499 1374 1583 1424 alii,
1613 1388 1753 1426 perpe-

204 1459 287 1484 ram
315 1446 552 1497 scripserunt
567 1442 790 1480 Nocturnis
819 1450 855 1480 te
883 1456 954 1495 ego
984 1465 1040 1471 —
1067 1455 1210 1493 sequor
1234 1443 1286 1479 Te
1305 1456 1384 1492 per
1412 1456 1548 1494 gram.
1612 1444 1689 1481 Od.
1714 1444 1753 1493 1,

208 1517 286 1564 11,
328 1512 367 1554 4.
433 1513 514 1551 Seu
536 1511 678 1563 plures
706 1511 880 1557 hiemes,
925 1525 995 1548 seu
1024 1509 1165 1547 tribuit
1191 1512 1352 1562 Jupiter
1380 1511 1581 1549 ultimam.
1644 1509 1756 1549 Adde

207 1583 286 1622 od.
318 1585 358 1632 2,
389 1583 431 1631 8,
461 1581 503 1621 3.
534 1581 585 1630 3,
623 1581 699 1630 11,
727 1582 766 1620 6.
801 1581 866 1621 13.
924 1580 983 1618 Ex
1014 1581 1148 1618 eadem
1176 1580 1262 1631 lege
1293 1580 1516 1630 explicanda
1546 1580 1754 1618 enuntiatio

205 1652 384 1703 negativa
402 1649 530 1702 Epod.
553 1649 592 1700 5,
623 1650 691 1690 87.
759 1649 922 1687 Venena
951 1662 1148 1701 magnum
1169 1649 1242 1700 sas
1270 1648 1484 1700 nefasque,
1512 1663 1593 1687 non
1620 1649 1759 1687 valent

213 1721 444 1759 Convertere
473 1718 697 1756 humanam
724 1719 850 1755 vicem.
861 1745 877 1764 ,
906 1718 931 1754 i.
960 1730 993 1755 e.
1029 1717 1156 1756 valent
1184 1721 1419 1759 convertere,
1479 1718 1630 1756 Offensi
1661 1731 1758 1768 quo—

207 1803 282 1841 que
313 1789 402 1827 olim
430 1791 518 1826 sunt
549 1786 636 1824 loco
665 1787 729 1837 qui
757 1787 895 1837 legitur
925 1799 988 1838 ap.
1016 1787 1100 1824 Juv.
1130 1786 1169 1834 1,
1204 1786 1298 1826 133.
1365 1785 1411 1824 V
1403 1786 1582 1824 estibulis
1609 1785 1760 1823 abeunt

205 1865 353 1897 veteres
382 1856 558 1907 lassique
586 1855 765 1901 clientes,
803 1855 984 1907 Votaque
1003 1855 1207 1906 deponunt
1222 1867 1235 1890 .·
1266 1867 1504 1906 quanquam
1523 1855 1759 1906 longissima

209 1938 352 1963 coenae
371 1937 459 1975 spes
479 1923 654 1972 homini,
686 1923 751 1960 ubi
773 1925 930 1962 verbum
950 1938 1094 1961 coenae
1112 1922 1162 1961 ad
1181 1934 1216 1959 v.
1240 1928 1333 1959 vota
1354 1923 1487 1961 referri
1508 1923 1637 1962 debet.
1697 1924 1758 1961 Si-

159 1998 164 2003 '
207 1994 308 2032 milia
328 1992 609 2030 observavimus
630 1993 679 2029 ad
710 1994 758 2041 1,
792 1993 839 2042 1,
871 1990 966 2040 41.,
1000 1991 1101 2028 conf.
1123 1989 1290 2027 Schmid.
1311 1991 1360 2027 ad
1379 1990 1503 2042 Epist.
1526 1994 1572 2042 2,
1606 1994 1628 2032 1
1642 2019 1654 2041 ,
1689 1991 1755 2034 25.

210 2063 306 2105 168.
363 2059 479 2098 Bach.
501 2061 549 2097 ad
570 2060 683 2097 Ovid.
703 2060 799 2097 Met.
820 2060 862 2109 9,
882 2056 980 2098 437.
1040 2058 1144 2095 Diss.
1165 2059 1215 2094 ad
1237 2057 1326 2094 Tib.
1350 2060 1389 2108 1,
1412 2061 1451 2108 1,
1473 2059 1540 2100 51.
1565 2062 1605 2109 2,
1627 2061 1694 2102 21.
1716 2058 1757 2108 4,

209 2133 279 2173 66.
336 2129 482 2179 Reisig.
515 2128 821 2178 ,‚Vorlesimg.“
852 2127 883 2175 §.
904 2124 1002 2167 453.
1026 2139 1064 2176 p.
1085 2125 1182 2166 798.
1240 2125 1326 2163 Jam
1348 2127 1397 2164 de
1416 2127 1626 2166 Horatiano
1655 2127 1756 2177 loco,

207 2212 323 2251 quem
342 2210 459 2248 supra
475 2196 693 2248 posuimus,
714 2209 792 2234 non
813 2196 909 2245 erit,
933 2195 1036 2245 quod
1057 2194 1206 2232 solliciti
1226 2195 1364 2244 simus,
1393 2208 1517 2246 neque
1538 2197 1758 2245 verendum,

207 2281 257 2306 ne
276 2267 495 2318 quisquam,
526 2266 629 2316 quod
650 2264 863 2316 complures
885 2264 1052 2315 parietes
1074 2263 1121 2301 de
1141 2263 1273 2301 eadem
1293 2262 1420 2301 fidelia
1441 2263 1612 2302 dealbavi
1624 2291 1638 2315 ,
1670 2264 1759 2303 mihi

208 2341 334 2375 vertat
354 2335 458 2374 vitio.

961 2537 1019 2582 Π.

541 2623 811 2660 ExcnnsUs
844 2623 1174 2659 EXEGETICUS
1206 2623 1269 2658 AD
1299 2623 1344 2658 v,
1378 2622 1434 2659 79.

338 2698 400 2745 Et
433 2698 513 2742 sibi
552 2698 652 2744 dum
682 2700 900 2760 requiem,
939 2698 1040 2743 dum
1071 2700 1184 2742 risus
1216 2696 1403 2755 undique
1437 2697 1621 2755 quaerit.

325 2811 530 2857 Hutlzius,
549 2810 598 2849 V.
621 2811 697 2861 CL,
720 2824 834 2862 quum
854 2814 903 2850 de
924 2811 997 2849 hoc
1019 2810 1104 2848 loco
1125 2810 1330 2847 dissentire
1350 2822 1393 2846 se
1413 2809 1514 2848 dicat
1535 2822 1619 2847 cum
1640 2810 1761 2847 omni-

213 2879 283 2918 bus
310 2878 607 2930 interpretibuS,
638 2880 722 2929 ipsa
749 2881 831 2930 ejus
862 2879 978 2918 verba
1010 2879 1081 2916 huc
1111 2877 1387 2916 transscribere
1407 2890 1530 2916 meum
1550 2890 1636 2916 esse
1658 2878 1756 2916 duxi.

167 2963 171 2966 ⁴
213 2947 352 2997 „Auch
372 2948 451 2987 hier
470 2948 572 2987 kann
591 2947 651 2987 ich
669 2948 801 2988 keiner
821 2950 889 2987 der
909 2946 1195 3000 gewo'hnlichen
1206 2946 1473 2999 Erklarungen
1494 2947 1760 2986 beitreten.—-
