2028 3268
394 265 449 307 82
534 268 897 307 COMMENTARII
924 269 975 307 IN
1005 268 1222 306 HORATII
1250 266 1417 305 EPIST.
1447 265 1585 306 PRIM.
1611 265 1708 306 1113.
1737 271 1768 306 1.

396 391 489 416 men
511 379 581 416 ille
598 380 642 416 in
661 377 909 416 defendenda
938 380 1127 429 scriptura
1154 387 1275 428 optat.
1336 380 1486 415 Veteris
1506 380 1611 416 enim
1633 377 1907 431 philosophia·

397 453 478 491 est,
507 453 552 483 ut
578 447 655 482 alia
682 453 857 492 taceam,
894 458 974 482 non
1006 453 1138 496 optare
1169 449 1292 482 vitam
1319 445 1498 492 beatam,
1537 445 1607 482 sed
1637 447 1778 483 facere.
1820 444 1907 484 vid.

396 515 522 564 Epist.
552 514 572 552 1
588 542 598 560 ,
626 513 697 559 18,
727 513 822 552 112.
842 513 888 558 2,
913 511 958 559 1,
983 511 1074 551 128.
1115 513 1174 549 Cf.
1193 513 1330 550 senec.
1353 511 1401 549 de
1422 513 1572 564 Tranq.
1599 525 1662 550 an.
1681 513 1720 553 3.
1760 514 1908 557 Restat,

397 588 441 617 ut
458 593 615 618 versum
636 580 703 618 68.
723 578 770 614 ab
790 577 1035 615 Haberfeldti
1056 579 1139 629 (IV.
1163 594 1201 630 p.
1218 579 1376 630 XLIX.)
1402 578 1648 616 incommoda
1669 581 1719 617 ob
1738 579 1911 630 syllabas

398 649 439 685 in
462 647 594 684 medio
616 652 654 682 et
673 646 749 681 fine
771 646 953 682 similiter
972 651 1156 683 sonantes
1179 645 1406 683 defensione
1424 645 1693 684 defendamus.
1722 642 1910 691 Primum,

399 726 625 767 quanquam
643 713 743 749 tales
762 712 938 763 syllabae
964 714 1066 748 inter
1093 725 1134 749 se
1160 719 1417 750 consonantes
1446 710 1632 763 rhythmo
1652 713 1911 749 recentiorum

398 780 649 833 praeludunt,
679 786 811 816 tamen
831 792 908 816 non
929 781 1011 815 veri
1032 778 1197 829 putandi
1215 787 1306 815 sune
1331 777 1519 829 rhythmi,
1547 781 1581 815 si
1600 788 1652 815 ex
1674 785 1757 816 arte
1773 779 1914 828 legan-

399 855 473 895 tur,
504 845 611 898 quod
636 846 736 883 bene
765 846 1021 884 observarunt
1039 847 1205 882 Passov.
1237 846 1285 882 ad
1312 849 1416 884 Pers.
1441 861 1479 898 p.
1502 846 1597 887 313.
1619 848 1658 883 et
1679 844 1912 882 Lachmam-

399 928 476 951 nus
495 913 544 950 ad
563 915 678 964 Prop.
698 926 737 964 p.
756 915 823 953 72.
865 913 924 949 Cf.
945 914 1076 949 Bentl.
1106 911 1157 948 ad
1179 913 1260 948 Sat.
1288 915 1307 952 1
1322 943 1331 961 ‚
1361 914 1408 959 3,
1443 912 1534 954 140.
1582 911 1734 949 Deinde
1763 918 1914 948 veteres

399 983 507 1032 iique
527 981 667 1031 optimi
688 981 895 1030 scriptores
915 993 996 1016 non
1017 982 1224 1026 evitarunt,
1250 980 1320 1017 sed
1341 982 1403 1017 vel
1422 994 1538 1031 saepe
1555 981 1832 1031 quaesiverunt
1849 977 1915 1013 vel

400 1054 558 1099 propter
581 1059 723 1084 sonum
748 1047 906 1083 auribus
929 1059 1008 1084 non
1033 1048 1250 1096 ingratum,
1283 1048 1345 1083 vel
1367 1059 1419 1083 ex
1438 1047 1610 1099 quodam
1630 1047 1748 1084 verba
1774 1045 1914 1081 intimo

401 1127 519 1152 sensu
551 1111 799 1150 cohaerentia
826 1115 869 1149 in
900 1113 1032 1150 medio
1061 1120 1100 1150 et
1128 1114 1204 1150 fine
1234 1114 1451 1152 collocandi
1474 1114 1604 1152 studio
1630 1115 1710 1151 tale
1738 1109 1915 1162 rhythmi

402 1187 442 1218 et
467 1180 756 1217 allitterationis
790 1192 936 1230 genus,
975 1180 1082 1230 quod
1122 1180 1273 1218 erudite
1308 1182 1372 1218 vel
1412 1188 1649 1220 annotarunt
1683 1181 1748 1217 vel
1780 1177 1916 1215 multis

403 1249 598 1299 exemplis
619 1247 834 1298 probarunt
859 1247 1086 1284 Schmidc'us
1101 1249 1141 1283 in
1162 1250 1391 1286 Zimmerm.
1409 1249 1515 1298 Allg.
1539 1247 1698 1287 Schulz.
1725 1247 1844 1287 1828.
1864 1246 1915 1282 ll·

402 1329 442 1367 p.
474 1315 616 1363 1207„
654 1313 855 1351 Willner.
887 1312 983 1350 ibid.
1015 1314 1135 1354 1829.
1165 1329 1203 1365 p.
1238 1316 1381 1362 1257„
1431 1315 1503 1351 le.
1539 1315 1688 1367 Bergk.
1723 1315 1766 1351 in
1793 1311 1917 1362 ejusd.

403 1379 632 1419 zeitschrift
649 1388 722 1420 etc.
744 1378 863 1420 1834.
884 1395 925 1431 p.
948 1381 1082 1430 1005„
1112 1382 1282 1419 Bothius
1302 1381 1351 1419 ad
1375 1384 1495 1418 Feam
1514 1383 1544 1419 1.
1564 1395 1604 1433 p.
1622 1381 1685 1422 15.
1705 1383 1754 1420 ΙΙ.
1771 1394 1810 1431 Ρ.
1826 1378 1917 1420 139.

405 1448 585 1485 Naekius
604 1450 646 1485 in
662 1449 765 1484 Mus.
787 1446 914 1485 Rhen.
940 1449 1061 1488 1829.
1093 1451 1161 1486 ΙΙΙ.
1190 1463 1229 1499 p.
1257 1450 1352 1489 388.
1379 1463 1466 1500 sqq.
1517 1448 1711 1499 JsVagner.
1744 1447 1795 1484 ad
1812 1447 1918 1495 Virg-

405 1518 507 1554 Aen.
530 1517 568 1564 9,
595 1515 687 1556 123.
718 1514 849 1550 ΒαοΙι.
877 1514 927 1552 ἃᾶ
949 1515 1061 1552 Ovid.
1087 1518 1181 1553 Met.
1200 1517 1354 1564 2,,398.
1378 1519 1416 1563 6,
1438 1514 1713 1566 491.(Jahn.)‚
1732 1515 1797 1561 13,
1809 1514 1919 1560 379.,

412 1581 583 1620 casaub.
611 1581 662 1618 ad
685 1583 792 1618 Pers.
822 1583 867 1628 1,
895 1582 962 1621 95.
986 1596 1026 1633 p.
1053 1583 1169 1630 135.,
1207 1584 1351 1619 Barth.
1385 1583 1435 1620 ad
1461 1584 1559 1620 stat.
1587 1581 1717 1620 Theb.
1742 1583 1790 1628 2,
1811 1581 1921 1627 239„

407 1649 551 1685 thrm.
575 1646 625 1684 ad
644 1649 762 1697 Prop.
786 1649 807 1687 1
823 1678 833 1695 ,
868 1649 916 1695 8,
952 1651 1016 1688 11.
1040 1657 1078 1686 et
1101 1650 1150 1686 ad
1171 1648 1324 1686 Lotich.
1348 1663 1387 1700 p.
1417 1647 1510 1689 493.
1538 1662 1576 1699 p.
1600 1649 1695 1690 355.
1744 1649 1847 1686 Cort.
1871 1645 1922 1683 ad

407 1717 556 1752 Lucan.
583 1714 619 1760 1,
645 1713 740 1753 329.
782 1714 943 1750 Santen.
967 1715 1018 1752 ad
1039 1718 1199 1753 Terent.
1216 1718 1340 1753 Maur.
1366 1730 1404 1767 p.
1431 1716 1524 1756 203.
1543 1717 1626 1757 217
1643 1729 1731 1768 sqq.
1767 1714 1916 1764 IVopk.

408 1784 535 1819 Lectt.
560 1779 670 1817 Tull.
688 1781 725 1827 1,
752 1779 790 1819 5.
818 1788 856 1817 et
879 1793 977 1831 quos
1000 1782 1136 1819 laudat
1161 1783 1305 1821 Hand.
1328 1797 1364 1833 p.
1382 1783 1437 1822 32
1453 1794 1540 1834 sqq.
1571 1782 1684 1820 Adde
1708 1781 1922 1820 Weiclzerc.

407 1849 560 1887 Prolus.
582 1848 620 1887 1.
642 1846 690 1883 de
711 1849 805 1886 Hor.
824 1849 950 1898 Epist.
971 1863 1009 1900 p.
1033 1851 1100 1889 28.
1115 1879 1124 1897 ,
1160 1849 1303 1901 PVoff
1330 1850 1551 1899 Prolegom.
1572 1849 1622 1886 ad
1640 1850 1768 1886 Plaut.
1786 1849 1922 1885 Aulul.

409 1929 448 1967 Ρ.
466 1914 533 1956 41.
563 1913 745 1951 Kahlert.
770 1913 819 1950 de
839 1917 1155 1953 Homoeoteleuti
1178 1924 1314 1954 natura
1341 1924 1379 1953 et
1398 1916 1545 1954 indole.
1575 1916 1781 1954 Vratislav.
1805 1915 1924 1955 1836.

410 1998 450 2035 Ρ.
478 1982 542 2022 15.
571 1982 622 2021 19
641 1993 702 2033 sq.
731 1982 863 2032 Heyn.
887 1981 938 2019 ἃᾶ
958 1983 1050 2019 Tib.
1075 1984 1110 2030 1,
1130 1983 1170 2030 9,
1188 1984 1255 2023 23.
1279 1985 1335 2029 (in
1357 1983 1486 2032 Obss.)
1518 1983 1676 2020 Weber.
1705 1981 1755 2020 ad
1775 1983 1924 2019 Lucan.

410 2052 461 2088 11.
482 2063 521 2100 p.
544 2046 663 2096 436.,
691 2049 814 2086 Jahn.
838 2048 890 2086 ad
909 2048 979 2086 ocl.
1001 2047 1047 2097 4,
1071 2052 1116 2097 6,
1147 2051 1184 2089 6.
1211 2057 1249 2086 et
1269 2050 1317 2087 ad
1337 2052 1440 2100 Virg.
1464 2051 1562 2086 Aen.
1588 2050 1636 2098 9,
1664 2047 1759 2090 444.
1777 2050 1828 2086 al.
1861 2050 1926 2085 Ex

412 2117 574 2154 Horatio
596 2114 674 2152 huc
699 2116 894 2166 imprimis
923 2118 1119 2166 pertinent
1140 2117 1222 2154 Sat.
1247 2119 1281 2164 1,
1311 2114 1349 2164 4,
1381 2120 1444 2158 19.
1501 2117 1564 2153 At
1579 2125 1622 2153 tu.
1643 2116 1847 2154 conclusas
1872 2136 1923 2142 —

411 2196 546 2221 auras·
577 2182 635 2219 Ib-
659 2183 732 2230 10,
755 2183 821 2222 19.
844 2183 911 2222 20.
931 2185 971 2231 2,
988 2185 1027 2232 8,
1051 2186 1087 2224 1.
1115 2185 1240 2234 Epist.
1266 2185 1300 2232 1,
1321 2187 1359 2232 2,
1383 2185 1446 2223 12.
1475 2185 1537 2223 16.
1557 2185 1625 2224 22.
1645 2183 1712 2223 32.
1735 2183 1774 2230 8,
1799 2184 1838 2222 6.
1861 2182 1925 2238 10-

416 2247 480 2290 14.
500 2250 565 2290 15.
588 2246 653 2297 14,
674 2249 716 2288 7·
737 2249 801 2297 19,
826 2250 891 2289 11.
912 2250 951 2297 2,
981 2250 1018 2297 1,
1039 2250 1133 2289 100.
1179 2252 1286 2295 Quae
1312 2251 1626 2297 observavimus,
1656 2251 1777 2286 etiam
1792 2250 1926 2286 maxi-

413 2329 522 2354 mam
549 2322 703 2366 partem
728 2315 778 2353 de
804 2317 891 2354 aliis
918 2315 1244 2354 homoeoteleutis
1273 2331 1303 2353 s.
1327 2318 1534 2367 postremis
1570 2316 1732 2367 syllabis
1759 2313 1927 2352 duorum

415 2395 601 2421 versuum
620 2384 801 2421 similiter
820 2384 1049 2421 sonantibus
1069 2385 1214 2431 valent,
1234 2390 1279 2421 ut
1288 2384 1412 2434 Epist.
1422 2385 1461 2430 2,
1474 2384 1511 2430 1,
1525 2381 1590 2423 41.
1601 2381 1681 2430 42.,
1700 2393 1928 2434 quanquam

417 2450 466 2488 de
484 2450 546 2488 his
565 2449 631 2487 hic
649 2449 811 2502 quidem
823 2463 904 2488 non
919 2453 1130 2502 quaeritur.
1158 2451 1232 2501 [Cf.
1247 2454 1379 2487 ta'men
1393 2451 1507 2486 Mart.
1523 2451 1578 2497 X,
1594 2450 1648 2489 72
1661 2477 1671 2497 ,
1691 2448 1733 2488 9.
1759 2449 1824 2490 10.
1836 2447 1926 2499 Bk.]

527 2519 574 2555 V.
606 2518 662 2557 70
693 2529 782 2569 sqq.
848 2519 1055 2566 Horatius,
1099 2524 1312 2568 postquam
1346 2518 1563 2566 generatim
1598 2527 1801 2552 summum
1849 2529 1928 2568 quo

418 2584 561 2634 vulgus
595 2583 730 2622 ardeat
763 2587 953 2636 pecuniae
980 2591 1019 2620 et
1046 2582 1241 2622 honorum
1270 2581 1468 2630 studium,
1514 2589 1712 2620 contemta
1737 2584 1930 2634 sapientia

420 2664 551 2687 rerum
569 2649 824 2689 honestarum
843 2651 1110 2699 admon-itrice‚
1137 2653 1302 2697 taxavit,
1324 2652 1407 2699 jam
1425 2650 1584 2698 indicat,
1607 2662 1727 2702 quare
1737 2649 1930 2699 judicium

420 2717 532 2766 vulgi
553 2716 601 2753 de
628 2719 745 2756 rebus
768 2717 999 2770 appetendis
1025 2725 1064 2755 et
1090 2716 1289 2768 fugiendis
1314 2716 1505 2768 repudiet.
1547 2718 1653 2754 Haec
1681 2718 1767 2768 ipsa
1783 2728 1844 2755 res
1864 2728 1930 2754 sa·-

420 2785 546 2835 pienti
566 2782 803 2823 admonitori
827 2787 1075 2823 occasionem
1091 2785 1264 2836 praebet,
1294 2797 1358 2822 vv.
1378 2797 1465 2836 sqq.
1485 2785 1732 2834 singulorum
1747 2794 1930 2835 perversa

423 2848 554 2887 studia
574 2851 656 2887 sale
676 2858 715 2888 et
730 2851 883 2890 ‘facetiis
901 2851 1203 2905 perstringendi.
1232 2853 1374 2889 Errant
1393 2854 1513 2902 igitur
1523 2851 1719 2888 Dae-erim
1738 2856 1778 2888 et
1795 2850 1932 2888 Sana-

424 2917 568 2962 donzm,
596 2919 664 2969 qui
690 2930 749 2965 ea,
780 2931 879 2969 quae
909 2926 1146 2970 sequuntur,
1176 2920 1274 2970 legis
1296 2920 1457 2956 Rosciae
1476 2930 1592 2955 causa
1613 2929 1636 2954 a
1654 2917 1775 2968 vulgo
1794 2916 1930 2968 mag-ni
