2028 3268
338 259 420 300 154
450 263 815 302 COMMENTARII
842 267 895 301 IN
920 263 1137 301 HORATII
1160 264 1330 303 EPIST.
1352 265 1569 304 SECUND.
1598 266 1696 303 LIB.
1722 268 1752 302 Ι.
1810 265 1863 306 48

448 375 494 411 V.
513 375 582 414 26.
620 375 786 412 Vixisset
805 375 982 410 canis—
1001 388 1079 411 sus.
1140 376 1191 411 Et
1211 376 1304 412 cani
1321 381 1359 412 et
1378 378 1442 412 sui
1457 378 1668 428 antiquitas
1689 374 1754 413 hic
1777 376 1860 413 illic

335 453 415 478 non
445 442 575 478 solum
596 447 733 477 notam
755 438 1052 488 immunditiae,
1082 453 1222 478 verum
1252 443 1370 479 etiam
1394 442 1568 481 libidinis
1587 451 1626 480 et
1643 444 1764 480 animi
1782 441 1862 480 hu-

337 510 497 545 millimi
515 509 658 544 inussit
670 536 680 554 ,
711 520 789 558 qua
810 520 851 543 re
875 507 1078 544 observata
1099 505 1166 544 hic
1184 510 1294 546 locus
1313 510 1355 545 in
1374 510 1536 546 clariore
1554 511 1666 562 quasi
1685 511 1773 547 luce
1789 511 1862 547 erit

337 579 499 628 positus.
540 574 628 613 Vid.
649 574 814 611 Biinem.
839 572 888 610 ad
911 575 1090 612 Lactant.
1111 577 1206 613 Inst.
1227 575 1267 624 3,
1291 575 1329 623 8,
1349 575 1388 615 9.
1425 576 1568 614 Verum
1583 604 1598 622 ‚
1626 579 1772 629 inquit,
1790 577 1861 614 ob-

338 657 498 680 scoenus
516 642 646 685 canis,
679 647 752 676 aut
767 654 835 677 sus
852 640 920 677 ille
936 640 1166 678 lutulentus.
1198 643 1356 679 Petron.
1375 640 1440 681 24.
1470 643 1604 680 Burm.
1626 645 1682 681 ibi
1695 659 1736 695 Ρ.
1759 645 1858 685 367.

339 711 480 760 Itaque
504 709 752 754 Fortunata,
782 715 828 744 ut
855 721 901 744 ex
929 721 1053 759 aequo
1061 710 1137 754 jus
1151 708 1322 755 firmum
1343 708 1605 759 approbaret,
1633 711 1862 749 maledicere

347 775 673 813 Trimalchionem
706 777 832 825 coepit
858 782 894 811 et
911 783 1224 826 purgamentum
1255 776 1495 827 dedecusque
1514 777 1770 826 praedicare,
1793 778 1865 828 qui

339 857 418 879 non
441 843 650 878 contineret
663 841 866 880 libidinem
882 856 1010 879 suam.
1080 842 1226 879 Ultimo
1251 845 1368 880 etiam
1387 844 1549 890 adjecit,
1579 845 1703 881 canis.
1762 844 1861 882 Inde

339 922 402 960 ap.
434 908 598 948 Hesiod.
615 906 727 962 Ἕργ.
751 911 818 950 67.
845 910 1004 950 Κύνεον
1033 905 1143 959 νόον,
1172 910 1242 947 ubi
1267 909 1516 962 Moschopul.
1542 907 1617 962 τὴν
1638 908 1759 959 κυνός
1787 912 1859 963 δη-

338 972 474 1028 ληνότι
496 972 702 1016 ἀναίδειαν
728 975 876 1028 ἔχοντα.
906 975 1064 1014 Schich.
1089 976 1208 1015 Saadi
1225 979 1361 1015 Rosar.
1379 991 1418 1028 p.
1439 979 1535 1018 261.
1557 978 1858 1026 „creaturarum

338 1044 676 1095 praestantissima
713 1042 834 1081 homo
862 1050 944 1092 est,
973 1045 1166 1082 vilissima
1191 1047 1336 1083 canis.“
1393 1044 1483 1080 Alia
1506 1043 1554 1080 de
1578 1057 1720 1082 canum
1747 1058 1860 1097 sym-

337 1111 488 1158 bolica,
515 1123 637 1161 quam
673 1109 829 1159 dimmt,
860 1111 1147 1161 significatione
1176 1111 1430 1164 suppeditant
1456 1112 1623 1162 interpp.
1645 1111 1695 1149 ad
1714 1113 1798 1150 Sat.
1821 1114 1860 1161 2,

338 1180 378 1225 2,
411 1177 477 1217 56.
517 1175 658 1213 Gatak.
686 1176 788 1214 Adv.
821 1179 932 1215 misc.
960 1177 1092 1230 posth.
1128 1192 1162 1216 ο.
1192 1179 1260 1219 38.
1283 1192 1323 1230 Ρ.
1344 1179 1439 1219 825-
1465 1179 1638 1216 Taubm·
1661 1178 1712 1216 ad
1730 1180 1860 1222 Plaut-

339 1245 512 1282 Mostell.
543 1245 580 1292 1,
612 1246 649 1293 1,
680 1243 746 1285 40.
772 1251 810 1282 et
831 1244 881 1282 ad
902 1247 1009 1296 Virg.
1036 1246 1106 1287 Ge.
1130 1247 1167 1293 1,
1200 1243 1295 1285 470.
1322 1244 1481 1283 Weich.
1507 1245 1555 1282 de
1575 1245 1715 1283 Medea
1734 1252 1861 1284 oestro

339 1313 487 1364 percita
505 1325 545 1363 p.
570 1313 610 1351 9.
641 1309 850 1351 Schleusn.
873 1314 1013 1350 Lexic.
1031 1326 1123 1350 nov.
1143 1313 1256 1349 Test.
1277 1325 1313 1349 v.
1332 1309 1456 1351 κύων.
1487 1313 1529 1349 C.
1547 1313 1622 1350 Gu.
1642 1314 1798 1351 Miffler.
1818 1314 1862 1349 in

341 1381 471 1418 Carm-
489 1377 706 1417 Simonidis
734 1378 783 1416 de
807 1381 1040 1418 mulieribus
1059 1381 1258 1430 inscripto.
1288 1380 1425 1427 Jenae,
1449 1379 1572 1420 1831.
1593 1392 1633 1429 p.
1653 1380 1721 1419 21.
1750 1381 1863 1416 Hen-

339 1448 500 1497 neberg.
530 1445 581 1483 ad
603 1448 755 1497 Evang.
778 1446 919 1485 Matth.
939 1451 979 1496 7,
1009 1449 1048 1488 6.
1071 1468 1125 1476 —
1146 1445 1402 1492 immundus,
1431 1453 1474 1483 ut
1498 1447 1738 1483 Graecorum
1765 1441 1864 1485 οἶκοὶ-

340 1518 658 1566 θαρτος.-3ιι.ς.
721 1514 788 1552 Sic
813 1515 939 1564 Epist.
970 1515 1009 1562 2,
1038 1515 1078 1562 2,
1105 1513 1172 1553 75.
1197 1520 1235 1550 et
1252 1515 1401 1551 Auson.
1424 1514 1549 1564 Epist.
1571 1514 1636 1561 10,
1659 1512 1726 1552 25.
1752 1512 1863 1549 lutu-

342 1580 450 1617 lenta
483 1594 567 1625 sue,
599 1581 729 1617 lutosa
756 1595 823 1618 sus
854 1583 990 1619 Burm.
1017 1580 1138 1619 Anth.
1167 1583 1236 1619 lat.
1261 1583 1311 1618 II.
1344 1594 1385 1631 p.
1417 1580 1511 1620 562.
1531 1575 1769 1631 χαμαιευνοὶς
1796 1591 1862 1629 ap.

341 1650 559 1685 Homerum
588 1646 660 1684 Od.
691 1649 755 1695 10,
782 1646 878 1687 243.
918 1650 1083 1685 Luciau.
1119 1647 1166 1685 de
1195 1649 1383 1699 Gymnas.
1421 1648 1460 1686 1.
1495 1645 1563 1686 καὶ
1587 1646 1629 1687 ἐν
1659 1648 1716 1699 τῷ
1747 1647 1864 1700 πηλῷ

341 1711 690 1766 συναναφύρονται
722 1711 1027 1765 καλινδούμενοι
1063 1710 1190 1766 ὥςπερ
1232 1709 1342 1761 σύεςς
1380 1711 1488 1750 idem
1527 1713 1588 1749 bis
1620 1714 1760 1751 Aecus.
1791 1712 1859 1752 20.

339 1777 530 1830 ἐξετάζετε
553 1777 627 1832 γάρ
658 1779 701 1819 ἐν
726 1783 782 1836 τῷ
806 1777 984 1832 παρόντι,
1014 1776 1160 1832 πότερα
1186 1780 1330 1832 χοίρων
1357 1779 1473 1830 δίκην
1493 1775 1725 1826 νενευκότας
1742 1777 1861 1827 κάτω,

339 1847 563 1900 ἡδομένους
601 1848 664 1887 δεῖ
695 1848 777 1898 ζῆν,
819 1844 943 1898 μηδὲν
977 1843 1231 1899 μεγαλόφρον
1261 1845 1541 1895 ἔπινοοῦνταςς
1579 1844 1779 1884 Plutarch.
1812 1844 1862 1881 de

341 1916 469 1954 Sanit.
489 1913 625 1952 tuend.
645 1916 709 1952 VI.
733 1928 772 1965 p.
790 1912 886 1953 489.
909 1912 1042 1965 (Rsk.)
1065 1912 1180 1953 συσὶν
1200 1912 1266 1952 ἐπὶ
1281 1916 1443 1968 φορυτῷ
1465 1908 1771 1966 μαργανοῦσαις.
1801 1910 1862 1949 Id·

341 1983 523 2034 Sympos.
541 1979 581 2029 4,
604 1980 642 2021 5.
663 1983 767 2019 VIII.
786 1995 826 2032 p.
849 1982 943 2022 667.
1000 1982 1059 2017 De
1079 1980 1297 2032 symbolica
1320 1981 1605 2032 significatione
1636 1980 1685 2016 cf.
1706 1981 1860 2016 Lucret.

341 2051 390 2098 6,
416 2050 499 2089 977
527 2055 600 2085 etc.
652 2047 763 2085 Serv.
795 2046 846 2084 ad
870 2049 976 2098 Virg.
1013 2049 1056 2084 iu
1084 2060 1176 2085 ann.
1205 2048 1301 2095 crit.,
1333 2048 1358 2085 l.
1390 2049 1547 2085 Mifller.
1583 2045 1635 2084 ad
1663 2043 1863 2084 Simonid.

343 2115 480 2155 1—5.
505 2129 546 2166 p.
571 2116 636 2155 10.
670 2115 783 2152 Voss.
810 2113 957 2152 Theol.
993 2115 1131 2165 gentil.
1159 2114 1198 2162 3,
1234 2115 1300 2154 62.
1332 2128 1372 2165 Ρ.
1401 2114 1522 2154 1063.
1551 2115 1591 2163 3,
1625 2113 1692 2154 58.
1716 2113 1782 2154 59.
1815 2126 1857 2164 Ρ.

342 2181 465 2223 1044.
496 2181 558 2219 ed.
578 2179 777 2218 Amsterd.
809 2181 928 2221 1642.
950 2181 1118 2222 macrob.
1145 2181 1303 2218 Saturn.
1327 2183 1366 2230 2,
1390 2180 1428 2219 8.
1447 2195 1486 2232 p.
1507 2182 1602 2222 379.
1620 2182 1680 2229 Z„
1709 2182 1862 2218 Erasm-

342 2249 498 2300 Adagg.
524 2248 565 2298 4,
595 2249 635 2298 3,
662 2250 729 2289 62.
761 2255 800 2286 et
824 2251 952 2288 Vorst.
978 2247 1027 2285 de
1046 2247 1201 2299 Adagg.
1230 2250 1279 2285 N.
1300 2249 1350 2286 Τ.
1376 2261 1408 2286 c.
1427 2247 1491 2297 4.,
1520 2260 1640 2300 quem
1661 2246 1711 2284 ad
1733 2247 1861 2297 Epist.

342 2319 448 2354 Petr.
467 2319 507 2364 2,
535 2318 575 2364 2,
606 2318 675 2356 22.
703 2317 798 2354 citat
828 2318 914 2354 Jac.
938 2315 987 2353 de
1018 2314 1150 2354 Rhoer
1171 2316 1213 2351 in
1242 2315 1366 2352 Feriis
1381 2316 1568 2352 Daventr.
1592 2327 1632 2364 p.
1652 2310 1748 2352 224.
1776 2314 1862 2363 Ap-

342 2385 470 2435 prime
486 2384 645 2420 Firmic.
670 2382 719 2420 de
742 2385 872 2422 Error.
890 2383 993 2435 prof.
1017 2383 1131 2432 relig.
1157 2395 1190 2419 c.
1212 2383 1251 2421 9.
1288 2381 1371 2419 Sed
1382 2381 1488 2427 vide,
1513 2387 1558 2417 ut
1575 2379 1732 2416 adulter
1750 2378 1863 2415 Deus

344 2452 531 2488 maritum
552 2452 721 2488 vinceret
748 2451 855 2502 quod
878 2449 956 2487 sibi
975 2462 1117 2499 corpus
1145 2447 1288 2498 elegit,
1310 2461 1458 2497 porcus
1486 2461 1564 2484 esse
1581 2446 1748 2484 maluit:
1775 2446 1862 2496 qui,

345 2519 379 2554 si
396 2517 568 2555 habebat
590 2519 762 2568 corporis
784 2517 969 2555 mutandi
979 2522 1212 2567 potestatem
1223 2541 1240 2559 ,
1267 2514 1388 2551 leonis
1403 2514 1536 2552 debuit
1546 2515 1682 2565 potius
1697 2513 1864 2562 speciem

333 2585 590 2636 formamque
616 2586 821 2635 suscipere.
888 2584 971 2621 Sed
994 2584 1141 2620 leonem
1161 2581 1326 2626 dicunt,
1355 2581 1426 2631 qui
1444 2588 1609 2618 naturas
1627 2579 1864 2617 animalium

346 2659 491 2687 norunt
504 2679 517 2695 ,
545 2653 588 2688 in
612 2652 687 2689 illa
713 2652 877 2703 agrestis
903 2651 1030 2687 animi
1046 2649 1213 2700 firitate
1234 2647 1456 2698 pudicitiae
1480 2660 1633 2686 servare
1663 2647 1859 2684 virtutem.

348 2719 493 2754 Merito
522 2719 648 2768 igitur
679 2718 731 2755 ab
759 2718 937 2755 adultero
965 2716 1086 2754 leonis
1111 2716 1308 2766 spernitur
1324 2714 1467 2766 forma
1495 2722 1533 2752 et
1553 2713 1756 2752 libidinosi
1772 2713 1864 2749 ani—

348 2783 465 2820 malis
503 2784 674 2835 eligitur.
745 2786 901 2823 Similia
939 2783 1060 2822 habet
1094 2784 1232 2819 Festus
1262 2795 1299 2822 v.
1336 2782 1501 2819 suillum
1535 2795 1663 2832 genus
1695 2794 1736 2831 p.
1768 2776 1865 2818 247.

347 2849 533 2889 Lindem.
563 2850 622 2902 (p.
655 2853 747 2892 192.
775 2860 814 2890 et
840 2851 936 2893 455.
971 2848 1194 2899 Gothofr.):
1231 2849 1538 2888 immundissimi
1570 2862 1658 2887 sues
1690 2860 1735 2884 ex
1761 2846 1869 2883 omni

350 2925 551 2955 mansueto
564 2931 704 2969 pecore
721 2926 757 2955 et
772 2919 1068 2956 ardentissimae
1084 2916 1273 2954 libidinis.
