2028 3268
169 238 224 280 61
283 235 655 276 ΟΟΜΜΕΝΤΑΒΠ
680 237 734 274 ΙΝ
760 235 984 274 HORATII
1013 235 1187 276 EPIST.
1209 234 1430 274 SECUND.
1459 235 1561 273 LIB.
1581 236 1614 273 Ῑ.
1644 230 1725 273 167

170 352 315 390 Mutet.
348 351 449 402 Opp.
481 348 544 387 ed.
575 347 738 390 Ruhnk.
766 351 836 390 111.
860 364 902 401 p.
933 348 1029 392 208.
1067 347 1163 391 574.
1194 349 1292 391 856.
1320 350 1478 390 Erasm.
1502 347 1660 400 Adagg.
1689 349 1727 397 1,

171 422 212 470 2,
237 421 307 462 39,
367 417 517 466 Quodsi
543 418 784 469 Doeringius
813 417 1167 457 Hemsterhusium
1195 432 1356 457 censere
1388 417 1484 456 dicit
1525 417 1728 469 proverbii

172 496 374 528 auctorem
390 484 664 539 Pythagoram
684 500 783 536 esse,
804 494 932 536 errat3
955 487 1129 526 solanus
1147 489 1256 525 enim
1276 488 1365 536 fuit,
1395 487 1466 539 qui
1485 485 1591 524 illud
1608 487 1728 525 Jam-

170 556 304 596 blicho
338 563 498 594 auctore
534 557 578 592 in
618 557 740 594 istam
782 558 1023 594 sententiam
1073 571 1169 595 usus
1214 554 1468 608 Pythagorae
1515 554 1725 594 tribuebat.

169 623 498 666 Hemsterhusius
513 631 648 662 autem
666 624 824 663 videtur
843 625 986 663 fecisse
1007 638 1099 662 cum
1112 626 1281 676 Polybio
1301 622 1359 676 (5,
1374 619 1480 676 32),
1501 622 1552 660 ad
1573 629 1728 661 certum

171 700 372 732 auctorem
393 692 651 744 proverbium
670 706 751 731 non
770 694 977 734 referente.
1027 694 1072 730 In
1093 706 1178 730 rem
1197 691 1419 744 Sophocles
1443 705 1506 744 ap.
1525 690 1728 733 Plutarch,

172 761 222 801 de
250 760 439 800 audiend.
463 763 576 801 Poet.
606 763 673 801 VI.
705 777 744 814 p.
770 761 838 802 55.
866 760 963 804 Rsk.
984 759 1136 815 ’Ἐργου
1167 758 1211 801 δὲ
1242 759 1393 808 παντός
1411 758 1464 813 ἤν
1482 775 1541 808 τις
1561 757 1728 812 ἄρχηται

169 835 313 880 καλῶς,
343 829 411 871 καὶ
441 827 512 879 τοὶς
540 827 722 877 τελευτάς
752 826 859 878 εἰκὸς
888 826 982 871 ἔσθ’
1014 825 1145 877 οὕτως
1173 828 1286 880 ἔχειν.
1327 830 1433 867 Plat.
1469 827 1519 866 de
1554 829 1727 880 Republ-

169 901 212 950 2,
238 901 304 941 17.
338 895 500 940 Οὐκοῦν
526 893 646 946 οἶσθ’,
677 894 739 939 ὅτι
758 894 861 952 ἀρχή
883 895 1029 946 παντὸς
1057 897 1175 951 ἔργου
1196 895 1382 950 μέγιστον
1403 911 1481 942 —,·
1509 899 1543 934 E
1572 897 1727 935 Latinis

169 967 251 1006 huc
282 973 546 1020 respexerunt
572 965 688 1007 Ovid.
711 968 760 1009 A.
782 968 831 1004 A.
863 968 899 1015 l,
924 967 1021 1008 610.
1078 967 1163 1003 Fac
1187 972 1347 1004 tantum
1370 966 1561 1016 incipias,
1592 972 1730 1017 sponte

173 1037 343 1075 disertus
377 1037 465 1073 eris.
510 1035 664 1073 Auson.
697 1037 836 1087 Epigr.
865 1036 932 1076 81.
965 1035 1126 1085 Incipe:
1159 1034 1372 1072 dimidium
1389 1035 1506 1086 sacti
1534 1041 1606 1080 est,
1640 1048 1727 1071 coe-

165 1107 275 1156 pisse
284 1121 302 1154 ‚·
330 1104 449 1158 Idyll.
469 1105 535 1153 12,
558 1105 597 1145 5.
629 1104 767 1154 Incipe
780 1119 792 1140 .·
825 1103 1020 1155 quicquid
1037 1117 1162 1155 agas:
1183 1118 1262 1154 pro
1279 1110 1357 1141 toto
1373 1111 1429 1141 est
1441 1104 1581 1154 prima
1601 1105 1730 1153 operis

163 1188 279 1225 pars.
322 1174 464 1215 Senec.
494 1174 624 1225 Epist.
657 1169 726 1212 34.
768 1171 866 1209 Non
899 1173 958 1208 sic·
985 1171 1180 1223 quomodo
1207 1173 1417 1223 principia
1451 1173 1570 1208 totius
1601 1173 1729 1222 operis

169 1242 384 1280 dimidium
414 1255 610 1293 occupare
636 1240 827 1277 dicuntur
836 1268 854 1286 ,
883 1242 942 1278 ita
973 1254 1035 1277 res
1066 1241 1201 1277 animo
1230 1247 1385 1279 constat
1392 1255 1409 1288 ‚⁴
1442 1253 1542 1290 pars
1574 1253 1728 1292 magna

171 1309 359 1348 honitatis
383 1318 456 1357 est,
485 1310 587 1347 velle
597 1309 697 1358 fieri
717 1307 878 1347 bonum.
903 1331 959 1339 -—-
987 1322 1126 1359 sapere
1146 1308 1268 1355 aude,
1299 1316 1494 1361 tanquam
1512 1323 1598 1348 rem.
1618 1309 1728 1347 diffi-

171 1380 304 1428 cilem,
335 1378 387 1416 ad
403 1392 524 1432 quam
542 1376 850 1430 perficiendam,
879 1384 924 1414 ut
945 1378 1067 1428 vulgo
1087 1378 1303 1429 explicant,
1336 1377 1502 1416 audacia
1523 1392 1623 1431 opus
1651 1380 1727 1428 sit3

171 1446 361 1500 equidem
392 1448 502 1486 malo
527 1454 573 1484 ut
595 1448 711 1499 Epist
743 1447 783 1495 2,
819 1447 860 1494 2,
896 1445 1014 1485 11l.:
1045 1446 1167 1491 aude,
1192 1447 1219 1485 i.
1244 1460 1278 1488 6.
1298 1448 1455 1499 suscipe
1473 1461 1625 1499 sapere,
1655 1448 1725 1486 abs

170 1523 210 1554 te
232 1517 414 1567 impetra,
444 1516 627 1552 animum
646 1513 803 1562 induce,
828 1520 871 1551 ut
889 1514 1034 1565 sapias.
1091 1514 1158 1552 Sic
1178 1515 1318 1551 Graeci
1336 1522 1531 1567 usurpant
1559 1519 1726 1568 τολμᾶν,

168 1591 215 1622 ut
238 1586 362 1624 τλᾶθι
390 1582 507 1623 Pind.
534 1580 654 1634 Pyth.
676 1580 715 1631 4,
741 1583 840 1622 276.
864 1582 963 1634 ibiq.
991 1582 1150 1620 Dissen.
1182 1583 1255 1631 Cf.‚
1283 1584 1353 1634 qui
1376 1582 1478 1621 mihi
1497 1585 1725 1634 assentitur,

169 1652 313 1691 Stallb.
344 1641 395 1689 ad
420 1653 523 1689 Plat.
547 1652 709 1688 Menex.
743 1651 808 1690 17.
836 1663 878 1701 p.
908 1649 974 1690 59.
1006 1649 1068 1688 ed.
1090 1649 1212 1689 Goth.
1239 1650 1446 1689 Schmidio
1462 1666 1570 1702 meo,
1595 1655 1727 1706 quiin

168 1720 246 1759 hoc
274 1720 396 1759 verbo
425 1718 629 1772 quandam
658 1720 790 1757 inesse
820 1720 990 1757 ironiam
1017 1718 1152 1772 (quasi
1176 1733 1313 1770 sapere
1334 1721 1559 1772 periculosa
1583 1729 1623 1759 et
1646 1721 1727 1760 dif-

166 1789 284 1827 ficilis
304 1795 409 1827 esset
432 1801 508 1837 res,
540 1801 662 1840 quam
685 1787 871 1826 homines
890 1785 1237 1843 pertimescerent)
1259 1789 1357 1827 olim
1384 1791 1533 1839 sensit,
1573 1789 1727 1842 perhu-

166 1858 340 1896 maniter
357 1856 589 1896 adversatur
605 1857 674 1894 R.
699 1857 883 1902 Jacobs„
902 1870 1030 1909 quum
1053 1865 1188 1906 „certe
1206 1872 1289 1896 non
1309 1865 1369 1896 est
1386 1872 1447 1896 res
1467 1859 1640 1910 facilis‚“
1659 1862 1726 1898 in-

168 1927 269 1979 quit,
298 1940 493 1978 ,‚sapere,
512 1925 583 1963 sed
605 1926 699 1964 forti
723 1927 857 1964 animo
878 1924 929 1963 ad
957 1924 1062 1963 hanc
1087 1940 1173 1964 rem
1201 1941 1303 1979 opus
1328 1934 1401 1965 est.
1424 1928 1554 1979 Epist.
1581 1929 1622 1975 3,
1660 1929 1725 1970 11.

166 1995 367 2033 ,Fastidire
387 1994 502 2032 lacus
521 2002 558 2031 et
575 1996 680 2032 rivos
700 2009 824 2032 ausus
845 2002 1015 2046 apertos.
1050 2002 1090 2033 et
1111 1997 1166 2034 ib.
1185 2010 1224 2034 v.
1248 1997 1318 2036 20.
1349 1997 1433 2047 ipse
1454 1996 1558 2048 quid
1571 1996 1727 2034 audes?

167 2061 398 2102 Simonides
429 2063 526 2103 CIV.
554 2061 615 2113 (in
641 2065 707 2100 Br.
729 2064 951 2114 Analectis)
979 2062 1141 2112 docens,
1173 2065 1215 2102 in
1240 2077 1320 2116 qua
1344 2078 1386 2102 re
1404 2066 1602 2116 sapientia
1628 2078 1726 2102 con-

167 2132 355 2181 tineatur,
376 2132 433 2170 sic
447 2133 579 2183 pergit
598 2127 699 2171 ἆλλοὶ
720 2128 768 2171 σύ
788 2134 914 2171 ταῦτα
929 2128 1078 2183 μαθών
1097 2132 1236 2184 βιότου
1253 2131 1346 2172 ποτὶ
1370 2132 1492 2185 τέρμα
1507 2135 1623 2188 ψυχῇ
1645 2135 1727 2172 τῶν

167 2196 338 2253 ἀγαθοῖν
367 2202 489 2252 τλῆθι
516 2195 814 2254 χαριζόμενος.“
832 2222 888 2228 ——
919 2199 1024 2246 Quid
1053 2199 1119 2238 hic
1148 2201 1397 2238 intellexerit
1423 2202 1548 2238 Poeta
1570 2215 1726 2251 sapere,

167 2274 332 2319 apparet
359 2281 412 2305 ex
435 2269 564 2320 Epist.
595 2270 637 2317 2,
669 2269 710 2317 2,
742 2266 838 2308 141.
896 2267 1106 2306 Nimirum
1136 2282 1275 2320 sapere
1294 2276 1350 2306 est
1369 2291 1425 2296 —
1447 2283 1563 2317 verae
1586 2283 1726 2307 nume-

167 2349 309 2387 rosque
336 2336 550 2388 modosque
570 2337 736 2374 ediscere
755 2337 874 2374 vitae.
919 2338 1113 2388 Apprime
1135 2338 1276 2375 Senec.
1308 2338 1437 2388 Epist.
1460 2338 1556 2378 117.
1587 2338 1726 2376 Num-

168 2403 270 2455 quid
295 2405 400 2442 enim
428 2419 673 2457 quemquam
702 2406 904 2442 existimas
929 2419 1085 2455 sapere,
1113 2407 1196 2443 nisi
1218 2407 1290 2457 qui
1319 2406 1558 2457 sapientiam
1573 2405 1726 2444 habet?

168 2471 387 2523 Numquid
407 2487 647 2525 quemquam
669 2475 742 2525 qui
769 2474 906 2524 sapiat
935 2487 1016 2511 non
1041 2481 1165 2525 putas
1194 2473 1339 2512 habere
1370 2474 1642 2526 sapientiam?
1671 2497 1723 2503 —-·

167 2538 358 2577 Habetur
377 2542 593 2592 sapientia,
608 2541 746 2589 habet,
767 2544 840 2594 qui
854 2544 974 2593 sapit.
1027 2543 1238 2594 Sapientia
1259 2551 1316 2580 est
1335 2557 1445 2580 mens
1461 2543 1642 2595 perfecta
1661 2543 1727 2582 vel

170 2606 229 2644 ad
244 2621 443 2645 summum
464 2610 733 2662 optimumque
744 2611 943 2662 perducta
954 2626 971 2659 ,-
1001 2626 1068 2648 ars
1089 2613 1193 2649 enim
1211 2613 1315 2650 vitae
1337 2619 1405 2649 est.
1450 2612 1600 2663 Sapere
1624 2613 1727 2665 quid

171 2674 255 2712 est?
293 2675 391 2713 Non
410 2690 576 2727 possum
599 2679 728 2716 dicere
755 2693 865 2717 mens
885 2679 1084 2730 perfecta,
1113 2680 1184 2717 sed
1211 2679 1257 2717 id
1277 2680 1388 2732 quod
1406 2682 1602 2734 contingit
1626 2695 1722 2733 per-

159 2743 319 2795 fectam
352 2752 520 2782 mentem
551 2745 727 2785 habenti.
788 2748 856 2786 Ita
893 2747 1066 2785 alterum
1105 2754 1178 2793 est,
1209 2762 1320 2787 mens
1358 2749 1487 2788 bona.-
1529 2750 1720 2797 alterum,

171 2813 291 2863 quasi
317 2811 462 2850 habere
492 2821 659 2852 mentem
689 2815 847 2854 bonam.
872 2839 924 2844 ——
962 2817 1111 2867 Sapere
1136 2819 1355 2868 sapientiae
1382 2833 1478 2856 usus
1506 2827 1586 2857 est:
1620 2833 1722 2871 quo-

170 2880 286 2918 modo
319 2880 564 2933 eloquentiae
595 2882 708 2935 loqui
715 2899 728 2921 .·
767 2886 961 2937 quomodo
998 2885 1205 2922 oculorum
1237 2887 1380 2925 videre.
1441 2888 1553 2940 Ergo
1583 2901 1722 2938 sapere

171 2949 390 2998 sapientiae
418 2964 514 2988 usus
533 2958 601 2989 est.
671 2953 777 2992 Usus
790 2962 926 2992 autem
947 2955 1168 3005 sapientiae
1186 2956 1421 3007 expetendus
1439 2962 1510 2994 est.
1571 2956 1721 3007 Sapere
