2054 3268
294 247 670 288 COMMENTARII
689 247 743 285 IN
763 244 987 283 HORATII
1014 242 1186 282 EPIST.
1215 242 1361 285 PRIM.
1385 242 1484 280 LIB.
1514 242 1546 279 1.
1643 237 1699 279 39

143 361 331 416 quidem,
363 361 544 414 alioquin
565 360 733 398 verbum
753 358 911 396 forense
932 356 1000 408 (R.
1021 358 1153 395 Klotz.
1176 355 1228 393 ad
1244 356 1325 394 Cic.
1347 356 1472 393 Tusc.
1493 354 1534 403 2,
1554 354 1601 402 2,
1623 351 1696 405 5.)‚

145 432 268 469 etiam
281 428 348 467 hic
362 431 494 479 valetr,
516 431 678 468 Petron.
694 429 789 468 117.
826 426 917 472 Uri,
937 426 1099 471 vinciri,
1118 423 1322 463 verberari
1326 423 1522 476 ferroque
1535 422 1674 460 necari
1678 436 1696 469 ,-

145 505 186 536 et
203 497 399 550 quicquid
411 498 532 535 aliud
547 495 773 547 Eumolpus
781 495 970 542 jussisset
980 522 994 539 ‚
1042 501 1239 545 tanquam
1260 491 1432 545 legitimi
1449 490 1698 543 gladiatores

145 566 306 604 domino
333 579 500 616 corpora
525 566 763 617 animasque
785 561 1076 614 religiosissimi
1096 562 1335 600 addicimus.
1364 559 1513 598 Heiud.
1535 558 1587 597 ad
1610 558 1697 597 Sat.

146 636 188 684 2,
213 637 254 683 7,
275 634 343 675 58·
379 636 433 672 Et
464 636 522 672 sic
549 635 714 672 omnino
742 645 784 669 se
808 630 992 668 addicere
1013 632 1040 668 i.
1063 644 1098 668 e.
1129 632 1173 668 in
1203 631 1440 668 servitutem
1467 642 1511 667 se
1539 626 1697 666 tradere

146 701 250 754 (vid.
265 701 432 741 Ruhnk.
449 702 501 741 ad
521 702 660 752 Vellej.
679 702 720 750 2,
745 698 831 750 18.)
854 698 964 752 quod
986 707 1070 738 erat
1088 712 1242 747 eorum,
1270 699 1342 751 qui
1358 696 1546 736 homines
1566 696 1696 743 liberi,

147 776 194 809 ut
218 769 460 822 gladiatores
487 770 644 820 fierent,
682 782 726 808 se
744 767 1011 806 auctorabant
1041 765 1276 821 (Eichstad.
1306 765 1357 804 ad
1375 765 1540 804 Ruhnk.
1557 766 1697 818 Antiq.

147 839 264 876 Rom.
283 840 374 876 XX.
395 853 437 891 p.
462 837 502 879 5.
522 845 605 877 not.
628 836 714 888 48).
758 837 894 874 Etiam
916 838 1157 888 magistrum
1184 835 1456 888 gladiatorum
1479 833 1604 873 habes
1633 847 1696 885 ap.

148 907 233 944 Cic.
255 905 305 944 de
326 907 432 945 Orat.
453 907 494 956 3,
516 907 586 957 23,
606 906 675 947 86.
703 905 946 956 ceteroquin
967 907 1064 943 scite
1085 905 1313 943 observavit
1329 902 1592 942 Eichstadius
1614 902 1698 954 (1.1.

147 982 232 1014 not.
255 975 342 1024 50.)
367 976 516 1014 multas
535 972 730 1028 loquendi
748 974 945 1012 formulas
965 972 1192 1026 agendique
1214 975 1388 1011 rationes
1410 985 1464 1009 ex
1478 970 1587 1008 lzaelis
1599 970 1699 1020 gla-

146 1043 330 1080 diatoriis·
355 1041 407 1080 ad
427 1041 586 1082 scholas
606 1044 673 1082 vel
699 1043 871 1094 majores
889 1045 956 1081 vel
977 1044 1155 1081 minores
1170 1042 1384 1079 translatas
1406 1053 1506 1078 esse.
1543 1039 1698 1077 Seneca

147 1123 310 1163 quoque
327 1111 371 1148 in
391 1124 434 1149 re
453 1125 536 1149 non
555 1111 674 1150 valde
698 1111 887 1149 dissimili
904 1110 1047 1149 eadem
1062 1113 1189 1149 utitur
1204 1111 1395 1161 allegoria
1415 1110 1458 1146 in
1478 1109 1606 1160 Epist.
1627 1107 1698 1148 37.

145 1179 380 1217 Formulam
388 1178 552 1230 jurandi
570 1181 701 1232 ipsam
722 1187 762 1218 et
776 1181 957 1217 militum
979 1186 1019 1216 et
1041 1178 1314 1230 gladiatorum
1339 1175 1571 1229 suppeditat
1595 1177 1635 1214 J.
1647 1176 1697 1213 D.

147 1247 344 1285 Casellius
365 1243 535 1300 (Variar.
560 1249 604 1298 1,
633 1248 695 1300 8.)
724 1250 767 1286 in
789 1249 904 1286 Grut.
925 1249 1050 1299 lamp.
1071 1248 1157 1285 crit.
1181 1249 1250 1285 ΙΙΙ.
1271 1261 1312 1299 p.
1335 1247 1433 1287 202.
1468 1247 1542 1283 His
1557 1245 1698 1296 positis

146 1315 236 1357 luce
256 1316 400 1353 clarius
421 1323 604 1367 apparet,
642 1330 766 1369 quam
790 1317 933 1355 festive
949 1318 1077 1354 Poeta
1101 1329 1218 1354 suam
1236 1314 1439 1353 sentiendi
1468 1314 1698 1352 libertatem

148 1381 426 1432 declaraverit,
461 1397 542 1436 qua
567 1392 613 1423 ut
629 1385 852 1436 discipulus
878 1386 1064 1438 magistri
1084 1386 1233 1437 placita
1259 1398 1331 1436 pro
1357 1383 1530 1422 oraculis
1549 1380 1698 1419 habere

146 1451 298 1500 nollet,
326 1452 496 1490 minime
518 1453 670 1492 faciens
695 1467 789 1492 cum
816 1455 887 1502 iis,
927 1455 998 1506 qui
1028 1454 1071 1491 in
1098 1455 1171 1491 illa
1205 1448 1326 1501 αὐτός
1354 1451 1435 1504 ἔφη
1462 1452 1698 1489 auctoritate

145 1518 394 1572 praesidium
425 1529 674 1573 quaererent.
731 1522 794 1560 ef.
821 1520 1050 1560 Hemsterh.
1078 1521 1131 1560 ad
1158 1522 1326 1560 Lucian.
1347 1521 1503 1572 Nigrin.
1522 1520 1592 1560 28.
1650 1520 1698 1556 In

145 1601 232 1626 rem
251 1588 352 1626 olim
370 1590 579 1629 attulimus
600 1591 683 1630 Cic.
705 1592 830 1629 Tusc.
853 1592 894 1639 2,
919 1592 960 1631 2.
983 1604 1134 1642 nosque
1151 1591 1257 1641 ipsos
1276 1589 1471 1641 redargui
1487 1587 1698 1640 refellique

138 1658 375 1709 patiamur,
413 1657 524 1709 quod
546 1659 580 1695 ii
596 1659 746 1711 serunt
768 1660 908 1711 iniquo
935 1660 1101 1706 animo,
1133 1659 1206 1711 qui
1221 1659 1336 1695 certis
1362 1656 1607 1710 quibusdam
1627 1656 1698 1693 (le-

128 1726 380 1777 stinatisque
399 1727 600 1764 sententiis
622 1729 743 1778 quasi
763 1727 888 1766 addi
897 1728 969 1764 cti
988 1734 1025 1764 et
1042 1728 1262 1765 consecrati
1274 1733 1369 1764 sunt
1385 1739 1510 1778 eaque
1528 1726 1698 1763 necessi-

145 1801 227 1831 tate
244 1796 466 1841 constricti,
491 1802 537 1832 ut
556 1797 677 1833 etiam
697 1810 801 1848 quae
818 1809 899 1833 non
911 1795 1088 1846 probare
1113 1795 1285 1841 soleant,
1314 1809 1360 1832 ea
1382 1801 1581 1846 cogantur
1601 1807 1697 1831 con-

143 1864 318 1900 stantiae
339 1876 466 1902 causa
485 1863 708 1915 defendere.
771 1864 832 1902 Cf.
855 1863 955 1902 ibid.
979 1862 1028 1913 4,
1062 1862 1102 1907 4.
1137 1865 1290 1902 Seneca
1310 1863 1361 1901 de
1381 1865 1460 1903 Vit.
1480 1863 1520 1901 b.
1545 1864 1586 1904 3.
1617 1877 1697 1900 non

144 1930 273 1982 alligo
291 1945 356 1970 me
382 1932 442 1970 ad
465 1946 592 1970 unum
611 1933 789 1984 aliquem
808 1947 855 1970 ex
882 1933 1026 1970 Stoicis
1036 1931 1285 1983 proceribus.
1327 1933 1404 1970 Est
1421 1939 1459 1969 et
1485 1932 1588 1970 milii
1603 1945 1698 1969 cen-

146 1999 260 2037 sendi
270 2001 348 2047 jus
365 2022 424 2028 -—-
445 2006 486 2038 et
506 2002 634 2052 Epist.
654 2002 725 2042 33.
751 2002 851 2039 Non
871 2015 1011 2039 sumus
1030 2000 1105 2038 sub
1127 2015 1238 2054 rege,
1266 2000 1344 2038 sibi
1360 2002 1528 2053 quisque
1544 2015 1585 2038 se
1603 2002 1698 2038 vin-

147 2066 270 2104 dicat.
298 2088 357 2095 -—
380 2067 445 2104 At
462 2075 601 2106 contra
619 2070 736 2116 scire,
759 2078 834 2116 est,
865 2077 902 2106 et
923 2083 1000 2106 sua
1005 2069 1151 2120 facere
1171 2083 1383 2122 quemque,
1404 2083 1477 2107 nec
1494 2068 1547 2106 ab
1566 2083 1698 2106 exem-

139 2134 257 2186 pbzri
267 2135 443 2185 pendere
475 2142 513 2172 et
537 2138 648 2173 toties
678 2139 921 2189 magistrum
949 2139 1154 2187 respicere.
1195 2137 1299 2176 Ibid.
1331 2139 1396 2178 12.
1428 2137 1697 2175 Perseverabo

143 2203 374 2254 Epicurum
393 2202 469 2240 tibi
488 2204 689 2256 ingerere:
720 2211 766 2241 ut
787 2205 880 2249 isti,
899 2206 972 2255 qui
989 2206 1034 2242 in
1054 2205 1177 2243 verba
1184 2209 1339 2254 jurant
1352 2219 1443 2251 nec,
1466 2205 1569 2256 quid
1581 2205 1698 2242 dica—

146 2279 230 2318 tur,
260 2273 484 2310 aestiment.
527 2271 629 2310 Ibid.
652 2271 721 2315 45.
762 2273 929 2319 Quintil.
952 2274 1050 2310 [nst.
1077 2274 1125 2321 3,
1157 2274 1203 2322 1,
1229 2275 1299 2315 22.
1340 2273 1486 2325 Neque
1509 2274 1614 2310 enim
1636 2287 1699 2311 me

146 2342 390 2391 cujusquam
407 2347 536 2377 sectae
548 2368 564 2386 ,
596 2341 707 2378 velut
726 2340 906 2392 quadam
928 2342 1205 2391 superstitione
1229 2340 1434 2387 imbutus,
1465 2341 1620 2379 addixi.
1640 2364 1698 2372 -

142 2409 384 2462 Quanquam
401 2409 527 2446 Poeta
547 2406 612 2446 his
636 2410 735 2461 ipsis
754 2411 838 2447 fere
862 2410 995 2448 verbis
1017 2422 1060 2448 se
1086 2410 1290 2461 professus
1318 2417 1379 2448 est
1406 2408 1696 2462 philosophum

141 2473 391 2527 ἕκλεκτικόν,
412 2477 636 2516 Lambinus
664 2484 803 2516 tamen
827 2477 1034 2531 quandam
1054 2476 1122 2515 hic
1141 2477 1253 2516 videt
1275 2479 1570 2531 professionem
1586 2480 1695 2517 Aca-

143 2542 404 2594 demicorum,
435 2558 609 2598 quorum
627 2547 751 2585 fuerit
771 2547 880 2585 nulli
902 2549 962 2585 rei
981 2548 1181 2585 assentiri.
1219 2547 1578 2599 Cruquius'contra
1603 2548 1695 2596 „Au

144 2615 339 2662 autem,“
375 2615 532 2666 inquit,
568 2621 652 2664 „ut
689 2614 856 2668 quidam
880 2617 1084 2664 sentiunt,
1125 2617 1316 2654 Horatius
1345 2614 1412 2654 hic
1441 2615 1693 2655 Academicis

142 2679 400 2720 ascribendus
421 2683 487 2732 sit,
511 2681 666 2733 judicet
686 2684 838 2733 lector3
871 2682 976 2722 mihi
996 2691 1102 2722 certe
1123 2697 1205 2722 non
1225 2692 1401 2737 apparet,
1427 2687 1508 2724 nisi
1530 2699 1625 2725 eum
1643 2685 1693 2724 de

141 2761 248 2788 nova
268 2748 489 2788 Academia
510 2751 636 2791 fuisse
655 2754 960 2806 Arcesilamque
981 2759 1186 2803 secutum,
1213 2750 1295 2809 (2)
1323 2753 1429 2793 nihil
1452 2761 1559 2794 certo
1581 2769 1693 2794 asse-

142 2819 272 2856 ruisse
287 2817 541 2870 Judicemus:
567 2833 647 2874 qua
667 2822 711 2858 in
733 2823 924 2873 opinione
946 2835 1041 2860 eum
1056 2823 1279 2873 pugnantia
1291 2821 1422 2861 dicere
1442 2837 1606 2862 necesse
1620 2831 1691 2871 est,

141 2892 189 2924 ut
209 2887 279 2939 qui
302 2887 346 2924 in
364 2888 518 2928 nullius
535 2890 718 2942 magistri
737 2891 859 2928 verba
873 2891 1008 2942 jurare
1034 2903 1078 2929 se
1100 2890 1258 2929 scribat.
1269 2892 1295 2912 ‘⁶
1351 2893 1527 2931 Rursum
1558 2893 1693 2930 Hein-

143 2955 227 2992 sius
254 2956 426 2994 Poetam
453 2957 498 2995 in
533 2958 584 2997 iis
617 2960 816 2998 eclecticis
848 2960 988 3011 ponit,
1034 2971 1207 3012 quorum
1245 2959 1332 2999 dux
1363 2962 1486 3000 fuerit
1522 2963 1692 3000 Potamo
