<?xml version="1.0" encoding="UTF-8"?>
<!DOCTYPE html PUBLIC "-//W3C//DTD XHTML 1.0 Transitional//EN"
    "http://www.w3.org/TR/xhtml1/DTD/xhtml1-transitional.dtd">
<html xmlns="http://www.w3.org/1999/xhtml" xml:lang="en" lang="en">
 <head>
  <title>
</title>
<meta http-equiv="Content-Type" content="text/html;charset=utf-8" />
  <meta name='ocr-system' content='tesseract 3.04.00' />
  <meta name='ocr-capabilities' content='ocr_page ocr_carea ocr_par ocr_line ocrx_word'/>
</head>
<body>
  <div class='ocr_page' id='page_1' title='image "./epistolascomment01horauoft_0164.png"; bbox 0 0 2028 3268; ppageno 0'>
   <div class='ocr_carea' id='block_1_1' title="bbox 313 240 1834 288">
    <p class='ocr_par' dir='ltr' id='par_1_1' title="bbox 313 240 1834 288">
     <span class='ocr_line' id='line_1_1' title="bbox 313 240 1834 288; baseline 0.003 -7"><span class='ocrx_word' id='word_1_1' title='bbox 313 240 394 282; x_wconf 82' lang='grc'>138</span> <span class='ocrx_word' id='word_1_2' title='bbox 424 243 790 282; x_wconf 85' lang='lat' dir='ltr'><strong>COMMENTARII</strong></span> <span class='ocrx_word' id='word_1_3' title='bbox 816 245 868 280; x_wconf 89' lang='lat' dir='ltr'>IN</span> <span class='ocrx_word' id='word_1_4' title='bbox 895 243 1112 280; x_wconf 89' lang='lat' dir='ltr'><strong>HORATII</strong></span> <span class='ocrx_word' id='word_1_5' title='bbox 1136 242 1308 281; x_wconf 84' lang='lat' dir='ltr'><strong>EPIST.</strong></span> <span class='ocrx_word' id='word_1_6' title='bbox 1330 242 1544 282; x_wconf 83' lang='lat' dir='ltr'><strong>SECUND.</strong></span> <span class='ocrx_word' id='word_1_7' title='bbox 1572 246 1671 282; x_wconf 87' lang='lat' dir='ltr'><strong>LIB.</strong></span> <span class='ocrx_word' id='word_1_8' title='bbox 1691 246 1724 282; x_wconf 86' lang='lat'>1.</span> <span class='ocrx_word' id='word_1_9' title='bbox 1780 247 1834 288; x_wconf 87' lang='lat'>32</span> 
     </span>
    </p>
   </div>
   <div class='ocr_carea' id='block_1_2' title="bbox 306 351 1838 2879">
    <p class='ocr_par' dir='ltr' id='par_1_2' title="bbox 306 351 1838 2879">
     <span class='ocr_line' id='line_1_2' title="bbox 312 351 1838 405; baseline 0.001 -13"><span class='ocrx_word' id='word_1_10' title='bbox 312 367 399 392; x_wconf 86' lang='lat' dir='ltr'>sese</span> <span class='ocrx_word' id='word_1_11' title='bbox 428 351 662 394; x_wconf 82' lang='lat' dir='ltr'>exercendO.</span> <span class='ocrx_word' id='word_1_12' title='bbox 719 351 818 393; x_wconf 86' lang='lat' dir='ltr'><strong>Vide</strong></span> <span class='ocrx_word' id='word_1_13' title='bbox 843 352 1048 393; x_wconf 82' lang='lat' dir='ltr'>Wieland.</span> <span class='ocrx_word' id='word_1_14' title='bbox 1077 352 1127 390; x_wconf 87' lang='lat' dir='ltr'>ad</span> <span class='ocrx_word' id='word_1_15' title='bbox 1151 351 1190 391; x_wconf 90' lang='lat' dir='ltr'>h.</span> <span class='ocrx_word' id='word_1_16' title='bbox 1209 354 1237 391; x_wconf 93' lang='lat' dir='ltr'>l.</span> <span class='ocrx_word' id='word_1_17' title='bbox 1262 359 1301 391; x_wconf 86' lang='lat' dir='ltr'>et</span> <span class='ocrx_word' id='word_1_18' title='bbox 1320 365 1418 405; x_wconf 90' lang='lat' dir='ltr'>quos</span> <span class='ocrx_word' id='word_1_19' title='bbox 1438 352 1513 392; x_wconf 87' lang='lat' dir='ltr'>hac</span> <span class='ocrx_word' id='word_1_20' title='bbox 1533 354 1582 393; x_wconf 86' lang='lat' dir='ltr'>de</span> <span class='ocrx_word' id='word_1_21' title='bbox 1605 369 1647 393; x_wconf 88' lang='lat' dir='ltr'>re</span> <span class='ocrx_word' id='word_1_22' title='bbox 1671 354 1838 394; x_wconf 80' lang='lat' dir='ltr'>laudant</span> 
     </span>
     <span class='ocr_line' id='line_1_3' title="bbox 310 419 1836 472; baseline 0.001 -14"><span class='ocrx_word' id='word_1_23' title='bbox 310 422 483 472; x_wconf 85' lang='lat' dir='ltr'>interpp.</span> <span class='ocrx_word' id='word_1_24' title='bbox 511 421 561 459; x_wconf 88' lang='lat' dir='ltr'>ad</span> <span class='ocrx_word' id='word_1_25' title='bbox 588 423 746 458; x_wconf 88' lang='lat' dir='ltr'>Petron.</span> <span class='ocrx_word' id='word_1_26' title='bbox 785 433 819 461; x_wconf 86' lang='lat' dir='ltr'>c.</span> <span class='ocrx_word' id='word_1_27' title='bbox 853 421 902 469; x_wconf 88' lang='lat'>1.,</span> <span class='ocrx_word' id='word_1_28' title='bbox 932 422 1096 460; x_wconf 85' lang='lat' dir='ltr'>Cresoll.</span> <span class='ocrx_word' id='word_1_29' title='bbox 1128 419 1290 458; x_wconf 85' lang='lat' dir='ltr'>Theatr.</span> <span class='ocrx_word' id='word_1_30' title='bbox 1315 419 1430 463; x_wconf 81' lang='lat' dir='ltr'>Rhet.</span> <span class='ocrx_word' id='word_1_31' title='bbox 1452 419 1491 470; x_wconf 85' lang='lat'>4,</span> <span class='ocrx_word' id='word_1_32' title='bbox 1523 423 1574 471; x_wconf 89' lang='lat'>6.,</span> <span class='ocrx_word' id='word_1_33' title='bbox 1603 425 1776 464; x_wconf 84' lang='lat' dir='ltr'>Masson.</span> <span class='ocrx_word' id='word_1_34' title='bbox 1792 425 1836 460; x_wconf 88' lang='lat' dir='ltr'>in</span> 
     </span>
     <span class='ocr_line' id='line_1_4' title="bbox 309 486 1837 541; baseline 0.001 -17"><span class='ocrx_word' id='word_1_35' title='bbox 309 488 390 525; x_wconf 81' lang='lat' dir='ltr'>vit.</span> <span class='ocrx_word' id='word_1_36' title='bbox 411 490 508 525; x_wconf 88' lang='lat' dir='ltr'>Hor.</span> <span class='ocrx_word' id='word_1_37' title='bbox 540 501 578 537; x_wconf 89' lang='lat' dir='ltr'>p.</span> <span class='ocrx_word' id='word_1_38' title='bbox 603 488 711 534; x_wconf 70' lang='lat'>262„</span> <span class='ocrx_word' id='word_1_39' title='bbox 736 488 890 524; x_wconf 88' lang='lat' dir='ltr'>Ernest.</span> <span class='ocrx_word' id='word_1_40' title='bbox 917 489 1054 528; x_wconf 84' lang='lat' dir='ltr'>Lexic.</span> <span class='ocrx_word' id='word_1_41' title='bbox 1079 486 1210 525; x_wconf 89' lang='lat' dir='ltr'>techn.</span> <span class='ocrx_word' id='word_1_42' title='bbox 1227 488 1294 525; x_wconf 69' lang='lat' dir='ltr'>lat.</span> <span class='ocrx_word' id='word_1_43' title='bbox 1315 501 1352 538; x_wconf 89' lang='lat' dir='ltr'>p.</span> <span class='ocrx_word' id='word_1_44' title='bbox 1371 488 1478 536; x_wconf 64' lang='lat'>102„</span> <span class='ocrx_word' id='word_1_45' title='bbox 1496 491 1658 541; x_wconf 86' lang='lat' dir='ltr'>Rupert.</span> <span class='ocrx_word' id='word_1_46' title='bbox 1680 489 1731 527; x_wconf 86' lang='lat' dir='ltr'>ad</span> <span class='ocrx_word' id='word_1_47' title='bbox 1748 492 1837 531; x_wconf 79' lang='lat' dir='ltr'>Iuv.</span> 
     </span>
     <span class='ocr_line' id='line_1_5' title="bbox 310 552 1836 605; baseline -0.001 -12"><span class='ocrx_word' id='word_1_48' title='bbox 310 555 351 601; x_wconf 90' lang='lat'>7,</span> <span class='ocrx_word' id='word_1_49' title='bbox 385 554 478 601; x_wconf 87' lang='lat'>150,</span> <span class='ocrx_word' id='word_1_50' title='bbox 524 554 633 601; x_wconf 68' lang='lat'><strong>173„</strong></span> <span class='ocrx_word' id='word_1_51' title='bbox 662 552 837 591; x_wconf 83' lang='lat' dir='ltr'><strong>Ellendt.</strong></span> <span class='ocrx_word' id='word_1_52' title='bbox 867 552 918 590; x_wconf 85' lang='lat' dir='ltr'>ad</span> <span class='ocrx_word' id='word_1_53' title='bbox 946 554 1025 593; x_wconf 89' lang='lat' dir='ltr'>Cic.</span> <span class='ocrx_word' id='word_1_54' title='bbox 1057 557 1166 592; x_wconf 78' lang='lat' dir='ltr'>Brut.</span> <span class='ocrx_word' id='word_1_55' title='bbox 1192 567 1230 605; x_wconf 88' lang='lat' dir='ltr'>p.</span> <span class='ocrx_word' id='word_1_56' title='bbox 1254 555 1521 604; x_wconf 83' lang='lat' dir='ltr'><strong>LXXXVIII.‚</strong></span> <span class='ocrx_word' id='word_1_57' title='bbox 1559 555 1758 596; x_wconf 90' lang='lat' dir='ltr'>Schaefer.</span> <span class='ocrx_word' id='word_1_58' title='bbox 1792 557 1836 593; x_wconf 89' lang='lat' dir='ltr'>in</span> 
     </span>
     <span class='ocr_line' id='line_1_6' title="bbox 309 621 1835 674; baseline 0.003 -18"><span class='ocrx_word' id='word_1_59' title='bbox 309 621 414 658; x_wconf 88' lang='lat' dir='ltr'>Plin.</span> <span class='ocrx_word' id='word_1_60' title='bbox 443 621 528 670; x_wconf 89' lang='lat' dir='ltr'>jun.</span> <span class='ocrx_word' id='word_1_61' title='bbox 562 621 670 668; x_wconf 88' lang='lat' dir='ltr'>Vita,</span> <span class='ocrx_word' id='word_1_62' title='bbox 702 633 823 672; x_wconf 88' lang='lat' dir='ltr'>quam</span> <span class='ocrx_word' id='word_1_63' title='bbox 842 621 1014 658; x_wconf 83' lang='lat' dir='ltr'>versioni</span> <span class='ocrx_word' id='word_1_64' title='bbox 1034 622 1303 672; x_wconf 86' lang='lat' dir='ltr'>Epistolarum</span> <span class='ocrx_word' id='word_1_65' title='bbox 1327 621 1478 659; x_wconf 83' lang='lat' dir='ltr'>addidit</span> <span class='ocrx_word' id='word_1_66' title='bbox 1497 625 1527 662; x_wconf 86' lang='lat'>1.</span> <span class='ocrx_word' id='word_1_67' title='bbox 1549 636 1591 674; x_wconf 88' lang='lat' dir='ltr'>p.</span> <span class='ocrx_word' id='word_1_68' title='bbox 1609 625 1750 663; x_wconf 80' lang='lat' dir='ltr'><strong>XLVI.</strong></span> <span class='ocrx_word' id='word_1_69' title='bbox 1773 622 1835 661; x_wconf 87' lang='lat' dir='ltr'>ed.</span> 
     </span>
     <span class='ocr_line' id='line_1_7' title="bbox 310 685 1837 738; baseline 0.001 -13"><span class='ocrx_word' id='word_1_70' title='bbox 310 685 485 734; x_wconf 67' lang='lat' dir='ltr'>secund„</span> <span class='ocrx_word' id='word_1_71' title='bbox 514 687 696 737; x_wconf 86' lang='lat' dir='ltr'>interprr.</span> <span class='ocrx_word' id='word_1_72' title='bbox 719 685 770 723; x_wconf 90' lang='lat' dir='ltr'>ad</span> <span class='ocrx_word' id='word_1_73' title='bbox 789 688 943 733; x_wconf 78' lang='lat' dir='ltr'>Quinct.</span> <span class='ocrx_word' id='word_1_74' title='bbox 965 690 1058 727; x_wconf 79' lang='lat' dir='ltr'>lust.</span> <span class='ocrx_word' id='word_1_75' title='bbox 1086 690 1150 735; x_wconf 91' lang='lat'>10,</span> <span class='ocrx_word' id='word_1_76' title='bbox 1170 689 1208 736; x_wconf 86' lang='lat'>5,</span> <span class='ocrx_word' id='word_1_77' title='bbox 1233 686 1298 728; x_wconf 85' lang='lat'>14.</span> <span class='ocrx_word' id='word_1_78' title='bbox 1323 695 1362 726; x_wconf 84' lang='lat' dir='ltr'>et</span> <span class='ocrx_word' id='word_1_79' title='bbox 1381 690 1504 728; x_wconf 88' lang='lat' dir='ltr'>Jacob</span> <span class='ocrx_word' id='word_1_80' title='bbox 1524 690 1566 726; x_wconf 85' lang='lat' dir='ltr'>in</span> <span class='ocrx_word' id='word_1_81' title='bbox 1589 688 1837 738; x_wconf 83' lang='lat' dir='ltr'>„Charakte-</span> 
     </span>
     <span class='ocr_line' id='line_1_8' title="bbox 309 751 1836 807; baseline 0.001 -17"><span class='ocrx_word' id='word_1_82' title='bbox 309 752 426 790; x_wconf 88' lang='lat' dir='ltr'>ristik</span> <span class='ocrx_word' id='word_1_83' title='bbox 443 753 641 790; x_wconf 85' lang='lat' dir='ltr'>Lucians“</span> <span class='ocrx_word' id='word_1_84' title='bbox 665 766 706 804; x_wconf 88' lang='lat' dir='ltr'>p.</span> <span class='ocrx_word' id='word_1_85' title='bbox 730 751 797 795; x_wconf 83' lang='grc'>94.</span> <span class='ocrx_word' id='word_1_86' title='bbox 817 755 864 793; x_wconf 89' lang='grc' dir='ltr'>Ν.</span> <span class='ocrx_word' id='word_1_87' title='bbox 886 754 949 794; x_wconf 88' lang='grc'>18.</span> <span class='ocrx_word' id='word_1_88' title='bbox 1007 756 1109 791; x_wconf 89' lang='lat' dir='ltr'>Hinc</span> <span class='ocrx_word' id='word_1_89' title='bbox 1128 756 1359 805; x_wconf 85' lang='lat' dir='ltr'><strong>longissime</strong></span> <span class='ocrx_word' id='word_1_90' title='bbox 1382 769 1410 792; x_wconf 82' lang='lat' dir='ltr'><em>a</em></span> <span class='ocrx_word' id='word_1_91' title='bbox 1427 769 1515 793; x_wconf 71' lang='lat' dir='ltr'>vero</span> <span class='ocrx_word' id='word_1_92' title='bbox 1533 754 1744 802; x_wconf 82' lang='lat' dir='ltr'>aberrant,</span> <span class='ocrx_word' id='word_1_93' title='bbox 1766 757 1836 807; x_wconf 89' lang='lat' dir='ltr'>qui</span> 
     </span>
     <span class='ocr_line' id='line_1_9' title="bbox 310 818 1834 874; baseline 0.001 -17"><span class='ocrx_word' id='word_1_94' title='bbox 310 833 402 857; x_wconf 88' lang='lat' dir='ltr'>cum</span> <span class='ocrx_word' id='word_1_95' title='bbox 429 820 596 857; x_wconf 89' lang='lat' dir='ltr'>Dacerio</span> <span class='ocrx_word' id='word_1_96' title='bbox 621 818 700 858; x_wconf 87' lang='lat' dir='ltr'>hoc</span> <span class='ocrx_word' id='word_1_97' title='bbox 725 821 844 858; x_wconf 84' lang='lat' dir='ltr'>verbo</span> <span class='ocrx_word' id='word_1_98' title='bbox 877 834 1032 858; x_wconf 77' lang='lat' dir='ltr'>reorum</span> <span class='ocrx_word' id='word_1_99' title='bbox 1059 835 1202 858; x_wconf 76' lang='lat' dir='ltr'>causas</span> <span class='ocrx_word' id='word_1_100' title='bbox 1221 835 1338 872; x_wconf 78' lang='lat' dir='ltr'>agere</span> <span class='ocrx_word' id='word_1_101' title='bbox 1366 822 1591 873; x_wconf 68' lang='lat' dir='ltr'>signficari</span> <span class='ocrx_word' id='word_1_102' title='bbox 1611 823 1834 874; x_wconf 83' lang='lat' dir='ltr'><strong>opinantur,</strong></span> 
     </span>
     <span class='ocr_line' id='line_1_10' title="bbox 307 887 1834 939; baseline 0.002 -16"><span class='ocrx_word' id='word_1_103' title='bbox 307 900 383 924; x_wconf 86' lang='lat' dir='ltr'>nec</span> <span class='ocrx_word' id='word_1_104' title='bbox 411 888 543 923; x_wconf 86' lang='lat' dir='ltr'>miuus</span> <span class='ocrx_word' id='word_1_105' title='bbox 572 887 623 935; x_wconf 90' lang='lat' dir='ltr'>ii,</span> <span class='ocrx_word' id='word_1_106' title='bbox 663 888 732 939; x_wconf 88' lang='lat' dir='ltr'>qui</span> <span class='ocrx_word' id='word_1_107' title='bbox 761 900 852 924; x_wconf 91' lang='lat' dir='ltr'>cum</span> <span class='ocrx_word' id='word_1_108' title='bbox 876 889 1086 926; x_wconf 86' lang='lat' dir='ltr'>Torrentio</span> <span class='ocrx_word' id='word_1_109' title='bbox 1115 889 1337 925; x_wconf 83' lang='lat' dir='ltr'><em>declamare</em></span> <span class='ocrx_word' id='word_1_110' title='bbox 1373 888 1423 926; x_wconf 89' lang='lat' dir='ltr'>ad</span> <span class='ocrx_word' id='word_1_111' title='bbox 1455 888 1647 926; x_wconf 90' lang='lat' dir='ltr'>recitandi</span> <span class='ocrx_word' id='word_1_112' title='bbox 1669 901 1834 937; x_wconf 80' lang='lat' dir='ltr'>morem,</span> 
     </span>
     <span class='ocr_line' id='line_1_11' title="bbox 309 955 1835 1005; baseline 0.001 -14"><span class='ocrx_word' id='word_1_113' title='bbox 309 956 468 992; x_wconf 84' lang='lat' dir='ltr'>aestivis</span> <span class='ocrx_word' id='word_1_114' title='bbox 501 955 711 1005; x_wconf 83' lang='lat' dir='ltr'>praecipue</span> <span class='ocrx_word' id='word_1_115' title='bbox 751 956 955 992; x_wconf 84' lang='lat' dir='ltr'>mensibus</span> <span class='ocrx_word' id='word_1_116' title='bbox 980 957 1130 994; x_wconf 87' lang='lat' dir='ltr'>Romae</span> <span class='ocrx_word' id='word_1_117' title='bbox 1168 957 1385 1004; x_wconf 86' lang='lat' dir='ltr'><strong>celebrem,</strong></span> <span class='ocrx_word' id='word_1_118' title='bbox 1419 957 1617 1004; x_wconf 82' lang='lat' dir='ltr'>referunt,</span> <span class='ocrx_word' id='word_1_119' title='bbox 1652 956 1718 994; x_wconf 78' lang='lat' dir='ltr'>vel</span> <span class='ocrx_word' id='word_1_120' title='bbox 1743 967 1835 992; x_wconf 88' lang='lat' dir='ltr'>cum</span> 
     </span>
     <span class='ocr_line' id='line_1_12' title="bbox 309 1017 1836 1074; baseline 0.001 -15"><span class='ocrx_word' id='word_1_121' title='bbox 309 1019 541 1059; x_wconf 86' lang='lat' dir='ltr'>Schirachio</span> <span class='ocrx_word' id='word_1_122' title='bbox 570 1017 701 1073; x_wconf 84' lang='lat' dir='ltr'>(Clav.</span> <span class='ocrx_word' id='word_1_123' title='bbox 722 1022 815 1061; x_wconf 87' lang='lat' dir='ltr'>Hor.</span> <span class='ocrx_word' id='word_1_124' title='bbox 844 1033 885 1072; x_wconf 80' lang='lat' dir='ltr'>p.</span> <span class='ocrx_word' id='word_1_125' title='bbox 914 1018 1000 1074; x_wconf 85' lang='lat'><strong>91.)</strong></span> <span class='ocrx_word' id='word_1_126' title='bbox 1030 1024 1390 1073; x_wconf 78' lang='lat' dir='ltr'>pronuntiationem</span> <span class='ocrx_word' id='word_1_127' title='bbox 1418 1024 1647 1073; x_wconf 86' lang='lat' dir='ltr'>intelligunt</span> <span class='ocrx_word' id='word_1_128' title='bbox 1665 1021 1836 1060; x_wconf 82' lang='lat' dir='ltr'>rhetori-</span> 
     </span>
     <span class='ocr_line' id='line_1_13' title="bbox 309 1087 1835 1140; baseline 0.002 -16"><span class='ocrx_word' id='word_1_129' title='bbox 309 1101 398 1125; x_wconf 87' lang='lat' dir='ltr'>cam</span> <span class='ocrx_word' id='word_1_130' title='bbox 423 1101 454 1125; x_wconf 88' lang='lat' dir='ltr'>s.</span> <span class='ocrx_word' id='word_1_131' title='bbox 478 1087 542 1135; x_wconf 89' lang='lat' dir='ltr'>id,</span> <span class='ocrx_word' id='word_1_132' title='bbox 573 1087 680 1139; x_wconf 88' lang='lat' dir='ltr'>quod</span> <span class='ocrx_word' id='word_1_133' title='bbox 700 1101 772 1126; x_wconf 87' lang='lat' dir='ltr'>nos</span> <span class='ocrx_word' id='word_1_134' title='bbox 802 1087 1096 1136; x_wconf 87' lang='lat' dir='ltr'>„declamiren“</span> <span class='ocrx_word' id='word_1_135' title='bbox 1129 1087 1309 1127; x_wconf 87' lang='lat' dir='ltr'>dicimus.</span> <span class='ocrx_word' id='word_1_136' title='bbox 1369 1090 1509 1127; x_wconf 84' lang='lat' dir='ltr'>Simile</span> <span class='ocrx_word' id='word_1_137' title='bbox 1541 1089 1637 1140; x_wconf 91' lang='lat' dir='ltr'>quid</span> <span class='ocrx_word' id='word_1_138' title='bbox 1666 1091 1835 1128; x_wconf 83' lang='lat' dir='ltr'>sensisse</span> 
     </span>
     <span class='ocr_line' id='line_1_14' title="bbox 307 1153 1836 1207; baseline 0.001 -16"><span class='ocrx_word' id='word_1_139' title='bbox 307 1154 465 1192; x_wconf 80' lang='lat' dir='ltr'>videtur</span> <span class='ocrx_word' id='word_1_140' title='bbox 484 1156 721 1204; x_wconf 83' lang='lat' dir='ltr'>Doeringius</span> <span class='ocrx_word' id='word_1_141' title='bbox 750 1155 792 1190; x_wconf 88' lang='lat' dir='ltr'>in</span> <span class='ocrx_word' id='word_1_142' title='bbox 813 1153 873 1191; x_wconf 88' lang='lat' dir='ltr'>ed.</span> <span class='ocrx_word' id='word_1_143' title='bbox 897 1156 994 1193; x_wconf 91' lang='lat' dir='ltr'>min.</span> <span class='ocrx_word' id='word_1_144' title='bbox 1051 1157 1110 1192; x_wconf 89' lang='lat' dir='ltr'>De</span> <span class='ocrx_word' id='word_1_145' title='bbox 1135 1157 1279 1193; x_wconf 87' lang='lat' dir='ltr'>talibus</span> <span class='ocrx_word' id='word_1_146' title='bbox 1298 1169 1511 1207; x_wconf 87' lang='lat' dir='ltr'>puerorum</span> <span class='ocrx_word' id='word_1_147' title='bbox 1536 1155 1836 1194; x_wconf 87' lang='lat' dir='ltr'>declamationi-</span> 
     </span>
     <span class='ocr_line' id='line_1_15' title="bbox 307 1220 1835 1270; baseline 0.001 -11"><span class='ocrx_word' id='word_1_148' title='bbox 307 1222 382 1260; x_wconf 87' lang='lat' dir='ltr'>bus</span> <span class='ocrx_word' id='word_1_149' title='bbox 403 1221 506 1259; x_wconf 83' lang='lat' dir='ltr'>dixit</span> <span class='ocrx_word' id='word_1_150' title='bbox 525 1221 712 1259; x_wconf 85' lang='lat' dir='ltr'>Hauthal.</span> <span class='ocrx_word' id='word_1_151' title='bbox 732 1220 783 1258; x_wconf 88' lang='lat' dir='ltr'>ad</span> <span class='ocrx_word' id='word_1_152' title='bbox 807 1223 916 1260; x_wconf 87' lang='lat' dir='ltr'>Pers.</span> <span class='ocrx_word' id='word_1_153' title='bbox 931 1223 971 1270; x_wconf 88' lang='lat'>3,</span> <span class='ocrx_word' id='word_1_154' title='bbox 991 1220 1058 1263; x_wconf 84' lang='lat'>46.</span> <span class='ocrx_word' id='word_1_155' title='bbox 1114 1225 1161 1260; x_wconf 89' lang='lat' dir='ltr'>In</span> <span class='ocrx_word' id='word_1_156' title='bbox 1181 1221 1288 1260; x_wconf 87' lang='lat' dir='ltr'>hunc</span> <span class='ocrx_word' id='word_1_157' title='bbox 1308 1223 1390 1260; x_wconf 85' lang='lat' dir='ltr'>fere</span> <span class='ocrx_word' id='word_1_158' title='bbox 1417 1235 1578 1260; x_wconf 89' lang='lat' dir='ltr'>sensum</span> <span class='ocrx_word' id='word_1_159' title='bbox 1594 1225 1712 1261; x_wconf 85' lang='lat' dir='ltr'>vertit</span> <span class='ocrx_word' id='word_1_160' title='bbox 1731 1224 1835 1260; x_wconf 77' lang='lat' dir='ltr'>Des-</span> 
     </span>
     <span class='ocr_line' id='line_1_16' title="bbox 307 1289 1834 1341; baseline 0.002 -15"><span class='ocrx_word' id='word_1_161' title='bbox 307 1290 463 1340; x_wconf 88' lang='lat' dir='ltr'>prezius</span> <span class='ocrx_word' id='word_1_162' title='bbox 486 1290 586 1327; x_wconf 90' lang='lat' dir='ltr'>miro</span> <span class='ocrx_word' id='word_1_163' title='bbox 608 1289 804 1328; x_wconf 84' lang='lat' dir='ltr'>obnoxius</span> <span class='ocrx_word' id='word_1_164' title='bbox 825 1290 967 1326; x_wconf 89' lang='lat' dir='ltr'>errori:</span> <span class='ocrx_word' id='word_1_165' title='bbox 997 1290 1130 1337; x_wconf 89' lang='lat' dir='ltr'>„Dum</span> <span class='ocrx_word' id='word_1_166' title='bbox 1152 1296 1199 1327; x_wconf 84' lang='lat' dir='ltr'>tu.</span> <span class='ocrx_word' id='word_1_167' title='bbox 1213 1312 1265 1318; x_wconf 93' lang='lat'><strong>—</strong></span> <span class='ocrx_word' id='word_1_168' title='bbox 1283 1292 1430 1327; x_wconf 87' lang='lat' dir='ltr'>Romae</span> <span class='ocrx_word' id='word_1_169' title='bbox 1445 1291 1583 1327; x_wconf 83' lang='lat' dir='ltr'>recitas</span> <span class='ocrx_word' id='word_1_170' title='bbox 1605 1291 1834 1341; x_wconf 84' lang='lat' dir='ltr'>scriptorem</span> 
     </span>
     <span class='ocr_line' id='line_1_17' title="bbox 306 1355 1836 1407; baseline -0.001 -14"><span class='ocrx_word' id='word_1_171' title='bbox 306 1356 407 1393; x_wconf 89' lang='lat' dir='ltr'>belli</span> <span class='ocrx_word' id='word_1_172' title='bbox 436 1357 612 1406; x_wconf 88' lang='lat' dir='ltr'>Trojani,</span> <span class='ocrx_word' id='word_1_173' title='bbox 647 1369 720 1407; x_wconf 86' lang='lat' dir='ltr'>ego</span> <span class='ocrx_word' id='word_1_174' title='bbox 746 1355 853 1393; x_wconf 85' lang='lat' dir='ltr'>huuc</span> <span class='ocrx_word' id='word_1_175' title='bbox 878 1357 1069 1395; x_wconf 80' lang='lat' dir='ltr'>revolvi.“</span> <span class='ocrx_word' id='word_1_176' title='bbox 1125 1358 1185 1394; x_wconf 83' lang='lat' dir='ltr'>Ita</span> <span class='ocrx_word' id='word_1_177' title='bbox 1214 1357 1332 1394; x_wconf 86' lang='lat' dir='ltr'>etiam</span> <span class='ocrx_word' id='word_1_178' title='bbox 1350 1355 1456 1394; x_wconf 89' lang='lat' dir='ltr'>hunc</span> <span class='ocrx_word' id='word_1_179' title='bbox 1481 1358 1616 1394; x_wconf 90' lang='lat' dir='ltr'>locum</span> <span class='ocrx_word' id='word_1_180' title='bbox 1640 1358 1836 1407; x_wconf 85' lang='lat' dir='ltr'>iuterpre-</span> 
     </span>
     <span class='ocr_line' id='line_1_18' title="bbox 306 1422 1837 1474; baseline 0 -14"><span class='ocrx_word' id='word_1_181' title='bbox 306 1424 380 1460; x_wconf 81' lang='lat' dir='ltr'>tati</span> <span class='ocrx_word' id='word_1_182' title='bbox 410 1430 502 1460; x_wconf 82' lang='lat' dir='ltr'>sunt</span> <span class='ocrx_word' id='word_1_183' title='bbox 526 1423 731 1462; x_wconf 85' lang='lat' dir='ltr'>Rodellius</span> <span class='ocrx_word' id='word_1_184' title='bbox 755 1431 795 1462; x_wconf 84' lang='lat' dir='ltr'>et</span> <span class='ocrx_word' id='word_1_185' title='bbox 817 1426 1002 1472; x_wconf 81' lang='lat' dir='ltr'>Prateus3</span> <span class='ocrx_word' id='word_1_186' title='bbox 1043 1422 1112 1461; x_wconf 89' lang='lat' dir='ltr'>sed</span> <span class='ocrx_word' id='word_1_187' title='bbox 1136 1425 1236 1461; x_wconf 90' lang='lat' dir='ltr'>bene</span> <span class='ocrx_word' id='word_1_188' title='bbox 1265 1430 1399 1461; x_wconf 88' lang='lat' dir='ltr'>contra</span> <span class='ocrx_word' id='word_1_189' title='bbox 1426 1436 1492 1461; x_wconf 90' lang='lat' dir='ltr'>eos</span> <span class='ocrx_word' id='word_1_190' title='bbox 1529 1422 1702 1474; x_wconf 87' lang='lat' dir='ltr'>disputat</span> <span class='ocrx_word' id='word_1_191' title='bbox 1726 1424 1837 1460; x_wconf 85' lang='lat' dir='ltr'>Mas-</span> 
     </span>
     <span class='ocr_line' id='line_1_19' title="bbox 307 1489 1837 1543; baseline -0.001 -15"><span class='ocrx_word' id='word_1_192' title='bbox 307 1503 393 1531; x_wconf 88' lang='lat' dir='ltr'>sou.</span> <span class='ocrx_word' id='word_1_193' title='bbox 414 1505 454 1542; x_wconf 88' lang='lat' dir='ltr'>p.</span> <span class='ocrx_word' id='word_1_194' title='bbox 473 1489 566 1531; x_wconf 77' lang='lat'><strong>264.</strong></span> <span class='ocrx_word' id='word_1_195' title='bbox 623 1493 786 1529; x_wconf 78' lang='lat' dir='ltr'>Nostrae</span> <span class='ocrx_word' id='word_1_196' title='bbox 810 1492 1066 1543; x_wconf 84' lang='lat' dir='ltr'>explicationi</span> <span class='ocrx_word' id='word_1_197' title='bbox 1089 1492 1358 1542; x_wconf 84' lang='lat' dir='ltr'>patrocinatur</span> <span class='ocrx_word' id='word_1_198' title='bbox 1377 1489 1511 1532; x_wconf 89' lang='lat' dir='ltr'>Schol.</span> <span class='ocrx_word' id='word_1_199' title='bbox 1534 1491 1650 1542; x_wconf 86' lang='lat' dir='ltr'>Cruq.</span> <span class='ocrx_word' id='word_1_200' title='bbox 1705 1493 1837 1536; x_wconf 82' lang='lat' dir='ltr'>Quum</span> 
     </span>
     <span class='ocr_line' id='line_1_20' title="bbox 306 1556 1834 1608; baseline -0.001 -14"><span class='ocrx_word' id='word_1_201' title='bbox 306 1556 500 1595; x_wconf 85' lang='lat' dir='ltr'>Rhetores</span> <span class='ocrx_word' id='word_1_202' title='bbox 534 1559 630 1595; x_wconf 88' lang='lat' dir='ltr'>istos</span> <span class='ocrx_word' id='word_1_203' title='bbox 659 1571 784 1608; x_wconf 86' lang='lat' dir='ltr'>genus</span> <span class='ocrx_word' id='word_1_204' title='bbox 813 1559 971 1597; x_wconf 88' lang='lat' dir='ltr'>dicendi</span> <span class='ocrx_word' id='word_1_205' title='bbox 1006 1558 1210 1608; x_wconf 83' lang='lat' dir='ltr'>turgidum</span> <span class='ocrx_word' id='word_1_206' title='bbox 1243 1565 1360 1608; x_wconf 89' lang='lat' dir='ltr'>atque</span> <span class='ocrx_word' id='word_1_207' title='bbox 1394 1558 1512 1594; x_wconf 90' lang='lat' dir='ltr'>inane</span> <span class='ocrx_word' id='word_1_208' title='bbox 1547 1569 1834 1608; x_wconf 84' lang='lat' dir='ltr'>nonnunquam</span> 
     </span>
     <span class='ocr_line' id='line_1_21' title="bbox 309 1623 1835 1675; baseline 0.001 -16"><span class='ocrx_word' id='word_1_209' title='bbox 309 1623 513 1660; x_wconf 81' lang='lat' dir='ltr'>affectasse</span> <span class='ocrx_word' id='word_1_210' title='bbox 535 1627 751 1663; x_wconf 85' lang='lat' dir='ltr'>verisimile</span> <span class='ocrx_word' id='word_1_211' title='bbox 779 1628 850 1675; x_wconf 89' lang='lat' dir='ltr'>sit,</span> <span class='ocrx_word' id='word_1_212' title='bbox 880 1626 1124 1664; x_wconf 76' lang='lat' dir='ltr'>Haberfeldt.</span> <span class='ocrx_word' id='word_1_213' title='bbox 1154 1626 1254 1662; x_wconf 90' lang='lat' dir='ltr'>bene</span> <span class='ocrx_word' id='word_1_214' title='bbox 1286 1624 1420 1672; x_wconf 86' lang='lat' dir='ltr'>docet,</span> <span class='ocrx_word' id='word_1_215' title='bbox 1450 1626 1680 1671; x_wconf 87' lang='lat' dir='ltr'>Horatium,</span> <span class='ocrx_word' id='word_1_216' title='bbox 1711 1637 1835 1675; x_wconf 86' lang='lat' dir='ltr'>quum</span> 
     </span>
     <span class='ocr_line' id='line_1_22' title="bbox 310 1689 1836 1740; baseline 0 -14"><span class='ocrx_word' id='word_1_217' title='bbox 310 1690 644 1729; x_wconf 85' lang='lat' dir='ltr'>declamationum</span> <span class='ocrx_word' id='word_1_218' title='bbox 665 1696 910 1730; x_wconf 88' lang='lat' dir='ltr'>mentionem</span> <span class='ocrx_word' id='word_1_219' title='bbox 935 1695 1102 1740; x_wconf 83' lang='lat' dir='ltr'>faceret,</span> <span class='ocrx_word' id='word_1_220' title='bbox 1132 1692 1175 1728; x_wconf 91' lang='lat' dir='ltr'>id</span> <span class='ocrx_word' id='word_1_221' title='bbox 1199 1699 1378 1729; x_wconf 87' lang='lat' dir='ltr'>secutum</span> <span class='ocrx_word' id='word_1_222' title='bbox 1400 1704 1505 1738; x_wconf 88' lang='lat' dir='ltr'>esse,</span> <span class='ocrx_word' id='word_1_223' title='bbox 1529 1697 1573 1727; x_wconf 90' lang='lat' dir='ltr'>ut</span> <span class='ocrx_word' id='word_1_224' title='bbox 1588 1691 1718 1727; x_wconf 88' lang='lat' dir='ltr'>Lollio</span> <span class='ocrx_word' id='word_1_225' title='bbox 1738 1689 1836 1727; x_wconf 86' lang='lat' dir='ltr'>ado-</span> 
     </span>
     <span class='ocr_line' id='line_1_23' title="bbox 307 1755 1834 1811; baseline -0.001 -17"><span class='ocrx_word' id='word_1_226' title='bbox 307 1758 475 1794; x_wconf 81' lang='lat' dir='ltr'>lescenti</span> <span class='ocrx_word' id='word_1_227' title='bbox 494 1759 710 1795; x_wconf 91' lang='lat' dir='ltr'>Homerum</span> <span class='ocrx_word' id='word_1_228' title='bbox 735 1766 926 1811; x_wconf 83' lang='lat' dir='ltr'>tanquam</span> <span class='ocrx_word' id='word_1_229' title='bbox 946 1773 1061 1797; x_wconf 87' lang='lat' dir='ltr'>verae</span> <span class='ocrx_word' id='word_1_230' title='bbox 1086 1761 1334 1811; x_wconf 82' lang='lat' dir='ltr'>eloquentiae</span> <span class='ocrx_word' id='word_1_231' title='bbox 1359 1765 1512 1808; x_wconf 88' lang='lat' dir='ltr'>patrem</span> <span class='ocrx_word' id='word_1_232' title='bbox 1543 1763 1580 1793; x_wconf 87' lang='lat' dir='ltr'>et</span> <span class='ocrx_word' id='word_1_233' title='bbox 1603 1768 1722 1794; x_wconf 85' lang='lat' dir='ltr'>sanae</span> <span class='ocrx_word' id='word_1_234' title='bbox 1740 1755 1834 1807; x_wconf 74' lang='lat' dir='ltr'>phi-</span> 
     </span>
     <span class='ocr_line' id='line_1_24' title="bbox 307 1822 1834 1874; baseline -0.001 -13"><span class='ocrx_word' id='word_1_235' title='bbox 307 1822 514 1874; x_wconf 87' lang='lat' dir='ltr'>losophiae</span> <span class='ocrx_word' id='word_1_236' title='bbox 545 1831 746 1862; x_wconf 84' lang='lat' dir='ltr'>auctorem</span> <span class='ocrx_word' id='word_1_237' title='bbox 777 1827 1081 1864; x_wconf 84' lang='lat' dir='ltr'>commendaret.</span> <span class='ocrx_word' id='word_1_238' title='bbox 1138 1826 1250 1863; x_wconf 90' lang='lat' dir='ltr'>Idem</span> <span class='ocrx_word' id='word_1_239' title='bbox 1279 1827 1360 1862; x_wconf 83' lang='lat' dir='ltr'>fere</span> <span class='ocrx_word' id='word_1_240' title='bbox 1386 1826 1413 1861; x_wconf 56' lang='lat' dir='ltr'>ia</span> <span class='ocrx_word' id='word_1_241' title='bbox 1436 1838 1471 1861; x_wconf 86' lang='lat' dir='ltr'>e.</span> <span class='ocrx_word' id='word_1_242' title='bbox 1493 1823 1741 1860; x_wconf 90' lang='lat' dir='ltr'>declamandi</span> <span class='ocrx_word' id='word_1_243' title='bbox 1760 1836 1834 1860; x_wconf 81' lang='lat' dir='ltr'>ex-</span> 
     </span>
     <span class='ocr_line' id='line_1_25' title="bbox 310 1891 1833 1944; baseline 0 -18"><span class='ocrx_word' id='word_1_244' title='bbox 310 1892 559 1928; x_wconf 85' lang='lat' dir='ltr'>ercitationes</span> <span class='ocrx_word' id='word_1_245' title='bbox 595 1904 618 1928; x_wconf 88' lang='lat' dir='ltr'>a</span> <span class='ocrx_word' id='word_1_246' title='bbox 651 1896 770 1942; x_wconf 71' lang='lat' dir='ltr'>poeta</span> <span class='ocrx_word' id='word_1_247' title='bbox 797 1892 862 1930; x_wconf 87' lang='lat' dir='ltr'>hic</span> <span class='ocrx_word' id='word_1_248' title='bbox 894 1895 1140 1944; x_wconf 68' lang='lat' dir='ltr'>vituperari,</span> <span class='ocrx_word' id='word_1_249' title='bbox 1181 1893 1421 1943; x_wconf 85' lang='lat' dir='ltr'>Homerique</span> <span class='ocrx_word' id='word_1_250' title='bbox 1457 1892 1667 1927; x_wconf 87' lang='lat' dir='ltr'>lectionem</span> <span class='ocrx_word' id='word_1_251' title='bbox 1701 1891 1833 1940; x_wconf 86' lang='lat' dir='ltr'>potius</span> 
     </span>
     <span class='ocr_line' id='line_1_26' title="bbox 309 1957 1835 2008; baseline 0 -14"><span class='ocrx_word' id='word_1_252' title='bbox 309 1957 578 1994; x_wconf 81' lang='lat' dir='ltr'>commendari</span> <span class='ocrx_word' id='word_1_253' title='bbox 598 1961 773 1996; x_wconf 85' lang='lat' dir='ltr'>sentiunt</span> <span class='ocrx_word' id='word_1_254' title='bbox 796 1960 1023 1997; x_wconf 79' lang='lat' dir='ltr'>Schmidius</span> <span class='ocrx_word' id='word_1_255' title='bbox 1042 1967 1080 1997; x_wconf 89' lang='lat' dir='ltr'>et</span> <span class='ocrx_word' id='word_1_256' title='bbox 1098 1959 1271 1996; x_wconf 64' lang='lat' dir='ltr'>Lic&#39;hker.</span> <span class='ocrx_word' id='word_1_257' title='bbox 1307 1961 1347 1996; x_wconf 88' lang='lat' dir='ltr'>in</span> <span class='ocrx_word' id='word_1_258' title='bbox 1367 1961 1504 2008; x_wconf 83' lang='lat' dir='ltr'>Progr.</span> <span class='ocrx_word' id='word_1_259' title='bbox 1522 1969 1532 1994; x_wconf 77' lang='lat' dir='ltr'>t</span> <span class='ocrx_word' id='word_1_260' title='bbox 1562 1971 1632 1994; x_wconf 90' lang='lat' dir='ltr'>zur</span> <span class='ocrx_word' id='word_1_261' title='bbox 1656 1957 1835 1995; x_wconf 77' lang='lat' dir='ltr'>Charak-</span> 
     </span>
     <span class='ocr_line' id='line_1_27' title="bbox 309 2023 1836 2078; baseline 0 -18"><span class='ocrx_word' id='word_1_262' title='bbox 309 2025 457 2060; x_wconf 69' lang='lat' dir='ltr'>tet-istil:</span> <span class='ocrx_word' id='word_1_263' title='bbox 475 2025 542 2060; x_wconf 77' lang='lat' dir='ltr'>cles</span> <span class='ocrx_word' id='word_1_264' title='bbox 560 2026 699 2062; x_wconf 73' lang='lat' dir='ltr'>,Horaz</span> <span class='ocrx_word' id='word_1_265' title='bbox 722 2033 794 2062; x_wconf 87' lang='lat' dir='ltr'>etc.</span> <span class='ocrx_word' id='word_1_266' title='bbox 814 2039 853 2076; x_wconf 85' lang='lat' dir='ltr'>p.</span> <span class='ocrx_word' id='word_1_267' title='bbox 872 2028 911 2074; x_wconf 90' lang='lat'>7,</span> <span class='ocrx_word' id='word_1_268' title='bbox 933 2040 1101 2078; x_wconf 85' lang='lat' dir='ltr'>quorum</span> <span class='ocrx_word' id='word_1_269' title='bbox 1120 2028 1357 2064; x_wconf 79' lang='lat' dir='ltr'>sententiam</span> <span class='ocrx_word' id='word_1_270' title='bbox 1385 2024 1582 2075; x_wconf 84' lang='lat' dir='ltr'>improbat</span> <span class='ocrx_word' id='word_1_271' title='bbox 1601 2024 1669 2061; x_wconf 71' lang='lat' dir='ltr'>Fr.</span> <span class='ocrx_word' id='word_1_272' title='bbox 1692 2023 1836 2061; x_wconf 71' lang='lat' dir='ltr'>Jacobs</span> 
     </span>
     <span class='ocr_line' id='line_1_28' title="bbox 307 2090 1835 2143; baseline 0.001 -17"><span class='ocrx_word' id='word_1_273' title='bbox 307 2091 350 2127; x_wconf 89' lang='lat' dir='ltr'>in</span> <span class='ocrx_word' id='word_1_274' title='bbox 369 2092 493 2127; x_wconf 86' lang='lat' dir='ltr'>literis</span> <span class='ocrx_word' id='word_1_275' title='bbox 515 2090 564 2127; x_wconf 89' lang='lat' dir='ltr'>ad</span> <span class='ocrx_word' id='word_1_276' title='bbox 582 2104 646 2127; x_wconf 91' lang='lat' dir='ltr'>me</span> <span class='ocrx_word' id='word_1_277' title='bbox 665 2090 950 2130; x_wconf 86' lang='lat' dir='ltr'>humanissime</span> <span class='ocrx_word' id='word_1_278' title='bbox 971 2093 1092 2131; x_wconf 79' lang='lat' dir='ltr'>datis:</span> <span class='ocrx_word' id='word_1_279' title='bbox 1125 2095 1330 2142; x_wconf 81' lang='lat' dir='ltr'>„Dixerim</span> <span class='ocrx_word' id='word_1_280' title='bbox 1349 2093 1500 2143; x_wconf 85' lang='lat' dir='ltr'>potius,</span> <span class='ocrx_word' id='word_1_281' title='bbox 1522 2093 1729 2128; x_wconf 87' lang='lat' dir='ltr'>Horatium</span> <span class='ocrx_word' id='word_1_282' title='bbox 1750 2093 1835 2128; x_wconf 91' lang='lat' dir='ltr'>Ho-</span> 
     </span>
     <span class='ocr_line' id='line_1_29' title="bbox 307 2156 1835 2212; baseline 0.001 -18"><span class='ocrx_word' id='word_1_283' title='bbox 307 2159 409 2195; x_wconf 89' lang='lat' dir='ltr'>meri</span> <span class='ocrx_word' id='word_1_284' title='bbox 437 2162 724 2210; x_wconf 69' lang='lat' dir='ltr'>poetarumque</span> <span class='ocrx_word' id='word_1_285' title='bbox 749 2159 926 2196; x_wconf 88' lang='lat' dir='ltr'>studium</span> <span class='ocrx_word' id='word_1_286' title='bbox 954 2174 1046 2197; x_wconf 88' lang='lat' dir='ltr'>cum</span> <span class='ocrx_word' id='word_1_287' title='bbox 1077 2161 1325 2212; x_wconf 84' lang='lat' dir='ltr'>eloquentiae</span> <span class='ocrx_word' id='word_1_288' title='bbox 1356 2157 1486 2195; x_wconf 85' lang='lat' dir='ltr'>studio</span> <span class='ocrx_word' id='word_1_289' title='bbox 1516 2156 1835 2208; x_wconf 80' lang='lat' dir='ltr'>conjungendum</span> 
     </span>
     <span class='ocr_line' id='line_1_30' title="bbox 310 2223 1834 2278; baseline -0.001 -16"><span class='ocrx_word' id='word_1_290' title='bbox 310 2238 395 2262; x_wconf 89' lang='lat' dir='ltr'>esse</span> <span class='ocrx_word' id='word_1_291' title='bbox 425 2225 583 2274; x_wconf 89' lang='lat' dir='ltr'>docere,</span> <span class='ocrx_word' id='word_1_292' title='bbox 613 2226 734 2278; x_wconf 89' lang='lat' dir='ltr'>idque</span> <span class='ocrx_word' id='word_1_293' title='bbox 760 2234 870 2264; x_wconf 88' lang='lat' dir='ltr'>tanto</span> <span class='ocrx_word' id='word_1_294' title='bbox 890 2228 1016 2278; x_wconf 85' lang='lat' dir='ltr'>magis</span> <span class='ocrx_word' id='word_1_295' title='bbox 1039 2235 1186 2278; x_wconf 88' lang='lat' dir='ltr'>quanto</span> <span class='ocrx_word' id='word_1_296' title='bbox 1212 2228 1338 2277; x_wconf 85' lang='lat' dir='ltr'>major</span> <span class='ocrx_word' id='word_1_297' title='bbox 1354 2227 1504 2263; x_wconf 87' lang='lat' dir='ltr'>fructus</span> <span class='ocrx_word' id='word_1_298' title='bbox 1526 2223 1619 2260; x_wconf 87' lang='lat' dir='ltr'>inde</span> <span class='ocrx_word' id='word_1_299' title='bbox 1639 2223 1689 2260; x_wconf 87' lang='lat' dir='ltr'>ad</span> <span class='ocrx_word' id='word_1_300' title='bbox 1710 2225 1834 2261; x_wconf 84' lang='lat' dir='ltr'>vitam</span> 
     </span>
     <span class='ocr_line' id='line_1_31' title="bbox 310 2290 1834 2345; baseline -0.001 -17"><span class='ocrx_word' id='word_1_301' title='bbox 310 2292 601 2330; x_wconf 88' lang='lat' dir='ltr'>emendandam</span> <span class='ocrx_word' id='word_1_302' title='bbox 618 2295 767 2344; x_wconf 84' lang='lat' dir='ltr'>percipi</span> <span class='ocrx_word' id='word_1_303' title='bbox 785 2296 956 2345; x_wconf 89' lang='lat' dir='ltr'>potest.“</span> <span class='ocrx_word' id='word_1_304' title='bbox 1013 2295 1072 2331; x_wconf 78' lang='lat' dir='ltr'>Cf.</span> <span class='ocrx_word' id='word_1_305' title='bbox 1093 2295 1134 2331; x_wconf 91' lang='lat' dir='ltr'>C.</span> <span class='ocrx_word' id='word_1_306' title='bbox 1154 2296 1316 2331; x_wconf 84' lang='lat' dir='ltr'>Passov.</span> <span class='ocrx_word' id='word_1_307' title='bbox 1336 2294 1378 2329; x_wconf 91' lang='lat' dir='ltr'>iu</span> <span class='ocrx_word' id='word_1_308' title='bbox 1393 2290 1526 2328; x_wconf 82' lang='lat' dir='ltr'>Lehen</span> <span class='ocrx_word' id='word_1_309' title='bbox 1545 2290 1631 2327; x_wconf 79' lang='lat' dir='ltr'>und</span> <span class='ocrx_word' id='word_1_310' title='bbox 1647 2291 1834 2327; x_wconf 75' lang='lat' dir='ltr'>Zeitalter</span> 
     </span>
     <span class='ocr_line' id='line_1_32' title="bbox 309 2357 1834 2412; baseline -0.002 -16"><span class='ocrx_word' id='word_1_311' title='bbox 309 2360 377 2396; x_wconf 80' lang='lat' dir='ltr'>des</span> <span class='ocrx_word' id='word_1_312' title='bbox 406 2361 559 2398; x_wconf 83' lang='lat' dir='ltr'>Homz.</span> <span class='ocrx_word' id='word_1_313' title='bbox 599 2363 690 2398; x_wconf 81' lang='lat' dir='ltr'>Not.</span> <span class='ocrx_word' id='word_1_314' title='bbox 719 2360 786 2401; x_wconf 77' lang='lat'>25.</span> <span class='ocrx_word' id='word_1_315' title='bbox 845 2360 1041 2412; x_wconf 82' lang='lat' dir='ltr'>Quicquid</span> <span class='ocrx_word' id='word_1_316' title='bbox 1069 2367 1148 2409; x_wconf 87' lang='lat' dir='ltr'>est,</span> <span class='ocrx_word' id='word_1_317' title='bbox 1171 2373 1320 2410; x_wconf 73' lang='lat' dir='ltr'>parens</span> <span class='ocrx_word' id='word_1_318' title='bbox 1357 2359 1597 2409; x_wconf 74' lang='lat' dir='ltr'>eloquentiae</span> <span class='ocrx_word' id='word_1_319' title='bbox 1624 2357 1736 2394; x_wconf 75' lang='lat' dir='ltr'>Deus</span> <span class='ocrx_word' id='word_1_320' title='bbox 1765 2357 1834 2394; x_wconf 78' lang='lat' dir='ltr'>ille</span> 
     </span>
     <span class='ocr_line' id='line_1_33' title="bbox 310 2423 1832 2478; baseline 0.001 -15"><span class='ocrx_word' id='word_1_321' title='bbox 310 2428 523 2463; x_wconf 72' lang='lat' dir='ltr'>Maeonius</span> <span class='ocrx_word' id='word_1_322' title='bbox 541 2440 563 2464; x_wconf 89' lang='lat' dir='ltr'>a</span> <span class='ocrx_word' id='word_1_323' title='bbox 579 2428 799 2465; x_wconf 88' lang='lat' dir='ltr'>Columella</span> <span class='ocrx_word' id='word_1_324' title='bbox 816 2429 858 2463; x_wconf 90' lang='lat' dir='ltr'>in</span> <span class='ocrx_word' id='word_1_325' title='bbox 876 2428 999 2478; x_wconf 87' lang='lat' dir='ltr'>praes.</span> <span class='ocrx_word' id='word_1_326' title='bbox 1023 2429 1059 2466; x_wconf 91' lang='lat'>1.</span> <span class='ocrx_word' id='word_1_327' title='bbox 1077 2433 1251 2463; x_wconf 76' lang='lat' dir='ltr'>vocatur.</span> <span class='ocrx_word' id='word_1_328' title='bbox 1264 2450 1314 2456; x_wconf 87' lang='lat'>-</span> <span class='ocrx_word' id='word_1_329' title='bbox 1333 2427 1544 2463; x_wconf 74' lang='lat' dir='ltr'>Praeneste</span> <span class='ocrx_word' id='word_1_330' title='bbox 1559 2423 1832 2476; x_wconf 78' lang='grc' dir='ltr'><strong>(Πραίνεστος,</strong></span> 
     </span>
     <span class='ocr_line' id='line_1_34' title="bbox 310 2491 1834 2545; baseline -0.004 -12"><span class='ocrx_word' id='word_1_331' title='bbox 310 2514 366 2520; x_wconf 91' lang='grc'>-</span> <span class='ocrx_word' id='word_1_332' title='bbox 396 2508 442 2533; x_wconf 92' lang='grc' dir='ltr'>ον</span> <span class='ocrx_word' id='word_1_333' title='bbox 470 2493 551 2532; x_wconf 86' lang='lat' dir='ltr'>vid.</span> <span class='ocrx_word' id='word_1_334' title='bbox 577 2493 722 2531; x_wconf 87' lang='lat' dir='ltr'>Tzsch.</span> <span class='ocrx_word' id='word_1_335' title='bbox 746 2493 797 2532; x_wconf 88' lang='lat' dir='ltr'>ad</span> <span class='ocrx_word' id='word_1_336' title='bbox 814 2497 978 2545; x_wconf 82' lang='lat' dir='ltr'>Eutrop.</span> <span class='ocrx_word' id='word_1_337' title='bbox 998 2495 1037 2540; x_wconf 83' lang='lat'>2,</span> <span class='ocrx_word' id='word_1_338' title='bbox 1057 2492 1128 2543; x_wconf 84' lang='lat'><strong>2.)‚</strong></span> <span class='ocrx_word' id='word_1_339' title='bbox 1152 2491 1272 2530; x_wconf 88' lang='lat' dir='ltr'>hodie</span> <span class='ocrx_word' id='word_1_340' title='bbox 1297 2493 1559 2539; x_wconf 84' lang='lat' dir='ltr'>Palaestriua,</span> <span class='ocrx_word' id='word_1_341' title='bbox 1589 2492 1693 2528; x_wconf 85' lang='lat' dir='ltr'>Latii</span> <span class='ocrx_word' id='word_1_342' title='bbox 1717 2493 1834 2543; x_wconf 88' lang='lat' dir='ltr'>oppi-</span> 
     </span>
     <span class='ocr_line' id='line_1_35' title="bbox 312 2557 1834 2610; baseline 0 -14"><span class='ocrx_word' id='word_1_343' title='bbox 312 2559 429 2608; x_wconf 87' lang='lat' dir='ltr'>dum,</span> <span class='ocrx_word' id='word_1_344' title='bbox 470 2562 591 2598; x_wconf 89' lang='lat' dir='ltr'>situm</span> <span class='ocrx_word' id='word_1_345' title='bbox 615 2562 655 2598; x_wconf 90' lang='lat' dir='ltr'>in</span> <span class='ocrx_word' id='word_1_346' title='bbox 682 2569 817 2599; x_wconf 83' lang='lat' dir='ltr'>monte</span> <span class='ocrx_word' id='word_1_347' title='bbox 847 2562 1042 2598; x_wconf 83' lang='lat' dir='ltr'>Aventino</span> <span class='ocrx_word' id='word_1_348' title='bbox 1059 2589 1069 2608; x_wconf 89' lang='lat'>‚</span> <span class='ocrx_word' id='word_1_349' title='bbox 1105 2559 1210 2610; x_wconf 84' lang='lat' dir='ltr'>(vib.</span> <span class='ocrx_word' id='word_1_350' title='bbox 1238 2559 1421 2610; x_wconf 73' lang='lat' dir='ltr'>Sequest.</span> <span class='ocrx_word' id='word_1_351' title='bbox 1447 2572 1485 2608; x_wconf 86' lang='lat' dir='ltr'>p.</span> <span class='ocrx_word' id='word_1_352' title='bbox 1520 2557 1590 2597; x_wconf 79' lang='lat'>28.</span> <span class='ocrx_word' id='word_1_353' title='bbox 1628 2559 1759 2596; x_wconf 86' lang='lat' dir='ltr'>Oberl.</span> <span class='ocrx_word' id='word_1_354' title='bbox 1786 2559 1834 2597; x_wconf 84' lang='lat' dir='ltr'>cf.</span> 
     </span>
     <span class='ocr_line' id='line_1_36' title="bbox 310 2625 1834 2679; baseline 0 -17"><span class='ocrx_word' id='word_1_355' title='bbox 310 2628 439 2677; x_wconf 88' lang='lat' dir='ltr'>Heyn.</span> <span class='ocrx_word' id='word_1_356' title='bbox 467 2629 566 2664; x_wconf 88' lang='lat' dir='ltr'>Exc.</span> <span class='ocrx_word' id='word_1_357' title='bbox 597 2630 700 2667; x_wconf 89' lang='lat' dir='ltr'><strong>VIII.</strong></span> <span class='ocrx_word' id='word_1_358' title='bbox 729 2627 781 2665; x_wconf 89' lang='lat' dir='ltr'>ad</span> <span class='ocrx_word' id='word_1_359' title='bbox 797 2629 902 2679; x_wconf 83' lang='lat' dir='ltr'>Virg.</span> <span class='ocrx_word' id='word_1_360' title='bbox 921 2629 1021 2664; x_wconf 90' lang='lat' dir='ltr'>Aen.</span> <span class='ocrx_word' id='word_1_361' title='bbox 1049 2628 1132 2665; x_wconf 85' lang='lat' dir='ltr'>vn.</span> <span class='ocrx_word' id='word_1_362' title='bbox 1154 2640 1194 2677; x_wconf 92' lang='lat' dir='ltr'>p.</span> <span class='ocrx_word' id='word_1_363' title='bbox 1216 2627 1327 2678; x_wconf 81' lang='lat'><strong>167.)</strong></span> <span class='ocrx_word' id='word_1_364' title='bbox 1352 2638 1472 2677; x_wconf 88' lang='lat' dir='ltr'>quam</span> <span class='ocrx_word' id='word_1_365' title='bbox 1497 2625 1545 2662; x_wconf 92' lang='lat' dir='ltr'>ob</span> <span class='ocrx_word' id='word_1_366' title='bbox 1566 2638 1651 2662; x_wconf 91' lang='lat' dir='ltr'>rem</span> <span class='ocrx_word' id='word_1_367' title='bbox 1669 2626 1834 2675; x_wconf 83' lang='lat' dir='ltr'>Virgilio</span> 
     </span>
     <span class='ocr_line' id='line_1_37' title="bbox 310 2693 1834 2744; baseline 0 -14"><span class='ocrx_word' id='word_1_368' title='bbox 310 2697 410 2731; x_wconf 89' lang='lat' dir='ltr'>Aen.</span> <span class='ocrx_word' id='word_1_369' title='bbox 440 2696 478 2742; x_wconf 91' lang='lat'>7,</span> <span class='ocrx_word' id='word_1_370' title='bbox 516 2695 609 2735; x_wconf 83' lang='grc'><strong>682.</strong></span> <span class='ocrx_word' id='word_1_371' title='bbox 640 2695 768 2732; x_wconf 78' lang='lat' dir='ltr'>altam</span> <span class='ocrx_word' id='word_1_372' title='bbox 797 2696 1035 2732; x_wconf 89' lang='lat' dir='ltr'>nominatur.</span> <span class='ocrx_word' id='word_1_373' title='bbox 1091 2694 1151 2730; x_wconf 92' lang='lat' dir='ltr'>Eo</span> <span class='ocrx_word' id='word_1_374' title='bbox 1181 2694 1349 2730; x_wconf 87' lang='lat' dir='ltr'>Romani</span> <span class='ocrx_word' id='word_1_375' title='bbox 1374 2699 1565 2744; x_wconf 87' lang='lat' dir='ltr'>tanquam</span> <span class='ocrx_word' id='word_1_376' title='bbox 1596 2693 1639 2729; x_wconf 92' lang='lat' dir='ltr'>in</span> <span class='ocrx_word' id='word_1_377' title='bbox 1667 2695 1834 2730; x_wconf 79' lang='lat' dir='ltr'>aestivas</span> 
     </span>
     <span class='ocr_line' id='line_1_38' title="bbox 313 2759 1835 2814; baseline -0.001 -17"><span class='ocrx_word' id='word_1_378' title='bbox 313 2760 474 2798; x_wconf 87' lang='lat' dir='ltr'>delicias</span> <span class='ocrx_word' id='word_1_379' title='bbox 503 2759 626 2814; x_wconf 86' lang='lat' dir='ltr'>(Flor.</span> <span class='ocrx_word' id='word_1_380' title='bbox 649 2763 685 2810; x_wconf 82' lang='lat'>1,</span> <span class='ocrx_word' id='word_1_381' title='bbox 709 2763 792 2814; x_wconf 87' lang='lat'><strong>11.)</strong></span> <span class='ocrx_word' id='word_1_382' title='bbox 822 2762 1001 2800; x_wconf 80' lang='lat' dir='ltr'>secedere</span> <span class='ocrx_word' id='word_1_383' title='bbox 1030 2761 1229 2808; x_wconf 85' lang='lat' dir='ltr'>solebant,</span> <span class='ocrx_word' id='word_1_384' title='bbox 1253 2761 1401 2797; x_wconf 80' lang='lat' dir='ltr'>aestivo</span> <span class='ocrx_word' id='word_1_385' title='bbox 1424 2766 1603 2810; x_wconf 87' lang='lat' dir='ltr'>tempore</span> <span class='ocrx_word' id='word_1_386' title='bbox 1621 2760 1746 2810; x_wconf 81' lang='lat' dir='ltr'>frigus</span> <span class='ocrx_word' id='word_1_387' title='bbox 1766 2772 1835 2796; x_wconf 85' lang='lat' dir='ltr'>ca-</span> 
     </span>
     <span class='ocr_line' id='line_1_39' title="bbox 312 2826 1833 2879; baseline -0.001 -15"><span class='ocrx_word' id='word_1_388' title='bbox 312 2829 482 2879; x_wconf 84' lang='lat' dir='ltr'>ptaturi3</span> <span class='ocrx_word' id='word_1_389' title='bbox 527 2827 621 2864; x_wconf 86' lang='lat' dir='ltr'>hinc</span> <span class='ocrx_word' id='word_1_390' title='bbox 651 2828 723 2866; x_wconf 85' lang='lat' dir='ltr'>Od.</span> <span class='ocrx_word' id='word_1_391' title='bbox 753 2831 793 2876; x_wconf 85' lang='lat'>3,</span> <span class='ocrx_word' id='word_1_392' title='bbox 831 2827 870 2877; x_wconf 84' lang='lat'>4,</span> <span class='ocrx_word' id='word_1_393' title='bbox 903 2829 970 2868; x_wconf 82' lang='lat'>23.</span> <span class='ocrx_word' id='word_1_394' title='bbox 993 2828 1201 2879; x_wconf 73' lang='lat' dir='ltr'>frigidam</span> <span class='ocrx_word' id='word_1_395' title='bbox 1231 2828 1441 2864; x_wconf 78' lang='lat' dir='ltr'>Praeneste</span> <span class='ocrx_word' id='word_1_396' title='bbox 1469 2833 1508 2863; x_wconf 89' lang='lat' dir='ltr'>et</span> <span class='ocrx_word' id='word_1_397' title='bbox 1533 2828 1628 2864; x_wconf 81' lang='lat' dir='ltr'>Juv.</span> <span class='ocrx_word' id='word_1_398' title='bbox 1661 2826 1700 2874; x_wconf 87' lang='grc'>3,</span> <span class='ocrx_word' id='word_1_399' title='bbox 1741 2826 1833 2865; x_wconf 89' lang='grc'><strong>190.</strong></span> 
     </span>
    </p>
   </div>
   <div class='ocr_carea' id='block_1_3' title="bbox 309 2894 1834 2946">
    <p class='ocr_par' dir='ltr' id='par_1_3' title="bbox 309 2894 1834 2946">
     <span class='ocr_line' id='line_1_40' title="bbox 309 2894 1834 2946; baseline -0.003 -15"><span class='ocrx_word' id='word_1_400' title='bbox 309 2894 473 2946; x_wconf 81' lang='lat' dir='ltr'>gelida,</span> <span class='ocrx_word' id='word_1_401' title='bbox 504 2896 613 2945; x_wconf 88' lang='lat' dir='ltr'>cujus</span> <span class='ocrx_word' id='word_1_402' title='bbox 644 2909 801 2933; x_wconf 88' lang='lat' dir='ltr'>causam</span> <span class='ocrx_word' id='word_1_403' title='bbox 827 2909 880 2933; x_wconf 80' lang='lat' dir='ltr'>ex</span> <span class='ocrx_word' id='word_1_404' title='bbox 909 2896 986 2933; x_wconf 89' lang='lat' dir='ltr'>loci</span> <span class='ocrx_word' id='word_1_405' title='bbox 1014 2902 1153 2933; x_wconf 87' lang='lat' dir='ltr'>natura</span> <span class='ocrx_word' id='word_1_406' title='bbox 1179 2895 1279 2931; x_wconf 88' lang='lat' dir='ltr'>bene</span> <span class='ocrx_word' id='word_1_407' title='bbox 1314 2895 1564 2945; x_wconf 75' lang='lat' dir='ltr'>investigavit</span> <span class='ocrx_word' id='word_1_408' title='bbox 1590 2895 1834 2932; x_wconf 82' lang='lat' dir='ltr'>Boustetten.</span> 
     </span>
    </p>
   </div>
  </div>
 </body>
</html>
