2028 3268
290 262 661 304 COMMENTARII
688 263 744 302 m
773 261 995 301 HORATII
1027 259 1200 299 EPIST.
1230 261 1374 299 PRIM.
1411 261 1510 299 LIB.
1540 263 1571 302 1.
1650 259 1705 302 83

159 378 320 418 habitae
340 377 447 417 dicta
469 389 555 415 esse
579 377 807 429 opinantur.
844 377 967 414 Recte
996 380 1134 413 autem
1151 374 1342 413 Dacerius
1364 375 1515 414 Poetae
1539 380 1705 413 senten-

160 449 259 487 tiam
277 452 480 499 comparat
499 459 592 483 cum
612 447 668 485 M.
688 445 880 484 Antonini
904 445 988 496 [11,
1009 445 1046 484 8.
1064 458 1105 497 p.
1123 442 1220 486 324.
1240 441 1427 493 Gatak.]:
1452 441 1706 496 ὅμοθαμνεῖν

160 515 253 568 μέν,
283 512 338 568 μή
364 513 654 568 ὅμοδογματεῖν
671 513 725 555 δέ.
782 515 940 553 Similia
966 519 1060 551 sunt
1088 513 1266 550 Senecae
1299 513 1429 564 Epist.
1456 512 1519 553 5.:
1548 511 1706 549 Eadem

147 585 354 637 ficiemus
371 597 474 635 quae
493 583 640 621 ceteri?
675 583 800 621 Nihil
814 585 916 620 inter
936 595 1008 619 nos
1030 589 1065 618 et
1084 580 1176 618 illos
1203 579 1412 617 intererit?
1455 580 1700 618 Plurimum.

159 653 387 691 Dissimiles
405 665 486 689 esse
505 665 576 689 nos
591 652 714 704 vulgo
733 653 852 698 sciat,
882 651 954 702 qui
972 650 1185 700 inspexerit
1194 650 1377 700 μυρίας.
1416 648 1476 687 Id.
1491 651 1621 702 Epist.
1634 651 1704 691 29.

161 721 388 774 Nunquam
403 719 516 758 volui
528 719 681 770 populo
689 719 864 771 placere.
897 719 1012 757 Nam
1032 732 1135 771 quae
1153 732 1224 770 ego
1245 719 1345 763 seio,
1374 731 1453 755 non
1468 718 1706 770 probatpo-

157 790 306 842 palu-a:
345 802 450 842 quae
476 787 626 839 probat
650 788 848 840 populus,
886 802 958 840 ego
993 788 1136 826 nescio.
1174 809 1233 815 —
1281 786 1382 835 Quis
1413 788 1520 824 enim
1544 787 1706 838 placere

157 865 285 909 potest
299 857 478 910 populo,
508 857 576 894 cui
592 856 732 907 placet
757 857 912 895 virtus?
949 864 1025 894 etc.
1090 853 1323 893 Schmidius
1354 853 1470 892 affert
1500 854 1623 894 eund.
1656 854 1706 894 de

162 925 296 963 Const.
324 922 388 966 14.
418 939 497 962 non
520 926 552 961 it
570 923 762 978 (sapiens)
781 939 862 977 qua
879 925 1072 976 populu-s.
1136 924 1197 962 Cf.
1220 922 1269 960 de
1290 921 1367 960 hac
1386 925 1584 962 sententia
1605 925 1707 963 Pas-

162 1006 247 1032 sov.
278 993 352 1032 l.l.
379 995 426 1030 Ν.
455 993 522 1034 52.
563 994 750 1031 Ceterum
777 1007 859 1032 non
893 991 1188 1032 contemnenda
1211 990 1371 1030 videtur
1407 993 1478 1030 illa
1512 994 1706 1045 scriptura

161 1061 266 1100 idem
284 1075 322 1099 v.
342 1063 412 1103 71.
435 1061 648 1112 interprete
675 1063 877 1115 Cruquio:
907 1076 1027 1108 „cm-
1047 1062 1123 1099 eim
1151 1061 1259 1098 alius
1278 1074 1306 1097 α
1322 1060 1474 1111 populo
1494 1067 1533 1097 et
1553 1062 1597 1098 in
1620 1062 1707 1099 vita

160 1131 376 1175 communi,
401 1131 507 1167 utin
525 1131 785 1180 opinione?“
814 1132 958 1169 Totius
986 1137 1121 1168 autem
1149 1130 1228 1167 loci
1257 1130 1318 1166 vis
1347 1129 1452 1180 fugit
1477 1128 1706 1177 Bauer-um,

161 1197 211 1238 de
237 1199 434 1237 latinitate
459 1198 558 1250 frui
578 1201 736 1249 porticu
764 1198 1028 1237 dubitantem.
1087 1199 1177 1247 „At
1204 1197 1311 1248 fi’rri
1337 1198 1506 1248 porticu,
1521 1199 1545 1218 “
1573 1199 1707 1251 inquit

162 1274 256 1317 „est
274 1266 472 1315 incedere,
492 1267 698 1304 ambulare
718 1267 799 1314 ibi3
831 1274 870 1304 et
878 1268 1042 1316 judicio
1048 1267 1159 1319 firri
1185 1272 1245 1303 est
1267 1266 1410 1318 abripi,
1442 1267 1484 1304 in
1502 1273 1706 1305 transver-

160 1349 250 1373 sum
268 1336 358 1387 agi,
375 1335 645 1373 multitudinis
665 1349 822 1373 sensum
841 1337 987 1387 εθςῑιιιῖ*ν
1002 1341 1078 1372 etc.
1107 1336 1187 1372 Nos
1205 1334 1370 1387 quidem
1382 1335 1505 1374 verbo
1512 1335 1706 1387 fruendi,

161 1402 271 1456 quod
287 1404 494 1442 notionem
519 1403 789 1441 delectationis
811 1402 1042 1454 adjunctam
1067 1402 1210 1452 habet,
1238 1402 1345 1441 nihil
1368 1403 1420 1442 ad
1438 1403 1548 1442 hunc
1570 1406 1707 1444 locum

161 1470 499 1510 accommodatius
523 1472 773 1510 arbitramur.
823 1473 884 1509 Ita
905 1472 1058 1510 Seneca
1087 1471 1137 1510 de
1160 1473 1238 1511 Vit.
1259 1473 1364 1510 beat.
1400 1474 1465 1514 10.
1505 1474 1565 1510 'stt
1588 1473 1707 1511 volu-

134 1524 142 1529 ·
153 1547 268 1591 ptate
277 1539 452 1591 frueris,
482 1553 552 1591 ego
577 1547 678 1576 utor.
714 1539 789 1577 Sil.
810 1541 899 1577 Ital.
921 1541 995 1589 12,
1018 1539 1115 1581 566.
1132 1540 1374 1592 fruiturque
1394 1542 1532 1578 timore
1545 1555 1706 1592 paven-

160 1615 274 1654 tum,
301 1609 330 1646 i.
358 1621 393 1645 e.
427 1606 668 1656 delectatur,
709 1599 761 1645 ad
792 1621 914 1661 quem
944 1609 1080 1646 locum
1109 1606 1314 1646 Drakenb.
1347 1610 1501 1647 confert
1530 1611 1705 1648 Martial.

157 1677 295 1729 Epigr.
315 1678 354 1726 8,
374 1677 443 1724 30,
462 1677 504 1716 3.
522 1683 560 1713 et
581 1674 788 1714 claudian.
811 1678 852 1714 in
869 1676 1002 1715 Rufin.
1026 1678 1063 1726 1,
1084 1678 1182 1718 236.
1222 1678 1315 1715 Alia
1335 1677 1567 1729 suppeditat
1587 1679 1704 1716 Peri-

157 1746 297 1782 zonius
324 1743 376 1782 ad
402 1745 537 1782 Sanct.
567 1745 736 1782 Minerv.
760 1747 792 1782 1.
823 1759 864 1797 p.
890 1744 990 1786 381.
1020 1744 1084 1783 ed.
1105 1747 1154 1784 B.
1175 1752 1214 1784 et
1232 1745 1422 1786 Doederl.
1445 1747 1545 1799 Syn.
1568 1748 1638 1785 III.
1661 1761 1704 1800 p.

159 1810 256 1853 135.
289 1811 463 1851 Proinde
489 1813 612 1850 etiam
629 1811 788 1862 dubito,
823 1826 925 1850 num
953 1821 1058 1852 recte
1086 1815 1348 1867 explicaverit
1379 1813 1522 1853 Editor
1548 1817 1704 1854 Horatii

158 1881 379 1918 Zeuniani:
403 1881 708 1932 „judiciisfiui
726 1881 902 1919 fructum
921 1895 1062 1934 capere
1086 1896 1140 1921 ex
1155 1884 1327 1922 aliorum
1348 1883 1398 1921 de
1413 1882 1528 1922 nobis
1540 1883 1704 1935 judiciis

158 1960 206 1985 ac
220 1950 432 1987 sententiis
455 1948 507 1986 ad
525 1950 650 1987 vitam
667 1949 962 1988 emendandam
981 1952 1066 1989 sive
1085 1951 1319 2003 regendam.
1352 1952 1569 1991 Turnebus
1579 1951 1704 2005 (Adv.

161 2016 229 2063 30,
255 2014 339 2068 12.)
369 2021 494 2054 totam
518 2019 758 2055 sententiam
783 2030 807 2055 a
834 2019 974 2070 populi
1004 2032 1189 2058 sermone
1217 2019 1380 2060 ductam
1409 2034 1454 2059 ac
1480 2022 1704 2073 profectam

161 2089 308 2120 censet.
336 2084 396 2120 De
412 2083 633 2134 porticibus
653 2093 692 2122 et
711 2086 1009 2125 ambulantibus
1025 2096 1064 2126 et
1084 2089 1310 2126 amantibus
1330 2090 1454 2140 gratis
1467 2087 1704 2127 vidAEurm.

161 2149 213 2188 ad
230 2152 349 2202 Prop.
377 2153 403 2191 2
416 2181 426 2199 ,
453 2153 527 2200 18,
555 2152 623 2193 55.
643 2153 719 2200 23,
747 2155 769 2193 1
789 2166 850 2204 sq.
882 2153 1063 2192 Schmid.
1083 2154 1135 2193 ad
1153 2158 1282 2208 Epist.
1304 2158 1331 2198 6
1344 2186 1354 2206 ‚
1374 2157 1443 2197 26.
1468 2163 1508 2194 et
1528 2158 1703 2210 interpp.

160 2217 212 2256 ad
231 2218 316 2257 Sat.
340 2220 376 2266 1,
396 2216 436 2267 4,
458 2218 551 2260 135.

269 2289 317 2326 V.
350 2286 420 2328 74.
447 2288 516 2328 75.
579 2288 686 2337 Quia
706 2302 767 2325 me
800 2310 858 2316 —-
879 2296 1104 2326 retrorsum.
1166 2289 1322 2329 Eodem
1350 2292 1501 2344 Aesopi
1529 2293 1700 2346 apologo

162 2355 288 2392 utitur
303 2355 419 2393 Plato
436 2356 479 2392 in
497 2354 706 2393 Alcibiade
724 2357 854 2407 priore
872 2351 929 2408 (c.
943 2355 1027 2408 18.)
1048 2371 1089 2409 p.
1105 2355 1201 2398 442.
1224 2356 1361 2407 Frkf.3
1385 2372 1508 2412 quare
1525 2361 1700 2411 fuerunt,

158 2424 228 2475 qui
246 2423 415 2462 Poetam
435 2421 487 2460 ad
506 2421 795 2476 philosophum
822 2426 1045 2476 respexisse
1070 2432 1273 2477 putarent.
1329 2426 1479 2475 Quidni
1497 2427 1550 2466 ad
1570 2430 1701 2468 Aeso-

157 2502 255 2541 pum
275 2491 430 2548 ipsum?
465 2492 526 2528 uti
556 2498 595 2528 et
619 2490 861 2531 Plutarchus
885 2492 934 2530 de
945 2494 1118 2531 Profect.
1143 2496 1280 2535 virtut.
1303 2503 1404 2538 sent.
1422 2497 1489 2536 VI.
1511 2510 1551 2549 p.
1567 2495 1698 2538 2949}

156 2557 310 2596 Locum
333 2565 468 2596 autem
491 2572 546 2597 ex
569 2561 726 2598 Lucilio
747 2567 953 2613 sumptum
977 2560 1130 2599 indicat
1159 2565 1374 2612 Muretus,
1403 2578 1506 2619 quae
1533 2572 1699 2604 senten-

156 2625 213 2662 tia
239 2637 262 2662 a
283 2625 558 2679 Porphyrione
583 2628 880 2681 quodaminodo
913 2630 1106 2682 probatur
1136 2630 1317 2671 dicente:
1357 2633 1578 2672 Luciliana
1604 2642 1700 2673 sunt

156 2691 256 2730 haec
278 2699 353 2732 etc.
408 2696 555 2734 Lucilii
572 2710 734 2746 versus,
771 2699 840 2751 qui
861 2711 924 2750 ap.
948 2700 1125 2737 Nonium
1150 2701 1339 2752 leguntur
1357 2703 1400 2740 in
1419 2702 1539 2741 verbo
1568 2702 1698 2742 dedu-

157 2768 265 2798 ctum
292 2768 333 2799 et
350 2770 543 2812 spectare,
569 2765 626 2803 ita
647 2768 888 2818 compositos
911 2765 1078 2805 exhibet
1108 2767 1230 2808 editio
1257 2771 1383 2809 Persii
1410 2772 1627 2824 Bipontina
1654 2786 1697 2824 p.

154 2827 240 2870 234
251 2841 264 2867 t
293 2830 482 2869 Deducta
494 2839 590 2870 tune
598 2846 692 2871 voce
701 2833 760 2872 leo
772 2850 784 2872 .·
810 2835 892 2873 Cur
902 2842 946 2872 tu
962 2837 1051 2886 ipsa
1063 2837 1197 2874 venire
1210 2837 1307 2877 Non
1317 2840 1378 2878 vis
1385 2839 1466 2878 hue
1475 2840 1498 2879 ‚9
1506 2863 1629 2870 ---—
1638 2863 1696 2872 -—-·

161 2897 274 2948 Quid
287 2897 367 2936 sibi
381 2899 488 2946 vult,
507 2914 630 2952 quare
631 2902 708 2951 fit,
731 2911 778 2940 ut
795 2905 1037 2942 introversus
1047 2911 1084 2942 et
1100 2905 1161 2944 ad
1174 2913 1210 2944 te
1226 2907 1414 2959 Spectent
1425 2916 1546 2962 atque
1548 2910 1698 2961 ferant

156 2967 327 3018 vestig-ia
335 2980 377 3006 se
391 2969 526 3007 omnia
535 2970 732 3020 prorsus?
746 2971 806 3009 De
817 2972 914 3023 ipsis
927 2973 1107 3013 versibus
1117 2975 1335 3017 Lucilianis
1348 2977 1554 3029 disputant
1564 2979 1696 3015 Lam·-

1312 3043 1389 3084 6.
