2028 3268
157 282 211 324 61
287 276 673 320 COMMENTARII
692 277 749 318 IN
769 276 1002 318 HORATII
1021 275 1122 319 LIB.
1143 275 1175 315 1.
1194 274 1363 316 EPIST.
1383 275 1573 324 QUINT.
1623 274 1707 316 251

157 421 206 447 m.
230 406 464 460 Septembris
488 419 522 444 a.
543 418 580 444 u.
607 419 638 444 c.
662 402 760 446 734.
786 404 895 443 Varr.
920 405 1100 456 scriptam
1123 415 1216 441 esse.
1274 402 1456 454 Ejusdem
1489 402 1578 441 anni
1606 402 1708 452 cogi-

158 476 255 515 tatio
288 486 507 525 quanquam
548 473 623 512 alia
652 473 700 510 de
730 486 846 511 causa
863 473 944 524 jam
974 472 1160 511 inciderat
1192 471 1411 510 Sanadono
1424 500 1441 518 ,
1481 470 1710 516 Mervillio,

157 543 250 582 aliis.
309 541 457 580 Contra
491 540 761 592 Grotesenclzis
787 541 826 578 in
844 539 1032 591 „Allgem
1057 539 1293 591 Encyclop.“
1308 540 1410 578 Sect.
1433 539 1482 578 ΙΙ.
1507 539 1620 578 Tom.
1640 538 1710 579 10.

159 625 200 664 p.
223 608 322 652 474.
356 609 571 660 Epistolam
604 621 703 647 anno
727 608 851 659 735„
890 608 1092 646 Daeerius
1121 622 1155 647 a.
1186 611 1308 660 728,,
1338 610 1559 646 ffiIas-s‘onus
1594 635 1621 658 ,,
1632 619 1711 644 non

158 677 319 718 multum
346 677 446 716 ultra
472 676 608 716 abhinc
637 675 862 714 biennium“
894 675 946 728 (V
949 676 989 714 it.
1013 691 1053 728 p.
1081 676 1198 729 208.)
1233 678 1283 715 ad
1315 676 1558 727 Torquatum
1579 677 1710 715 datam

159 746 231 784 sibi
250 749 532 798 persuaserunt.
596 745 676 783 Sed
696 743 788 782 haec
810 744 962 795 quidem
982 744 1176 782 hactenus.

273 814 321 855 V.
342 814 378 853 1.
442 814 491 851 Si
511 820 626 864 potes
656 835 708 840 —-—
739 811 975 850 recumbere.
1034 811 1213 851 Invitatio
1246 813 1295 850 ad
1323 826 1479 853 coenam
1503 817 1620 863 atque
1643 813 1711 851 de-

160 883 314 935 scriptio
338 884 548 935 apparatus
565 879 767 919 convivalis
785 883 825 918 et
843 881 922 931 ejus
943 880 1095 930 quidem
1110 881 1326 931 mediocris,
1353 882 1427 920 imo
1451 882 1597 929 tenuis3
1625 881 1711 920 hinc

160 952 198 988 si
229 959 346 1002 potes
381 974 436 980 —-
476 963 548 986 nec
587 950 701 985 times
739 970 794 975 —-
834 948 964 988 Arc-ll.
1010 947 1097 985 lect.
1135 971 1187 976 —
1231 950 1389 987 modica
1411 957 1504 1001 pat.
1534 973 1591 978 -—
1620 950 1710 987 ollis

161 1033 290 1057 omne.
328 1020 376 1057 Si
391 1025 503 1070 potes
530 1019 578 1055 de
594 1018 718 1055 animo
738 1019 777 1054 et
799 1015 997 1054 voluntate
1033 1019 1168 1067 utpote
1198 1015 1360 1055 hominis
1385 1018 1568 1056 bonarum
1586 1031 1712 1056 rerum

161 1090 202 1124 et
235 1085 482 1136 intelligentis
513 1089 552 1123 et
578 1085 736 1138 copiosi.
794 1084 857 1121 Sic
890 1082 955 1136 (ex
981 1084 1293 1134 interpretatione
1328 1084 1468 1138 Servii)
1494 1086 1600 1137 Virg.
1631 1086 1709 1124 Ecl.

159 1155 210 1205 7,
240 1154 307 1195 10.
370 1154 418 1191 Si
443 1154 544 1205 quid
568 1167 720 1191 cessare
743 1159 882 1203 potes,
911 1154 1108 1203 requiesce
1135 1152 1210 1190 sub
1239 1154 1396 1195 umbra.
1442 1154 1503 1193 Id.
1527 1154 1622 1192 Aen.
1644 1155 1711 1205 11,

162 1222 260 1263 307.
304 1235 377 1259 nec
412 1224 511 1260 victi
527 1229 701 1273 possunt
738 1221 926 1259 absistere
942 1220 1074 1271 serm.
1137 1220 1302 1261 Martial.
1333 1223 1380 1275 5,
1408 1224 1483 1273 62,
1516 1224 1555 1264 1.
1614 1225 1712 1261 Jure

162 1299 230 1328 tuo
259 1292 404 1328 nostris
429 1305 595 1328 maneas
623 1291 739 1336 licet,
771 1290 928 1340 hospes,
959 1289 1003 1325 in
1027 1288 1164 1330 hortis.
1229 1291 1277 1327 Si
1297 1298 1409 1342 potes
1437 1293 1480 1329 in
1509 1292 1618 1329 nudo
1634 1306 1712 1343 po—

162 1373 254 1397 nere
286 1359 464 1397 membra
494 1359 591 1397 solo.
653 1358 768 1397 Plura
793 1356 1017 1409 suppeditat
1048 1357 1229 1398 Scheffer.
1254 1361 1304 1398 ad
1325 1359 1487 1398 Phaedr.
1508 1360 1557 1412 3,
1587 1362 1637 1411 7,
1669 1362 1710 1401 8.

161 1427 298 1478 Itaque
323 1441 461 1479 magno
491 1428 530 1465 in
558 1413 684 1466 errore
709 1430 881 1465 versatur
910 1426 1129 1476 Cruquizcs,
1160 1439 1275 1476 quum
1292 1428 1328 1465 h.
1348 1428 1373 1465 1.
1397 1427 1639 1478 Torquatum
1661 1428 1712 1466 ad

162 1508 242 1534 rem
268 1497 509 1534 attentiorem
542 1499 581 1533 et
615 1496 693 1533 fere
719 1496 770 1534 ad
796 1495 928 1533 sordes
946 1506 1101 1545 parcum
1125 1495 1242 1534 fuisse
1261 1497 1365 1534 dicit.
1389 1519 1447 1526 ——
1491 1496 1711 1534 Archiacis

164 1564 276 1602 lectis
301 1578 324 1603 a
353 1564 462 1602 fabro
494 1565 660 1614 quodam
691 1562 854 1601 Archia
883 1563 1082 1610 confectis3
1119 1564 1174 1601 sic
1209 1569 1573 1616 commemorantur,
1608 1566 1712 1616 quod

163 1631 412 1670 observarunt
437 1632 640 1670 Turnebus
667 1636 706 1670 et
737 1631 984 1681 Torrentius,
1029 1630 1196 1668 Soterici
1227 1631 1321 1669 lecti
1345 1646 1408 1683 ap.
1433 1633 1530 1672 Gell.
1558 1635 1633 1684 12,
1657 1635 1712 1684 2.,

164 1700 311 1738 calices
349 1701 629 1738 Beneventani
666 1701 811 1738 sutoris
847 1712 992 1736 nomen
1031 1698 1221 1737 habentes
1262 1713 1326 1752 ap.
1360 1701 1493 1739 Juven.
1535 1702 1584 1753 5,
1629 1700 1711 1752 46.,

163 1770 373 1807 Pausiaca
403 1768 553 1806 tabella
584 1770 668 1809 Sat.
698 1770 745 1819 2,
775 1769 824 1818 7,
856 1766 925 1807 95.
955 1765 1002 1804 al.
1060 1766 1210 1805 Nomen
1237 1768 1361 1819 ipsum
1400 1783 1423 1808 a
1451 1770 1712 1820 Porphyrione

163 1842 354 1876 servatum
368 1842 407 1876 et
426 1850 604 1890 perversa
626 1836 786 1876 Acronis
817 1849 861 1875 ac
879 1834 1115 1873 Scholiastae
1133 1835 1293 1886 Cruquii
1320 1836 1507 1889 scriptura
1525 1838 1713 1888 significa-

164 1910 246 1944 tum
275 1910 316 1944 et
341 1919 364 1944 a
385 1906 573 1944 nonnullis
597 1907 767 1959 interpp.
790 1918 860 1955 pro
881 1903 1088 1941 Archaico
1101 1933 1116 1950 ,
1139 1904 1208 1942 sed
1227 1909 1327 1942 recte
1339 1905 1418 1955 jam
1434 1919 1455 1943 a
1474 1905 1652 1944 Landino
1673 1909 1713 1944 et

163 1974 381 2012 Britannico
399 1989 471 2026 pro
487 1974 663 2020 Archia,
693 1974 835 2025 „inscio
851 1973 988 2011 fabr0“
1015 1972 1078 2026 (ut
1105 1972 1166 2010 ille
1197 1972 1392 2026 opinatur)
1419 1974 1590 2012 habitum
1623 1978 1713 2026 post

165 2041 258 2079 alios
288 2041 384 2079 bene
413 2043 592 2081 enodavit
617 2042 846 2090 Bentlejus,
875 2054 1094 2091 quanquam
1123 2046 1410 2093 argumentum,
1447 2055 1523 2091 quo
1548 2041 1713 2080 vocabu-

165 2110 243 2148 lum
259 2109 476 2156 archaicis‚
506 2123 551 2148 ex
571 2099 886 2162 interpretatione
902 2108 1100 2158 Lambini,
1130 2108 1343 2160 Tor-rentii,
1372 2108 1530 2147 aliorum
1553 2110 1715 2160 antiqui

166 2180 298 2229 operis
327 2186 365 2215 et
393 2179 534 2225 rudis,
573 2179 778 2216 secundam
808 2177 991 2227 syllabam
1019 2177 1171 2226 longam
1194 2176 1331 2214 habere
1358 2176 1546 2225 affirmat,
1576 2175 1712 2213 falsum

166 2259 250 2285 esse
266 2246 356 2284 dicit
383 2246 582 2287 Oudinus.
641 2246 830 2296 Quicquid
852 2249 934 2294 est,
962 2249 1007 2282 ut
1031 2257 1054 2281 a
1074 2245 1301 2282 Pztnicanis
1329 2243 1427 2296 (Cic.
1446 2256 1503 2293 pr.
1524 2242 1622 2280 Mur.
1642 2242 1712 2293 36,

166 2313 278 2367 75.),
307 2315 361 2353 ita
380 2315 428 2353 ab
450 2316 670 2353 Archiacis
690 2315 818 2359 lectis,
841 2325 936 2363 quos
962 2312 1202 2363 Porphyrion
1233 2317 1272 2350 et
1301 2312 1380 2350 Fea
1414 2311 1547 2348 breves
1576 2310 1713 2348 intelli-

167 2387 285 2434 gunt,
314 2383 538 2434 elegantiam
555 2384 618 2422 illo
635 2388 806 2435 tempore
824 2381 871 2418 ab
891 2379 1102 2419 hominibus
1126 2379 1362 2430 elegantibus
1388 2379 1598 2429 quaesitam
1624 2378 1713 2417 alie-

166 2463 255 2489 nam
286 2451 424 2502 fuisse,
454 2456 558 2491 totus
585 2453 698 2490 docet
717 2449 989 2490 sententiarum
1017 2448 1122 2485 ordo.
1181 2447 1240 2485 De
1264 2448 1375 2485 lectis
1394 2448 1485 2499 ipsis
1505 2447 1713 2486 tricliniari-

166 2517 239 2555 bus
261 2519 348 2557 vide
365 2524 517 2572 praeter
542 2521 796 2559 Schmidium
814 2517 863 2556 ad
884 2516 920 2553 h.
945 2515 968 2554 l.
990 2515 1216 2553 Beckerum
1236 2518 1287 2554 ad
1302 2516 1464 2554 Gallum.
1474 2515 1522 2553 II.
1544 2530 1580 2567 p.
1595 2512 1712 2562 149.;

167 2585 426 2625 recumbendi
452 2589 567 2628 verbo
599 2589 672 2628 hoc
695 2588 846 2639 quidem
866 2589 1038 2636 tempore
1064 2584 1186 2622 minus
1208 2585 1350 2623 usitato
1368 2585 1407 2621 in
1425 2585 1558 2622 eadem
1578 2595 1619 2621 re
1637 2582 1712 2620 uti-

168 2658 233 2692 tur
257 2654 379 2694 Poeta
410 2657 486 2696 od.
520 2657 570 2710 3,
605 2658 653 2709 3,
686 2658 751 2697 11.
810 2655 874 2695 Cf.
904 2654 1082 2692 Creuzer.
1118 2653 1286 2703 „Abriss
1312 2654 1380 2691 der
1410 2651 1520 2692 Rom.
1551 2651 1712 2702 Antiq.“

169 2722 203 2771 §.
223 2723 320 2763 276.

284 2791 330 2829 V.
367 2793 406 2834 2.
466 2792 555 2830 Nec
583 2793 740 2831 modica
767 2814 825 2820 —
853 2789 1013 2842 patella
1046 2788 1188 2826 indicat
1216 2788 1338 2839 ipsam
1367 2799 1506 2826 coenae
1547 2787 1711 2825 tenuita-

170 2862 259 2898 tem.
318 2860 380 2898 Sic
397 2861 546 2898 modici
572 2861 760 2899 canthari
785 2859 860 2898 Od.
884 2859 933 2910 1,
962 2858 1038 2906 20,
1070 2857 1106 2896 1.
1136 2860 1176 2894 et
1191 2857 1351 2908 patella
1378 2857 1566 2894 esurienti
1573 2856 1711 2907 posita

170 2925 211 2964 in
233 2925 342 2968 Varr.
380 2929 532 2979 Fragm.
558 2929 608 2969 ΙΙ.
643 2944 683 2982 p.
701 2928 799 2970 339.
830 2927 916 2979 Bip.
945 2925 1091 2979 (ibique
1116 2923 1273 2978 Scalig.)
1330 2925 1443 2964 Mart.
1477 2925 1523 2976 5,
1563 2926 1643 2976 78,
1671 2924 1708 2963 6.

173 2995 352 3034 Ponetur
387 2996 527 3048 digitis
562 2998 752 3036 tenendus
790 2996 923 3034 unctis
953 2993 1092 3046 Nigra
1131 2993 1358 3033 cauliculus
1392 2994 1523 3031 virens
1537 2993 1709 3044 patella.
