2054 3268
423 257 480 300 46
560 260 925 299 COMMENTARII
951 261 1005 298 IN
1032 260 1251 299 HORATII
1278 258 1449 298 EPIST.
1478 261 1619 302 PRIM.
1644 262 1745 298 LIB.
1776 262 1808 299 I.

426 371 525 422 lejus
542 370 593 408 ad
611 369 740 422 Epod.
762 371 825 418 10,
847 372 886 411 8.
908 376 947 407 et
967 371 1094 422 Epist.
1116 372 1156 418 6,
1180 371 1255 418 603
1285 369 1376 407 vide
1393 370 1449 407 ibi
1470 378 1655 409 annotata
1675 378 1808 410 nostra
1821 371 1940 408 ined.

426 437 641 486 Sclnnidiit,
673 437 886 475 haeserunt
909 438 952 473 in
975 438 1140 488 repetito
1175 437 1313 474 vocab.
1335 449 1431 473 rura
1453 436 1619 475 Bothius
1647 445 1685 476 et
1704 436 1870 478 Wakef.
1890 429 1941 475 ad

424 505 498 542 Od.
521 503 567 553 4,
599 504 644 552 5,
675 506 742 543 17.
771 504 859 550 18.;
889 501 962 540 sed
987 509 1091 540 recte
1118 501 1256 540 vident
1277 503 1446 540 Conzius
1478 510 1517 540 et
1543 506 1591 541 B.
1615 505 1661 542 0.
1685 506 1728 542 in
1755 503 1939 542 Seebodii

424 570 585 609 Archiv.
605 569 724 610 1825.
736 571 802 608 IV.
822 582 862 621 Ρ.
876 570 971 610 660.
982 599 993 618 ,
1014 569 1226 607 haeserunt
1238 571 1357 607 etiam
1372 571 1415 606 in
1440 572 1671 621 repetitione
1687 584 1788 621 gen-s·
1802 572 1939 609 Burm.

425 646 465 676 et
480 636 596 675 Both.
618 635 670 673 ad
689 634 763 674 Od.
786 637 832 684 1,
861 638 908 686 3,
936 637 1025 686 28.,
1055 636 1126 674 sed
1153 638 1289 674 multis
1314 639 1532 675 multorum
1559 639 1752 689 exemplis
1784 639 1939 675 saniora

426 705 540 742 docet
560 702 751 751 Jahnius,
777 703 952 755 itemque
972 703 1023 741 ad
1041 706 1148 754 Virg.
1173 705 1274 741 Aen.
1296 705 1333 751 1,
1357 703 1454 744 315.
1483 706 1523 752 8,
1545 704 1641 744 283.
1663 706 1727 753 10,
1753 703 1850 745 465.
1876 707 1938 751 12,

424 773 519 812 858.
547 769 599 807 ad
615 768 729 807 Ovid.
752 770 848 806 Met.
868 769 932 817 15,
962 768 1055 810 104.
1078 770 1141 808 ed.
1156 771 1324 820 Gierig.3
1352 768 1567 808 haeserunt
1587 770 1758 823 denique
1774 772 1880 809 Gort.
1900 777 1940 808 et

423 839 556 876 Jever.
575 835 626 874 ad
639 837 788 872 Lucan·
811 836 849 884 1,
863 836 957 876 170.
974 844 1134 888 propter
1152 836 1291 886 adject.
1309 839 1519 888 repetitum
1538 838 1677 889 longa,
1697 837 1769 876 sed
1787 839 1940 875 veriora

424 906 641 941 attulerunt
662 903 830 950 Hellen,
858 904 1080 940 Wellauer.
1093 932 1104 952 ,
1135 904 1218 941 alii.
1273 905 1348 940 Hic
1373 904 1484 942 locus
1513 911 1648 942 tamen
1672 912 1757 942 tam
1783 905 1939 956 amplus

425 978 496 1019 est,
518 977 563 1007 ut
582 971 654 1007 vix
676 970 888 1020 perstringi
917 977 1049 1020 queat.
1106 972 1244 1022 Itaque
1271 969 1436 1008 videndi
1461 978 1555 1009 sunt
1574 971 1744 1009 Iacobus
1775 973 1819 1008 iu
1840 973 1940 1009 Krit.

423 1039 529 1075 Bibl.
554 1038 676 1078 1822.
694 1049 733 1086 p.
749 1037 867 1084 1032,
892 1037 961 1073 ubi
978 1035 1043 1074 hic
1062 1037 1185 1084 locus,
1204 1036 1254 1074 de
1269 1050 1347 1089 quo
1365 1040 1491 1076 omnis
1509 1040 1711 1076 institutus
1728 1044 1786 1075 est
1797 1051 1938 1086 sermo,

423 1106 603 1156 pluribus
616 1103 810 1153 exemplis
819 1102 1063 1151 vindicatur3
1088 1102 1210 1141 Bach.
1223 1111 1262 1140 et
1279 1105 1435 1142 Dissen.
1446 1104 1497 1142 ad
1507 1106 1599 1143 Tib.
1616 1107 1653 1154 1,
1668 1107 1705 1154 1,
1718 1106 1757 1144 6·
1768 1106 1809 1154 3,
1819 1103 1859 1152 4,
1872 1105 1941 1146 32.

425 1173 468 1209 C.
483 1172 526 1208 F.
542 1170 706 1208 Weber.
729 1168 781 1206 ad
796 1170 944 1207 Lucan.
963 1171 1012 1207 Π.
1029 1183 1068 1220 Ρ.
1089 1169 1185 1210 625.
1198 1171 1246 1207 Ε.
1269 1170 1318 1207 G.
1338 1172 1501 1209 Weber.
1524 1171 1576 1210 ad
1594 1174 1686 1211 Juv.
1706 1169 1772 1212 14.
1791 1185 1831 1222 Ρ.
1843 1172 1940 1212 366.

425 1239 556 1288 Sillig.
576 1238 702 1287 Epist.
722 1237 806 1273 crit.
826 1250 866 1287 p.
889 1237 958 1278 71.
977 1237 1041 1273 Fr.
1059 1237 1218 1274 Jacobs.
1247 1235 1299 1274 ad
1315 1239 1471 1276 Lucret.
1490 1241 1529 1288 2,
1559 1240 1597 1279 1.
1623 1241 1662 1287 6,
1686 1239 1754 1279 53.
1782 1251 1823 1289 Ρ.
1842 1238 1940 1278 313.

425 1311 464 1341 et
482 1303 589 1351 362,
613 1304 655 1339 in
671 1303 925 1340 Blumenlese
948 1309 1022 1340 etc.
1048 1301 1170 1340 Drak.
1189 1301 1240 1340 ad
1263 1303 1336 1342 Sil.
1357 1305 1396 1353 1,
1417 1306 1513 1345 618.
1549 1306 1684 1342 Burm.
1704 1303 1756 1341 ad
1771 1305 1859 1343 Val.
1877 1305 1939 1341 Fl.

423 1374 463 1418 2,
488 1369 584 1411 254.
622 1370 733 1407 Harl.
763 1368 814 1406 ad
832 1368 949 1407 eund.
978 1370 1024 1418 5,
1053 1368 1148 1410 468.
1189 1371 1326 1408 Burm.
1343 1369 1395 1407 ad
1418 1373 1535 1422 Prop.
1563 1373 1604 1419 1,
1629 1370 1675 1419 5,
1699 1370 1769 1410 32.
1803 1372 1850 1419 7,
1870 1372 1939 1411 23.

423 1440 539 1475 Mart.
558 1439 655 1487 Lag.
676 1435 727 1473 ad
738 1437 887 1474 Lucan.
904 1434 944 1485 4,
963 1435 1059 1478 741.
1088 1437 1192 1474 Cort.
1211 1436 1262 1474 ad
1274 1437 1392 1475 eund.
1412 1439 1453 1486 3,
1472 1435 1569 1478 435.
1589 1439 1626 1486 1,
1644 1435 1712 1478 24.
1731 1435 1811 1478 45.'
1827 1438 1940 1475 misc.

425 1505 537 1542 Obss.
558 1506 589 1541 I.
611 1518 651 1555 p.
673 1505 741 1544 70.
762 1504 829 1544 93.
851 1505 918 1542 VI.
940 1517 981 1554 p.
1001 1504 1098 1544 319.
1116 1505 1167 1541 X.
1193 1517 1234 1555 p.
1253 1505 1321 1544 33.
1338 1503 1407 1544 49.
1442 1502 1595 1556 Wopk.
1615 1505 1740 1542 Lectt.
1764 1505 1877 1542 Tull.
1901 1509 1937 1553 1,

429 1572 493 1611 13.
513 1585 553 1622 p.
577 1570 670 1612 105.
693 1568 755 1607 ed.
782 1569 860 1608 Hd.
887 1577 926 1607 et
951 1571 995 1607 in
1017 1572 1129 1608 Misc.
1149 1571 1261 1608 Obss.
1279 1584 1372 1609 nov.
1394 1573 1444 1609 11.
1464 1585 1504 1622 Ρ.
1527 1573 1590 1611 12.
1616 1571 1819 1609 Staveren.
1840 1570 1938 1609 ibid.

424 1639 489 1676 VI.
499 1651 538 1688 p.
551 1638 645 1678 521.
657 1636 784 1674 Hand.
797 1636 848 1674 ad
859 1638 959 1675 Stat.
969 1639 1001 1674 I.
1011 1651 1051 1688 p.
1063 1637 1160 1677 269.
1173 1635 1393 1675 Weichert.
1404 1638 1568 1675 Dissert.
1577 1637 1625 1674 de
1634 1637 1773 1675 versib.
1787 1638 1941 1689 aliquot

433 1706 471 1743 V
475 1707 550 1754 irg.
565 1710 602 1740 et
616 1704 660 1741 V
651 1703 708 1741 al.
720 1704 860 1740 Flacci
866 1705 987 1752 injur.
1002 1705 1190 1754 suspectis
1197 1711 1268 1741 etc.
1290 1717 1330 1755 p.
1342 1705 1396 1744 97
1412 1717 1500 1756 sqq.
1523 1702 1633 1741 Bach
1651 1703 1702 1741 ad
1717 1704 1830 1742 Ovid.
1844 1706 1940 1744 Met.

426 1772 467 1819 2,
482 1769 563 1810 485
576 1777 614 1806 et
633 1783 729 1822 quos
738 1770 875 1808 laudat
885 1772 992 1809 locos
1004 1772 1113 1809 Τ.ΙῙ.
1123 1785 1163 1822 p.
1173 1772 1268 1811 621.
1296 1772 1516 1809 Wellauer.
1531 1770 1582 1808 ad
1597 1770 1741 1808 Aesch.
1761 1770 1940 1823 Choeph.

424 1839 523 1878 236.
549 1843 587 1874 et
614 1836 666 1873 ad
691 1839 877 1889 Apollon.
904 1836 1033 1876 Rhod.
1061 1839 1107 1885 1,
1134 1835 1231 1877 234.
1288 1839 1401 1876 Conf.
1423 1837 1545 1875 Drak.
1567 1837 1619 1875 ad
1634 1839 1722 1877 Liv.
1741 1839 1787 1887 1,
1807 1841 1856 1887 3,
1875 1840 1938 1887 9.,

425 1902 588 1941 Rulmk.
610 1903 661 1940 ad
673 1906 808 1955 Vellej.
820 1907 856 1954 1,
868 1908 909 1946 2.
929 1902 1107 1942 Oudend.
1119 1911 1158 1941 et
1172 1906 1339 1955 Herzog.
1351 1903 1402 1942 ad
1413 1905 1572 1943 Caes.b.
1597 1906 1700 1943 Gall.
1714 1907 1800 1953 1‚3.
1819 1907 1940 1944 Kritz.

426 1970 479 2008 ad
498 1971 596 2008 Sall.
618 1971 701 2008 Cat.
722 1973 771 2021 9,
794 1971 834 2013 4.
872 1975 911 2011 J.
934 1973 983 2009 A.
1011 1973 1168 2009 Ernesti
1197 1973 1340 2023 Opusc.
1365 1971 1506 2023 philol.
1528 1985 1569 2023 p.
1597 1973 1690 2013 132.
1732 1973 1870 2011 Jacob.
1897 1974 1940 2009 in

425 2040 584 2085 Quaest.
605 2039 769 2076 Lucian.
790 2037 841 2075 ad
861 2039 1011 2076 Toxar.
1026 2040 1144 2090 p.30.
1159 2046 1199 2076 et
1214 2039 1428 2076 Paldamus
1447 2040 1491 2076 in
1504 2041 1640 2090 Progr.
1657 2039 1706 2077 de
1717 2040 1941 2088 repetitione

425 2119 566 2142 vocum
586 2105 630 2141 in
646 2118 820 2142 sermone
841 2105 993 2142 Graeco
1018 2118 1069 2142 ac
1083 2106 1246 2142 Latino.
1279 2104 1550 2158 (Greifswald)
1578 2107 1698 2147 1836.
1711 2135 1722 2155 ,
1750 2105 1857 2158 quod
1875 2112 1940 2142 ta-

426 2185 519 2209 men
538 2173 733 2222 inspicere
753 2173 869 2210 nobis
890 2186 971 2211 non
992 2173 1118 2209 licuit.
1161 2171 1250 2211 Vid.
1269 2170 1390 2210 Jahn.
1410 2173 1454 2209 in
1472 2171 1637 2211 Jahrbb.
1659 2173 1780 2213 1836.
1798 2174 1939 2212 XVIII.

425 2254 465 2290 p.
486 2237 603 2287 344.,
625 2240 694 2290 qui
717 2238 766 2276 de
785 2239 894 2276 varia
915 2239 1124 2277 verborum
1141 2240 1398 2289 repetitorum
1416 2241 1567 2277 ratione
1585 2239 1779 2276 subtiliter
1801 2237 1939 2289 dispu-

425 2314 496 2344 tat.
513 2329 570 2335 ——
581 2307 702 2356 piger
724 2319 872 2351 annas,
902 2313 948 2343 ut
963 2307 1078 2357 pigri
1093 2306 1245 2343 Bootae
1263 2308 1356 2345 Juv.
1376 2308 1415 2355 5,
1435 2307 1504 2346 23.
1533 2305 1646 2344 ovid.
1667 2307 1773 2343 Fast.
1789 2306 1830 2353 3,
1841 2303 1937 2346 405.

427 2381 466 2410 et
489 2374 588 2411 Ister
608 2372 789 2410 omnibus
806 2373 1044 2424 ripispiger.
1070 2373 1211 2411 senec.
1232 2372 1338 2411 Med.
1358 2374 1452 2413 763.
1471 2373 1595 2422 pigra
1613 2371 1752 2420 Palm·-
1785 2373 1938 2410 Lucan.

427 2442 466 2488 2,
484 2438 580 2480 641.
597 2441 648 2478 cf.
671 2441 776 2478 Cort.
797 2438 849 2476 ad
866 2440 905 2488 5,
926 2437 1022 2480 434.
1051 2453 1159 2476 mare
1173 2441 1340 2490 pigrum
1359 2441 1456 2477 Tac.
1471 2440 1603 2476 Germ.
1618 2436 1687 2478 45.
1707 2460 1764 2468 —
1782 2437 1938 2490 epithe-

427 2512 499 2543 ton
525 2508 701 2544 maxime
727 2505 1088 2555 accommodatum,
1129 2506 1238 2558 quod
1266 2507 1425 2545 Veteres
1455 2518 1605 2542 annum
1634 2506 1710 2543 sibi
1739 2505 1939 2557 fingebant

427 2573 619 2610 mobilem
651 2581 690 2611 et
716 2575 853 2611 annuli
875 2575 1000 2612 instar
1022 2574 1065 2610 in
1092 2574 1227 2611 orbem
1255 2586 1340 2611 sese
1365 2574 1617 2622 volventem,
1649 2572 1731 2612 vid.
1749 2575 1862 2613 Voss.
1887 2572 1939 2611 ad

429 2640 537 2689 Virg.
559 2640 630 2677 Ge.
650 2642 689 2688 2,
715 2639 798 2681 402
821 2648 861 2678 et
884 2638 1052 2679 Seebod.
1070 2641 1170 2679 Krit.
1188 2641 1292 2678 Bibl.
1311 2641 1432 2681 1822.
1450 2654 1491 2691 Ρ.
1511 2641 1608 2681 237.

539 2708 585 2745 V.
606 2709 675 2746 22.
703 2705 1131 2756 Papillae—matrum.
1191 2708 1352 2744 Duram
1381 2714 1555 2744 matrum
1581 2706 1799 2744 custodiam
1818 2707 1939 2744 intel-

429 2771 510 2822 lige
533 2773 769 2810 severiorem
795 2787 819 2810 a
839 2775 1030 2812 matribus
1049 2775 1094 2811 in
1118 2775 1293 2826 pupillos
1314 2775 1530 2811 exercitam
1553 2772 1827 2812 educationem
1854 2774 1939 2810 sive

431 2838 681 2889 disciplinam
707 2837 987 2890 domesticam,
1019 2854 1150 2894 neque
1178 2842 1365 2890 tutelam,
1410 2853 1512 2893 quae
1541 2854 1563 2877 a
1589 2841 1780 2878 matribus
1809 2840 1939 2877 aliena

431 2912 527 2944 erat.
571 2907 700 2944 Locus
723 2907 830 2944 euim
850 2909 918 2946 ille
936 2909 1124 2948 Livianus
1143 2909 1211 2958 39,
1231 2909 1270 2958 9,
1290 2909 1318 2948 2
1335 2909 1502 2946 tutelam
1521 2909 1685 2946 minime
1702 2907 1866 2959 probat,
1894 2912 1940 2944 ut
