2028 3268
153 273 210 317 59
311 269 697 311 COMMENTARII
716 271 778 311 IN
795 267 1019 311 HORATII
1037 269 1136 311 LIB.
1151 269 1183 310 Ι.
1201 267 1372 311 EPIST.
1388 268 1543 310 SEXT.
1625 266 1710 310 331

153 395 225 440 44.
249 403 290 438 et
311 397 497 438 Ddbderl.
527 399 619 449 Syn.
648 397 694 436 V.
723 411 764 449 p.
782 398 880 440 217.
938 394 1166 448 Brieglebic·
1188 399 1315 435 autem
1340 395 1556 434 annotatio:
1587 409 1711 445 „con-

148 467 283 519 juncta
307 467 436 519 potius
459 467 654 518 requirere
675 465 900 504 videbantur
925 463 1072 502 blande
1081 479 1100 513 ,·
1141 464 1212 502 sed
1233 464 1406 502 nimirum
1430 465 1594 504 facetum
1619 464 1712 502 dixit

152 535 290 575 ludens
320 536 497 586 eundem,
529 548 642 586 quem
661 535 796 572 Cicero
826 534 926 572 serio
954 546 1074 584 agens
1104 533 1334 584 ineptum,“
1361 546 1494 584 parum
1513 533 1712 571 commoda

152 604 316 645 videtur.
371 604 582 654 Epitheton
607 603 732 654 ipsum
751 615 821 652 per
850 602 1030 640 omissum
1055 608 1101 638 ιιι
1130 601 1390 653 explicandum
1418 606 1551 640 censet
1569 602 1712 639 Bauer

152 673 202 712 ad
236 673 368 710 Sanct.
390 671 552 710 Minerv.
581 670 629 712 ΙΙ.
651 684 692 722 Ρ.
721 670 835 720 317.,
865 673 907 708 ut
933 670 994 707 alii
1018 671 1118 708 infra
1138 683 1175 708 v.
1206 671 1289 720 63„
1318 671 1388 708 sed
1412 671 1499 709 vide
1529 673 1712 708 annotata

153 742 205 780 ad
230 740 357 792 Epist.
397 741 444 789 1,
489 742 539 788 2,
584 736 652 781 42.
713 738 892 776 Ceterum
921 739 969 776 de
1003 738 1075 776 hac
1109 739 1250 776 blanda
1279 742 1319 776 et
1341 740 1476 790 patris
1504 743 1544 777 et
1563 739 1713 790 fratris

154 807 446 859 compellatione
470 807 547 844 vid.
574 810 728 858 praeter
755 808 922 858 interpp.
953 807 1003 844 ad
1027 807 1065 845 h.
1095 807 1122 845 l.
1146 807 1287 846 Heind.
1313 809 1361 846 ad
1391 809 1475 846 Sat.
1502 809 1544 858 2,
1575 808 1616 858 1,
1643 810 1709 850 12.

151 876 325 916 Broukh.
353 876 404 914 ad
432 873 521 913 Tib.
548 875 598 924 3,
639 877 689 924 1,
728 875 795 918 23.
853 874 1009 913 Ruhnk.
1040 875 1089 912 ad
1119 875 1280 913 Terent.
1306 874 1444 915 Heaut.
1478 876 1528 925 3,
1561 876 1613 925 1,
1644 875 1711 916 50.

151 945 316 996 Rupert.
346 945 398 982 ad
425 943 510 981 Juv.
540 943 581 992 5,
612 941 708 984 135.
765 942 926 982 Dorvill.
957 945 1007 982 ad
1039 943 1183 981 Charit.
1213 940 1255 992 4,
1284 943 1325 984 3.
1350 957 1391 995 p.
1422 943 1519 985 433.
1547 944 1711 994 interpp.

153 1015 203 1052 ad
226 1012 384 1051 Lucian.
420 1011 591 1062 Menipp.
621 1012 688 1053 21.
748 1011 809 1050 Cf.
838 1011 937 1048 infra
966 1013 1018 1060 7,
1065 1012 1135 1051 37.
1166 1015 1205 1050 et
1234 1011 1282 1049 de
1319 1015 1401 1050 tota
1442 1013 1633 1051 sententia
1662 1012 1712 1056 Q.

154 1082 236 1120 Cic.
259 1082 309 1119 de
335 1079 451 1120 Petit.
481 1078 625 1117 consul.
658 1079 736 1126 11,
785 1078 838 1121 32
855 1078 993 1120 —35.
1050 1077 1197 1119 Locum
1224 1081 1264 1118 in
1289 1093 1396 1119 suam
1414 1094 1497 1119 rem
1527 1080 1714 1119 convertit

150 1147 300 1188 Mazois
329 1147 370 1186 in
398 1146 562 1197 „Palast
587 1148 658 1184 des
689 1147 888 1184 Scaurus“
915 1161 955 1199 p.
987 1144 1056 1188 43.
1088 1146 1156 1190 54.

265 1215 312 1253 V.
338 1211 549 1255 56—64.
613 1214 663 1252 Si
692 1213 789 1252 bene
814 1237 872 1244 —
899 1215 1101 1266 voluptas.
1162 1216 1321 1256 Transit
1350 1217 1446 1257 Hor.
1477 1217 1527 1254 ad
1561 1216 1714 1255 tertium

151 1283 288 1322 summi
317 1281 410 1320 boni
442 1296 590 1333 genus,
639 1284 743 1334 quod
772 1284 988 1322 continetur
1013 1283 1123 1335 gulae
1150 1285 1310 1323 deliciis.
1368 1285 1459 1323 Inde
1488 1284 1641 1322 Persius
1671 1281 1714 1333 4,

154 1353 222 1394 17.
289 1351 403 1402 Quae
437 1351 511 1388 tibi
533 1366 693 1398 summa
720 1351 814 1390 boni
841 1352 928 1390 est?
975 1359 1100 1390 uncta
1134 1354 1278 1392 vixisse
1299 1353 1458 1404 patella
1489 1353 1653 1403 Semper
1677 1357 1714 1388 εὑ

152 1419 316 1458 assiduo
345 1427 488 1457 curata
516 1421 696 1458 cuticula
724 1420 835 1458 sole?
865 1421 926 1459 Cf.
947 1421 1028 1459 Sat.
1061 1422 1102 1470 2,
1132 1423 1171 1463 2.
1202 1420 1242 1463 4.
1270 1423 1310 1463 8.
1338 1426 1377 1461 et
1400 1425 1442 1472 7,
1475 1421 1712 1464 102—-111-

151 1488 279 1540 Epist.
306 1489 346 1539 1,
377 1491 418 1538 2,
449 1490 517 1531 28.
546 1488 613 1532 29.
673 1489 750 1527 Od.
770 1491 811 1538 2,
849 1487 916 1538 14,
953 1489 1020 1532 28.
1079 1488 1203 1528 Lucil.
1227 1491 1294 1528 Fr.
1317 1489 1358 1541 4,
1394 1490 1545 1532 1—9.
1603 1489 1711 1528 Pers.

153 1557 210 1608 3,
263 1557 318 1598 88
352 1570 437 1607 sqq.
508 1556 595 1594 Juv.
627 1558 706 1607 11,
764 1556 950 1599 3—-56-
1026 1556 1086 1595 Id.
1120 1556 1172 1608 4,
1217 1555 1272 1597 46
1307 1572 1392 1609 sqq.
1427 1559 1518 1609 ibiq.
1549 1557 1712 1608 Rupert.

152 1626 291 1664 Senec.
322 1624 481 1663 Consol.
511 1626 560 1663 ad
579 1625 690 1663 Helv.
721 1625 761 1664 9.
819 1625 945 1676 Epist.
968 1624 1038 1666 89.
1078 1622 1284 1663 'Controvn
1305 1625 1352 1663 V.
1372 1640 1542 1678 prooem.
1563 1626 1713 1677 p.223.

151 1692 327 1733 Macrob.
365 1682 521 1732 Saturn‘.
565 1696 616 1743 2,
660 1693 702 1733 9.
768 1692 926 1733 Petron.
962 1694 1011 1732 de
1048 1692 1189 1733 Mutat.
1225 1694 1337 1745 Reip.
1376 1695 1489 1733 Rom.
1531 1695 1586 1735 33
1627 1708 1713 1745 sqq.

151 1759 314 1801 Lucian.
352 1761 508 1811 Nigrin.
548 1761 616 1803 15.
658 1763 726 1803 16.
765 1761 835 1802 33.
894 1762 1058 1801 Becker.
1095 1762 1146 1800 ad
1187 1761 1290 1800 Gall.
1333 1762 1382 1801 II.
1427 1776 1468 1815 p.
1516 1763 1598 1804 130
1627 1776 1715 1812 sqq.

155 1829 304 1868 Contra
332 1829 503 1881 disputat
537 1829 673 1867 Cicero
699 1830 740 1868 in
773 1829 895 1869 Tusc.
927 1831 975 1880 5,
1015 1827 1096 1881 34,
1141 1830 1197 1871 97
1225 1843 1310 1881 sqq.
1368 1829 1502 1882 Aeque
1532 1830 1634 1869 salse
1671 1843 1718 1868 ac

152 1898 309 1936 ridicule
329 1897 436 1950 gula
463 1897 683 1950 perhibetur
711 1897 813 1944 dux,
839 1911 951 1950 quem
978 1898 1072 1937 lauti
1098 1899 1269 1938 homines
1297 1903 1505 1950 sequantur
1530 1901 1570 1938 in
1599 1912 1717 1950 quae-

153 1965 283 2004 rendis
305 1965 478 2016 dapibus.
538 1966 603 2004 Sic
629 1967 693 2017 qui
721 1965 885 2004 ducitur
910 1965 992 2004 libo
1007 1967 1205 2019 fumante
1230 1970 1390 2004 vocatur
1414 1967 1542 2019 gulae
1565 1980 1718 2018 paren-5·

154 2033 240 2071 Sat.
264 2035 306 2083 2,
324 2034 367 2083 7,
399 2033 494 2076 102.
514 2034 610 2075 111.
664 2034 763 2075 Hinc
791 2036 1043 2073 irritamenta
1067 2034 1194 2086 gulae
1216 2047 1279 2086 ap.
1309 2035 1405 2074 Tac.
1425 2036 1525 2074 Hist.
1559 2038 1599 2084 2,
1630 2036 1715 2085 62.,

155 2102 422 2140 instrumenta
445 2100 573 2153 gulae
599 2113 662 2152 ap.
683 2101 857 2140 Macrob.
885 2103 968 2140 Sat.
998 2105 1040 2152 2,
1073 2103 1139 2143 13.
1170 2106 1210 2140 et
1235 2102 1352 2139 homo
1380 2117 1461 2140 non
1483 2102 1717 2155 profundae

156 2170 292 2216 modo,
315 2169 388 2207 sed
413 2170 711 2220 intempestivae
734 2184 890 2222 quoque
913 2178 950 2208 et
972 2170 1158 2208 sordidae
1178 2169 1306 2222 gulae
1323 2183 1386 2222 ap.
1408 2171 1566 2209 Sueton.
1585 2169 1715 2208 Vitell.

159 2238 227 2281 13.
285 2237 444 2277 Lucian.
478 2239 631 2290 Nigrin.
663 2239 732 2280 33.
792 2238 994 2290 ὑπέφαινε
1033 2241 1135 2293 γοῦν
1164 2234 1371 2291 τεσσάρων
1400 2234 1608 2279 δακτύλων
1637 2236 1718 2278 αυ’-

157 2310 242 2354 τοῖς
273 2305 406 2347 εἵνεκα
433 2302 568 2347 πάντα
598 2310 819 2348 πονεῖσθαι
846 2304 917 2348 τόν
944 2302 1088 2356 πόνον,
1118 2302 1182 2359 ἐφ’
1213 2303 1335 2354 ’ὅσους
1361 2304 1385 2347 ὁ
1414 2303 1610 2358 μήκιστος
1639 2303 1718 2346 οἶν-

157 2371 335 2430 θρώπου
359 2370 501 2427 λαιμός
533 2375 653 2416 ἐστιν.
711 2375 975 2414 Festinatione
1012 2380 1139 2414 autem
1169 2376 1221 2413 ad
1250 2387 1314 2413 res
1350 2374 1471 2412 bonas
1507 2387 1603 2427 opus
1641 2378 1717 2425 est,

159 2448 203 2484 ut
238 2444 362 2496 primo
395 2457 521 2494 mane,
550 2445 588 2482 si
619 2443 741 2490 lucet,
771 2443 934 2494 cogites,
967 2445 1157 2494 quomodo
1187 2443 1299 2494 gulae
1330 2443 1504 2481 satisfiat.
1563 2444 1628 2481 Sic
1654 2443 1718 2481 ille

162 2513 323 2551 conviva
354 2512 566 2551 luxuriosus
599 2526 663 2565 ap.
692 2512 849 2551 Petron.
889 2510 978 2552 41.:
1014 2513 1134 2559 Dies,
1172 2513 1328 2564 inquit,
1365 2511 1474 2549 nillil
1497 2518 1581 2558 est,
1619 2511 1719 2549 dum

161 2594 298 2619 versas
325 2587 380 2628 te,
409 2595 488 2619 nox
507 2581 585 2629 fit:
617 2582 754 2633 itaque
774 2579 881 2617 nihil
898 2586 955 2617 est
982 2580 1143 2628 melias,
1173 2595 1297 2632 quam
1324 2580 1372 2618 de
1401 2579 1583 2618 cubiculo
1610 2587 1719 2617 recta

161 2651 206 2687 in
230 2649 451 2687 triclinium
479 2650 547 2692 zzre.
604 2649 704 2688 Mira
722 2650 838 2700 igitur
867 2651 928 2687 est
955 2648 1099 2686 Bothii
1125 2649 1409 2700 interpretatio:
1435 2648 1524 2699 „sol
1551 2649 1718 2687 nondum

159 2719 318 2768 occidit,
347 2731 422 2769 quo
450 2722 623 2770 tempore
654 2718 870 2757 coenabant
897 2718 1045 2768 frugi.“
1101 2717 1295 2756 Intellexit
1323 2715 1368 2755 V.
1398 2715 1465 2767 D.,
1494 2717 1551 2754 uti
1586 2716 1719 2754 Clzar-

34 2771 40 2779 ·
66 2802 70 2810 =
153 2786 388 2837 pantenus,
418 2786 590 2824 convivia
619 2788 860 2838 tempestiva.
917 2786 1067 2826 Rursus
1093 2786 1142 2824 ad
1172 2786 1412 2824 venationem
1440 2784 1604 2823 lucendi
1629 2799 1718 2824 ver-

18 2839 23 2847 .
159 2853 251 2893 bum
287 2853 463 2892 Orellius
489 2855 622 2905 refert,
651 2856 754 2906 quod
782 2855 923 2892 factum
952 2854 1104 2892 nollem.
1163 2853 1259 2892 mud
1287 2854 1385 2892 enim
1413 2852 1570 2892 verbum
1598 2867 1719 2905 gene-

158 2923 287 2973 ratim,
316 2926 359 2961 ut
391 2935 427 2961 v.
458 2922 526 2965 20.
558 2935 675 2960 mane
695 2925 836 2975 foram
853 2951 865 2968 ‚
895 2923 964 2965 32.
1000 2935 1097 2959 cave
1124 2934 1174 2959 ne
1204 2928 1369 2973 occupet
1375 2950 1394 2970 ,
1424 2933 1462 2961 v.
1494 2919 1564 2963 48.
1622 2922 1718 2959 Hoc

158 2990 316 3042 primus
344 2990 506 3041 dicitur,
557 2991 616 3030 cui
643 2991 781 3031 festiva
806 2988 1050 3043 subjungitur
1076 2990 1267 3030 sententia
1297 2991 1457 3032 haecce:
1493 2990 1718 3042 piscemur,

23 2971 54 3014 '‘z-
