2028 3268
163 257 246 300 119
331 256 708 297 COMMENTARII
726 257 784 296 IN
804 256 1027 297 HORATII
1043 255 1140 297 LIB.
1156 257 1188 299 Ι.
1205 255 1371 296 EPIST.
1387 255 1534 296 SEPT.
1617 256 1698 298 391

163 383 224 423 vel
251 381 405 433 rhedae,
437 383 494 420 cui
516 382 637 433 juncti
660 387 768 421 erant
792 381 962 420 manni.“
1004 380 1250 421 Praeiverunt
1272 382 1436 420 Baxter.
1471 382 1699 430 Weland„

170 450 353 490 Groebel.
413 451 542 490 Notae
571 450 723 501 quidem
750 454 950 501 poetarum
975 451 1160 489 dictiones
1189 451 1326 489 invehi
1352 453 1479 503 equis,
1505 453 1563 489 ire
1591 453 1701 504 equis

163 521 213 559 de
241 521 312 571 iis,
360 520 423 570 qui
453 531 562 556 curru
592 517 800 570 vehuntur,
848 519 923 557 vid.
951 518 1074 570 Heyn.
1105 519 1153 557 ad
1182 519 1288 570 Virg.
1319 520 1393 558 Ge.
1423 521 1450 562 3
1460 548 1473 571 ‚
1523 520 1622 563 358.
1661 525 1700 559 et

161 587 315 627 Ruhnk.
348 589 398 626 ad
422 587 532 626 Ovid.
553 587 647 626 Her.
671 589 711 635 1,
737 585 805 627 46.
859 587 989 625 Burm.
1010 589 1059 625 ad
1080 588 1193 626 ovid.
1217 587 1263 626 A.
1285 586 1333 626 A.
1358 591 1397 638 1,
1421 586 1518 632 214.
1577 589 1698 640 Origo

118 647 123 653 “
161 654 293 694 harum
317 655 522 694 dictionum
548 655 596 693 ab
621 656 789 693 Homero
817 659 939 694 tracta
965 669 1051 694 esse
1079 658 1241 706 videtur,
1270 659 1332 708 qui
1356 658 1429 696 nisi
1453 657 1510 695 bis
1537 658 1699 697 mentio·

160 737 250 763 nem
282 737 361 762 non
392 724 483 761 facit
519 725 723 774 equitandi.
780 721 864 762 Vid.
891 724 1089 775 Nitzsch.‚
1130 724 1176 762 V.
1209 725 1292 776 CL,
1337 726 1387 763 ad
1415 726 1527 764 Hom.
1556 726 1631 764 Od.
1658 725 1698 777 5,

161 794 261 835 371.
318 791 370 831 At
399 793 482 843 quis
511 805 674 843 unquam
697 792 807 843 equis
835 793 1042 843 impositus
1070 792 1192 845 (cujus
1219 794 1393 831 dictionis
1424 794 1595 846 exempla
1622 795 1698 832 vid.

160 875 225 914 ap.
257 859 409 911 Lamb.)
444 874 515 912 pro
546 862 589 898 in
611 860 846 911 plaustrum
875 862 1082 911 impositus
1117 861 1238 901 dixit?
1273 862 1394 901 Estne
1424 863 1517 901 haec
1549 862 1700 900 licentia

159 929 341 983 poetica?
369 929 482 968 Tolle
507 929 584 967 tale
610 930 929 980 interpretationis
952 934 1176 979 monstrum,
1204 930 1241 968 in
1271 932 1372 982 quod
1398 933 1464 970 viri
1493 931 1700 969 doctissimi

159 1010 347 1050 nunquam
385 998 628 1048 incidissent,
683 999 717 1036 si
744 998 925 1038 Horatius
960 1011 1048 1036 usus
1079 1002 1183 1036 esset
1213 999 1402 1050 Singulari
1431 1001 1606 1038 numero!
1659 998 1701 1035 Si

160 1065 310 1106 dubitas
332 1065 519 1105 Pluralem
546 1066 686 1104 habere
708 1080 779 1117 pro
803 1066 1079 1116 significatione
1104 1068 1269 1117 generis,
1299 1067 1409 1106 aliam
1437 1082 1517 1106 rem
1543 1069 1699 1106 circum-

157 1137 285 1187 spice,
333 1147 430 1185 quae
471 1134 539 1173 tibi
581 1136 762 1187 probabit
803 1136 1032 1186 impositum
1070 1136 1144 1172 uni
1182 1149 1227 1173 ex
1265 1138 1438 1176 mannis,
1501 1135 1698 1187 Philippus

107 1230 110 1237 .
157 1203 270 1253 enim,
300 1215 374 1254 quo
403 1203 476 1241 fuit
502 1203 707 1242 nobilitatis
739 1217 906 1255 genere,
935 1205 1008 1241 iter
1030 1203 1196 1242 faciebat
1226 1218 1307 1243 cum
1329 1219 1397 1243 suo
1429 1206 1566 1243 comite
1596 1216 1699 1242 com-

154 1269 325 1322 pluribus
363 1284 454 1309 usus
495 1273 614 1323 equis.
670 1271 923 1324 Locupletem
965 1272 1075 1322 hujus
1116 1274 1170 1311 rei
1211 1277 1350 1311 testem
1388 1274 1473 1311 audi
1515 1274 1700 1311 Senecam

154 1338 298 1391 (Epist.
325 1338 432 1391 87.):
480 1340 540 1378 M
580 1340 678 1378 Cato
719 1337 927 1379 Censorius
955 1342 1130 1378 canterio
1164 1341 1382 1379 vellebatur
1407 1348 1444 1378 et
1470 1341 1700 1392 hippoperis

156 1407 320 1460 quidem
352 1409 559 1459 impositis,
591 1416 639 1446 ut
662 1423 796 1447 secum
824 1411 944 1448 utilia
967 1415 1146 1461 portaret
1178 1431 1226 1437 —
1258 1431 1317 1439 -—
1343 1432 1400 1438 —-
1435 1409 1471 1447 O
1501 1417 1699 1462 quantum

154 1483 242 1514 erat
268 1476 394 1514 seculi
421 1476 568 1524 decus,
597 1479 874 1530 imperatorem
905 1476 1192 1530 triumphalem
1206 1504 1222 1523 ,
1253 1479 1473 1515 censorium
1486 1507 1501 1524 ‚
1532 1486 1567 1515 et
1593 1477 1704 1530 quod

152 1559 275 1596 super
298 1546 433 1582 omnia
465 1545 566 1583 haec
591 1554 664 1593 est,
695 1548 884 1586 Catonem
899 1576 911 1593 ,
936 1561 1015 1585 uno
1045 1545 1206 1584 caballo
1231 1559 1310 1582 esse
1338 1553 1566 1583 contentum
1589 1553 1626 1582 et
1651 1559 1700 1583 ne

153 1620 231 1650 toto
256 1613 430 1666 quidem.
493 1616 659 1653 Partem
688 1618 793 1654 enim
821 1618 1005 1654 sarcinae
1037 1614 1091 1653 ab
1123 1622 1291 1666 utroque
1319 1614 1442 1652 latere
1473 1614 1699 1665 dependen-

151 1688 208 1720 tes
235 1681 502 1732 oeclcpabant.
559 1683 625 1722 Ita
649 1699 731 1723 non
768 1684 953 1724 omnibus
990 1684 1116 1722 obesis
1147 1684 1307 1720 mannis
1346 1689 1383 1718 et
1420 1681 1699 1720 asturconibus

151 1757 190 1787 et
220 1749 434 1788 tollutariis
462 1753 688 1805 praeferres
717 1756 883 1792 unicum
917 1753 1036 1790 illum
1067 1765 1213 1803 equum
1239 1750 1292 1787 ab
1323 1752 1406 1801 ipso
1443 1751 1592 1789 Catone
1630 1750 1699 1787 de-

141 1818 345 1872 frictum?
370 1819 566 1860 Romanos
591 1824 736 1861 mannis
766 1823 841 1861 illis
865 1823 915 1860 ad
943 1821 1187 1873 equitandum
1214 1832 1363 1870 quoque
1389 1832 1479 1857 usos
1511 1832 1620 1869 esse,
1652 1819 1699 1857 de

148 1900 224 1939 qua
245 1901 288 1926 re
310 1888 479 1926 nonnulli
500 1890 731 1942 interpretes
757 1892 944 1940 dubitant,
979 1892 1132 1941 praeter
1156 1888 1254 1925 hunc
1285 1887 1408 1925 locum
1437 1891 1600 1926 testatur
1620 1886 1699 1925 Au-

149 1956 279 1994 sonius
310 1969 460 2006 quoque
488 1957 527 1995 in
549 1958 675 2009 Epist.
704 1962 755 2010 8,
783 1962 823 2000 7.
891 1957 967 1997 Vel
995 1956 1159 1994 celerem
1189 1969 1412 2001 mannum,
1442 1956 1507 1993 vel
1532 1963 1698 2006 ruptum

150 2031 266 2075 terga
299 2024 487 2061 veredum
521 2026 774 2064 Conscendas
785 2054 802 2072 ‚
847 2038 1016 2076 propere
1051 2024 1264 2062 dammodo
1302 2025 1456 2061 venias.
1518 2024 1696 2074 Denique

147 2093 196 2132 ad
233 2092 331 2130 hunc
365 2091 489 2130 locum
525 2095 597 2132 rite
631 2094 959 2145 interpretandum
995 2093 1088 2129 facit
1125 2097 1164 2130 et
1202 2090 1419 2129 observatio
1458 2090 1695 2129 Scholiastae

149 2161 268 2212 Cruq.
292 2161 342 2197 ad
367 2159 494 2210 Epod.
521 2157 563 2210 4,
593 2158 675 2211 14„
697 2162 760 2199 ubi
786 2162 920 2211 „viros
945 2160 1135 2210 principes
1160 2160 1233 2198 iter
1257 2159 1307 2197 ad
1329 2171 1419 2196 suos
1449 2171 1563 2208 agros
1590 2173 1696 2197 man-

147 2230 206 2268 nis
233 2227 414 2267 fecisse“
444 2228 549 2267 dicit.
609 2230 856 2282 Quapropter
891 2229 1146 2266 Torrentius:
1196 2227 1320 2278 „Hoc
1350 2239 1501 2280 quoque
1534 2227 1696 2265 Maenae

149 2297 406 2336 commoditati
429 2296 570 2346 datum,
591 2301 632 2335 ut
656 2298 868 2336 manniculo
887 2298 1101 2346 veheretur,
1125 2296 1179 2334 uti
1205 2296 1312 2333 dives
1337 2293 1398 2331 ille
1417 2294 1555 2332 Maena
1579 2295 1694 2334 liber—

147 2369 210 2405 tus
237 2365 365 2416 Epod.
394 2364 487 2403 IV.“
511 2370 551 2403 et
585 2365 628 2403 C.
657 2366 902 2404 Passovius:
949 2364 1070 2415 „Auf
1092 2377 1178 2401 zum
1201 2362 1376 2413 Klepper
1401 2362 1482 2400 sich
1511 2364 1695 2415 schwingt

147 2433 235 2472 er.“
292 2433 336 2472 In
362 2445 407 2471 ea
416 2459 429 2482 ,
459 2446 570 2484 quam
590 2435 778 2473 refutasse
803 2434 893 2472 mihi
915 2435 1070 2482 videor,
1099 2431 1287 2470 sententia
1317 2429 1572 2468 Sckmidium
1599 2445 1695 2482 quo-

146 2515 223 2553 que
248 2514 336 2540 esse
364 2514 464 2538 nunc
493 2503 618 2540 videt).
679 2503 716 2541 Is
745 2517 814 2555 per
843 2503 973 2542 literas
1003 2515 1063 2539 me
1092 2501 1273 2538 admonet
1307 2498 1476 2537 locorum
1502 2500 1616 2538 Ovid.
1648 2514 1694 2540 ex

146 2569 260 2608 Pont·
286 2570 336 2618 3,
386 2567 436 2619 4,
484 2570 580 2610 100.
639 2571 791 2612 Ruhnk.
821 2572 871 2609 ad
903 2571 1050 2609 Callim.
1080 2570 1217 2620 Hymn.
1248 2569 1286 2605 in
1317 2567 1447 2606 Cerer.
1476 2568 1545 2608 87.
1577 2573 1615 2607 et
1642 2570 1692 2607 ad

148 2636 324 2676 Albinov-
350 2636 462 2687 Eleg·
489 2638 583 2680 112·
640 2640 685 2678 In
715 2641 875 2678 eandem
898 2639 1124 2678 sententiam
1153 2637 1268 2675 vertit
1295 2636 1335 2673 J.
1363 2635 1525 2673 Merkel.
1541 2652 1554 2673 .-
1585 2635 1696 2687 „Auf

147 2703 459 2744 leichtrollenden
480 2704 630 2756 Wagen
664 2708 880 2758 gesetzt‚“
931 2718 1144 2758 quanquam
1172 2719 1210 2756 p.
1237 2703 1338 2746 XXI.
1365 2709 1469 2743 recte
1496 2705 1689 2756 observat,

145 2772 262 2811 verbo
294 2773 501 2822 impositus
526 2772 679 2814 Menam
702 2777 763 2814 vel
793 2776 1042 2815 reluctantem
1065 2773 1125 2811 vel
1146 2773 1299 2810 sinistre
1326 2786 1471 2811 currum
1499 2773 1574 2826 (Ξῖ)
1597 2789 1690 2813 con-

147 2841 393 2879 scendentem
429 2840 645 2890 significari.
722 2844 783 2884 De
831 2845 977 2882 mannis
1022 2854 1227 2890 eorumque
1270 2853 1340 2879 usu
1380 2842 1454 2879 vid.
1494 2840 1610 2880 Torr.
1650 2847 1690 2880 et

147 2907 299 2947 Mitseh.
327 2908 376 2945 ad
404 2908 530 2959 Epod.
556 2906 597 2958 4,
629 2907 695 2950 14.
753 2912 837 2949 Jan.
867 2912 915 2949 ad
947 2910 1022 2948 Od.
1053 2909 1095 2958 3,
1126 2910 1194 2959 27,
1222 2909 1262 2948 6.
1320 2908 1477 2949 Reines.
1496 2915 1534 2949 et
1558 2912 1686 2948 Burm.

148 2975 198 3015 ad
225 2974 382 3014 Petron.
406 2973 474 3017 45.
505 2990 544 3028 p.
568 2975 664 3020 219.
723 2979 890 3019 Seebod.
914 2978 940 3017 1.
965 2978 989 3017 l.
1020 2991 1060 3029 p.
1087 2979 1155 3021 21.
1185 2977 1238 3018 N.
1264 2978 1304 3019 5.
1360 2979 1479 3019 Beck.
1508 2980 1557 3018 ad
1585 2979 1683 3017 Gall.
