2054 3268
273 252 647 292 COMMENTARII
674 252 728 290 IN
751 250 973 290 HORATII
1001 248 1176 287 EPIST.
1208 249 1353 290 PRIM.
1381 249 1482 287 Lm.
1512 249 1545 286 1.
1630 245 1686 287 55

140 369 172 405 1.
192 381 234 420 p.
253 364 363 415 442„
392 365 631 404 Stallbaum.
654 363 706 405 ad
725 365 829 403 Plat.
848 361 1001 401 Phaed.
1025 377 1059 400 c.
1084 360 1126 403 4.
1146 377 1187 415 p.
1208 359 1278 403 34.
1299 369 1359 411 et,
1382 374 1504 414 quem
1518 360 1686 400 laudant

139 437 206 482 Fr.
226 435 386 474 Jacobs.
410 433 440 470 l.
461 433 491 470 1.
525 440 564 471 et
590 432 744 472 Riedel.
772 431 824 470 ad
849 433 980 483 Epist.
1008 432 1058 480 2,
1086 431 1109 470 1
1124 460 1134 479 ,
1165 431 1258 480 98.,
1284 431 1329 468 C.
1346 432 1396 468 A.
1418 429 1496 468 den
1515 431 1622 468 Tex.
1641 431 1685 468 iu

139 505 260 554 Disp.
282 503 332 541 de
347 503 390 540 νί
414 502 580 538 musices
607 501 667 539 ad
684 499 939 539 excolendum
969 499 1169 536 hominem
1201 512 1247 535 ex
1276 500 1468 536 sententia
1497 497 1686 537 Platonis

138 571 248 622 Traj.
273 570 395 611 1816.
439 568 556 607 Adde
570 571 838 621 Baumgarten
850 590 871 597 -
883 569 1090 606 Crusiuln:
1118 566 1353 617 Disciplina
1360 566 1560 615 juvenilis
1581 566 1685 604 Pla-

139 640 270 676 tonica
290 652 383 675 eum
405 645 541 675 nostra
564 645 833 689 comparatur.
893 638 1014 674 Misn.
1028 666 1038 685 ‚
1063 633 1286 674 Klinkicht.
1314 635 1437 676 1836.
1467 650 1508 688 p.
1533 636 1603 676 28.
1622 647 1683 689 sq.

139 709 243 745 Hine
263 713 447 759 apparet,
477 720 599 759 quam
618 713 709 758 apte
725 713 764 744 et
784 706 956 743 scienter
975 706 1164 742 Horatius
1184 717 1281 742 usus
1302 704 1423 742 fuerit
1442 702 1520 742 hac
1538 704 1684 742 simili-

138 774 292 815 tudine.
349 773 499 822 Quodsi
516 775 690 827 poetices
708 773 926 812 detraxeris
950 780 1206 822 ornamenta,
1227 779 1296 810 aut
1316 773 1554 824 simpliciter
1563 785 1684 812 voca-

138 843 244 882 bulis
254 844 335 881 illis
346 842 627 894 philosophiae
639 844 684 880 in
698 844 853 880 animos
863 842 1072 880 hominum
1087 842 1169 878 vim
1181 840 1417 892 significare,
1438 848 1507 880 aut
1524 847 1683 878 utrum·-

140 925 219 964 que
247 911 490 950 vocabulum
522 919 674 950 remoto
705 918 820 963 tropo
863 910 1110 962 distinguere
1142 910 1272 947 voluit
1311 908 1389 947 hoc
1416 910 1500 947 fere
1536 907 1682 948 modo:

139 1009 166 1029 „
182 980 288 1017 Sunt
308 980 505 1031 quaedam
516 979 796 1031 philosophiae
806 986 1026 1031 praecepta
1046 977 1213 1029 (verba)
1223 1006 1240 1024 ,
1272 985 1368 1016 sunt
1394 977 1595 1030 quaedam
1618 977 1684 1015 di·-

137 1047 350 1098 sciplinae,
371 1061 474 1099 quae
492 1062 609 1085 sensu
626 1049 710 1085 veri
723 1047 1122 1099 pulchritudinisque
1138 1046 1345 1084 excitando
1371 1046 1612 1099 colendoque
1638 1047 1682 1096 (i.

138 1130 174 1153 e.
191 1116 364 1159 musices
382 1123 498 1165 artes,
521 1118 646 1166 voces)
666 1116 876 1154 hominum
897 1129 1023 1153 mores
1043 1114 1257 1152 emendant
1274 1115 1539 1167 acjbrmant‚
1559 1128 1684 1167 neque

126 1183 242 1236 jeros
255 1197 335 1222 esse
347 1185 498 1222 sinunt.
529 1186 565 1222 A
586 1198 666 1237 quo
685 1198 807 1222 sensu
822 1197 906 1222 non
924 1183 1101 1221 multum
1117 1180 1316 1232 abhorret,
1337 1182 1447 1236 quod
1468 1183 1517 1222 de
1534 1197 1577 1221 se
1593 1185 1681 1236 ipso

137 1251 343 1304 profitetur
361 1254 487 1291 Poeta
518 1254 559 1290 in
590 1254 720 1304 Epist.
753 1254 802 1300 2,
834 1254 884 1301 2,
922 1250 1018 1293 143.
1054 1251 1212 1303 (ibique
1241 1241 1474 1290 S'chmidius
1500 1266 1538 1304 p.
1561 1253 1681 1302 227.)

136 1321 305 1358 Uberius
325 1333 410 1358 rem
438 1321 606 1358 tractavi
627 1321 671 1356 in
698 1321 1013 1357 Zimmermann.
1032 1318 1227 1358 zeitschr.
1256 1321 1378 1362 1833.
1404 1335 1446 1372 p.
1470 1319 1681 1362 873—75.

137 1389 250 1426 Unus
265 1386 367 1426 mihi
384 1389 599 1426 assentitur
615 1385 859 1437 Schmidius,
878 1390 956 1427 nisi
975 1387 1085 1426 idem
1102 1389 1200 1427 olim
1216 1391 1341 1427 sensit
1356 1390 1533 1438 Vossius,
1556 1401 1682 1441 quum

136 1463 329 1494 verteret:
362 1457 531 1506 „Worte
549 1456 590 1506 ja
610 1450 750 1506 giebt’s
771 1455 855 1494 und
876 1458 1036 1495 Tdne.“
1058 1479 1114 1485 —

247 1526 296 1563 V.
313 1525 383 1566 35.
409 1525 546 1562 Possis
566 1547 622 1552 -
631 1531 807 1575 partem.
846 1526 1043 1564 Similiter
1065 1526 1247 1564 Catullus
1271 1524 1321 1562 de
1340 1538 1414 1564 suo
1432 1523 1529 1563 dicit
1545 1537 1680 1563 amore

136 1591 223 1645 (76,
239 1591 333 1645 25):
363 1593 456 1643 Ipse
483 1592 615 1630 valere
641 1600 731 1643 opto
759 1599 795 1629 et
824 1601 968 1631 tetrum
996 1593 1106 1631 hune
1137 1594 1328 1645 deponere
1353 1592 1550 1631 morbum.
1611 1593 1681 1632 Sic

126 1674 261 1712 ponas
276 1662 454 1712 insignia
469 1660 598 1698 morbi
617 1662 702 1700 Sat.
720 1661 760 1709 2,
781 1660 822 1709 3,
843 1659 942 1702 254.
999 1663 1184 1702 Socrates
1205 1677 1270 1715 ap.
1290 1660 1478 1715 Xenoph.
1497 1662 1619 1699 Mem.
1637 1662 1678 1711 3,

135 1727 175 1777 5,
199 1730 265 1770 18.
293 1729 471 1784 πονηρίᾳ
487 1732 632 1770 νοσεῖν.
690 1727 857 1766 Morbos
885 1731 994 1768 enim
1026 1733 1237 1770 nominant
1268 1729 1502 1784 philosophi
1539 1743 1679 1770 omnes

135 1797 260 1835 animi
284 1797 614 1848 perturbationes.
672 1799 775 1835 Hinc
800 1799 916 1837 Plato
948 1799 997 1838 de
1018 1800 1189 1852 Republ.
1222 1797 1262 1840 4.
1287 1814 1329 1852 p.
1352 1797 1451 1840 444.
1484 1800 1535 1837 Ε.
1563 1797 1676 1837 Frkf.

134 1879 176 1916 p·
192 1863 290 1906 647·
310 1866 361 1904 D.
382 1861 518 1919 Ἀρετή
540 1864 612 1918 μὲν
636 1863 736 1920 ἄρα,
757 1863 811 1914 ὥς
829 1865 971 1918 ἔοικεν,
990 1863 1124 1922 ’ὑγίειά
1143 1865 1183 1908 τὲ
1206 1883 1265 1915 τις
1285 1864 1339 1908 ἄν
1362 1868 1423 1921 εἴη
1443 1866 1513 1908 καὶ
1533 1864 1678 1916 κάλλος

135 1931 205 1974 καὶ
223 1930 352 1983 εὐεξία
371 1936 525 1986 ψυχῆς,
553 1935 673 1975 κακία
696 1932 739 1975 δὲ
756 1931 873 1983 νόσος
891 1951 933 1977 τε
950 1935 1020 1977 καὶ
1040 1933 1178 1989 αἶσχος
1197 1935 1266 1976 καὶ
1285 1932 1493 1979 ἀσθένεια.
1522 1937 1677 1975 Seneca

135 2001 264 2052 Epist.
290 2002 360 2042 75.
415 2002 550 2040 Morbi
567 2010 660 2040 sunt
677 2004 896 2041 inveterata
914 2006 1015 2044 vitia
1031 2013 1069 2042 et
1087 2005 1192 2043 dura
1203 2019 1216 2041 .-
1242 2012 1289 2042 ιιι
1308 2006 1502 2051 avaritia,
1522 2012 1570 2042 ut
1587 2018 1678 2042 am-

138 2067 232 2104 bitio
250 2067 393 2115 nimia,
413 2077 630 2122 postquam
645 2071 745 2108 haec
771 2073 954 2111 animum
980 2073 1266 2124 implicuerunt
1292 2079 1329 2109 et
1347 2079 1547 2125 perpetua
1566 2072 1679 2112 mala

137 2148 217 2174 esse
234 2145 455 2186 coeperunt.
516 2139 598 2176 Cic.
616 2141 740 2178 Tusc.
757 2140 797 2188 3,
818 2138 859 2180 4.
880 2139 921 2190 4,
949 2142 1016 2182 13.
1047 2143 1136 2179 Fin.
1156 2141 1195 2190 1,
1222 2139 1288 2189 18,
1309 2140 1378 2181 59.
1435 2142 1622 2180 Lambin.
1638 2149 1678 2180 et

138 2202 283 2241 Heind.
305 2202 356 2241 ad
375 2204 460 2243 Sat.
485 2207 522 2255 1,
546 2208 586 2256 6,
604 2206 693 2255 30.,
726 2207 836 2245 idem
864 2209 916 2246 ad
941 2211 1047 2247 Plat.
1074 2208 1246 2248 Theaet.
1272 2209 1341 2249 68.
1362 2223 1403 2260 p.
1424 2209 1522 2250 374-
1562 2210 1676 2249 Stob.

134 2275 275 2326 Eclog.
294 2277 352 2323 11,
378 2276 419 2315 7.
443 2287 484 2326 p.
510 2274 604 2315 182.
639 2276 782 2313 Muret.
809 2277 850 2313 in
874 2277 1017 2315 Senec.
1039 2278 1180 2315 Benef.
1210 2278 1313 2328 Opp.
1332 2277 1404 2314 ΠΙ.
1425 2291 1467 2328 p.
1492 2278 1534 2318 8.
1565 2278 1675 2317 Doe-

136 2343 238 2394 ring.
263 2342 312 2380 ad
336 2343 482 2380 Catull.
506 2344 537 2380 1.
552 2357 594 2394 p.
616 2344 710 2384 121.
740 2345 825 2391 Qua
845 2343 894 2382 de
913 2359 955 2382 re
974 2346 1116 2383 Graeci
1132 2347 1282 2397 pariter
1297 2358 1343 2382 ac
1363 2347 1498 2382 Latini
1517 2351 1676 2388 νοσεῖν-

132 2417 339 2462 aeg-rotare
358 2409 406 2448 de
426 2411 655 2463 perturbato
676 2412 867 2464 cujusque
895 2414 952 2451 rei
978 2420 1087 2452 statu
1104 2421 1320 2466 usurpant,
1349 2412 1433 2452 vid.
1454 2415 1595 2454 Jacob.
1624 2415 1676 2455 ad

133 2479 298 2517 Lucian.
326 2477 547 2531 Alevndr.
572 2493 614 2531 p.
647 2481 717 2522 60.

243 2547 292 2584 V·
319 2547 390 2587 36.
446 2548 606 2586 Laudis
632 2572 689 2577 -
711 2563 845 2587 anwre
868 2557 994 2587 tumes
1029 2563 1123 2588 eum
1151 2548 1323 2599 indicat,
1360 2550 1431 2604 qui
1459 2549 1673 2589 ambitione

133 2613 245 2651 mala
257 2614 390 2664 pallet
418 2615 521 2668 (Sat.
538 2618 587 2665 2,
611 2618 658 2667 3,
681 2618 790 2670 78.)‚
821 2619 888 2655 vel
916 2631 1037 2670 quem
1065 2617 1207 2655 titillat
1221 2618 1357 2670 gloria
1382 2618 1457 2670 (ib.
1476 2632 1516 2657 v.
1541 2620 1671 2673 179.)‚

133 2695 255 2734 quem
283 2683 385 2732 cepit
416 2684 543 2721 vitrea
554 2685 681 2736 sama
710 2682 785 2740 (ib.
804 2701 844 2725 v.
864 2688 995 2737 222.).
1026 2688 1080 2724 Ut
1107 2693 1255 2724 tumere
1283 2688 1365 2725 irae
1386 2686 1670 2727 describendae

132 2750 299 2788 verbum
320 2757 380 2788 est
397 2751 548 2802 (Bentl.
573 2752 624 2791 ad
645 2755 694 2792 A.
713 2757 760 2793 P.
781 2755 915 2805 196.)‚
946 2756 1002 2792 ita
1020 2756 1142 2792 etiam
1158 2755 1408 2805 ambitionis,
1431 2769 1558 2795 vanae
1579 2759 1671 2797 lau—

133 2816 195 2856 dis
217 2825 257 2856 et
277 2819 506 2870 superbiae,
533 2827 580 2859 ut
600 2822 668 2859 Gr·
686 2826 960 2874 φυσιοῦσθαι,
986 2827 1221 2875 φυσοῖσθαι,
1244 2818 1492 2878 ὄγκοῦσθαι,
1516 2826 1602 2865 Sat.
1630 2829 1668 2877 1,

130 2886 174 2936 7,
195 2888 237 2928 7.
257 2889 306 2936 2,
334 2888 375 2936 3,
401 2889 498 2929 213.
555 2889 629 2929 Od.
650 2888 690 2940 4,
714 2892 755 2940 3,
783 2891 824 2932 8.
882 2893 1011 2939 Quare
1038 2893 1283 2943 arrogantia,
1312 2893 1439 2933 fastus
1465 2909 1538 2948 per
1563 2903 1670 2933 utres

132 2955 366 3007 tumefactos
383 2954 582 3010 designari
601 2960 704 2998 solet
724 2959 809 2999 Sat.
830 2961 869 3010 2,
889 2959 928 3010 5,
947 2961 1016 3002 98.
1042 2959 1091 2999 de
1113 2974 1192 3014 quo
1212 2962 1301 3001 loco
1318 2963 1472 3003 erudite
1493 2964 1670 3018 disputat
