2028 3268
107 242 160 285 11
213 237 598 281 COMMENTARII
623 238 685 278 IN
710 235 943 278 HORATII
970 235 1072 278 LIB.
1100 235 1131 276 Ι.
1157 235 1325 275 EPlsT.
1355 233 1517 274 TERT.
1570 231 1655 273 201

105 366 202 406 hanc
222 366 272 404 ad
291 365 444 404 Florum
465 365 615 403 dedisse
634 363 857 415 Epistulam.
896 361 1016 400 Recte
1035 362 1151 413 igitur
1169 363 1390 399 Massonus
1406 359 1430 398 l.
1449 359 1472 398 l.
1490 373 1528 412 p.
1545 359 1656 409 286„

111 433 364 474 Weichertus
385 433 412 472 l.
434 433 459 470 l.
479 446 520 485 p.
542 432 656 483 370.‚
671 431 920 469 Kirehnerus
937 431 975 467 in
1002 429 1080 479 Qu.
1107 431 1254 467 Horat.
1271 428 1366 481 p.5.
1379 427 1448 468 38.
1467 427 1560 466 etin
1576 426 1654 464 tab.

107 501 286 552 chronol„
319 501 587 552 Grotesendus
603 502 643 538 in
663 499 846 551 Allgem.
868 497 1089 549 Eneyclop.
1115 499 1216 538 Sect.
1234 496 1282 535 ΙΙ.
1303 496 1413 534 Tom.
1433 495 1479 534 X.
1499 508 1536 546 p.
1557 490 1656 545 473,

108 569 328 619 quibuscum
347 569 438 607 facit
464 570 558 606 Car.
572 568 731 605 Franke
751 568 789 605 in
812 567 924 604 Fast.
944 567 1048 604 Hor.
1070 567 1235 604 Berolin.
1249 564 1373 605 1839.
1388 578 1427 616 p.
1440 563 1549 613 201„
1566 563 1656 600 scri-

107 635 480 688 ptionemEpistolae
499 637 550 674 ad
570 646 709 674 annum
718 635 828 674 U.C.
843 632 926 675 734
942 634 1050 673 Varr.
1070 635 1252 674 referunt.
1276 632 1414 671 Nescio
1429 631 1557 682 igitur,
1581 643 1658 680 qua

106 704 253 743 ratione
269 705 396 754 ducti,
419 705 492 742 nisi
510 708 570 742 est
594 704 734 742 mentio
742 702 863 741 Hebri
881 701 998 752 glacie
1012 703 1156 741 astricti
1176 703 1247 743 v.3
1264 703 1388 750 facta,
1413 699 1658 737 Sanadonus

107 775 148 810 et
178 772 420 824 Doriglzello
445 772 654 824 Epistolam
693 786 729 813 a.
749 771 843 812 733.
872 770 980 810 Varr.
1004 771 1183 820 scriptam
1207 773 1345 822 putent
1364 769 1531 818 itemque
1556 768 1659 805 unde

107 839 300 878 hauserint
329 839 430 878 illam
456 842 504 878 de
531 841 646 878 Floro
675 840 810 878 comite
835 838 977 876 Tiberii
1005 839 1045 875 in
1062 837 1289 877 Dalmatiam
1318 850 1353 875 a.
1380 837 1478 877 731.
1499 834 1660 888 profecti

109 911 374 948 narrationem.
436 908 697 946 Welandias
726 919 877 957 quoque
900 907 1028 958 lapsus
1058 912 1138 958 est,
1182 920 1299 957 quum
1326 917 1482 943 vernum
1507 908 1659 954 tempus

109 988 148 1016 a.
168 975 268 1017 735.
297 976 491 1028 Epistolae
507 976 670 1027 scriptae
691 979 886 1013 statueret.
940 974 998 1012 Ex
1026 975 1098 1014 alio
1129 976 1235 1013 sonte
1254 974 1420 1012 manavit
1439 985 1543 1010 error
1563 972 1660 1009 Da-

108 1044 199 1090 rui,
227 1044 447 1095 interpretis
475 1043 764 1094 elegantissimi,
807 1055 924 1093 quum
957 1043 1114 1082 diceret:
1163 1042 1230 1093 „Il
1252 1043 1377 1094 parait
1404 1054 1479 1091 que
1500 1040 1660 1078 celle—ci

107 1112 168 1150 sut
200 1113 313 1151 e'crite
343 1112 514 1162 pendant
552 1111 589 1148 la
613 1124 748 1162 guerre
773 1112 821 1149 de
853 1111 1062 1162 Dalmatie,
1101 1111 1370 1149 c’est-a-dire
1397 1122 1481 1147 vers
1506 1109 1582 1147 l'an
1610 1110 1659 1147 de

107 1177 230 1218 Rome
255 1180 380 1220 733.“

220 1247 268 1287 V.
299 1249 337 1289 1.
372 1249 410 1289 2.
458 1247 548 1284 Juli
582 1247 698 1286 Flore
719 1270 776 1275 —
794 1247 947 1285 laboro.
1009 1247 1055 1284 In
1083 1245 1154 1284 hac
1180 1246 1265 1297 ipsa
1291 1244 1560 1298 percontandi,
1596 1244 1661 1282 ubi

110 1319 291 1353 terrarum
311 1315 486 1354 Tiberius
502 1315 640 1353 bellum
658 1319 784 1366 gerat,
811 1317 958 1354 ratione
977 1315 1175 1363 unicuique
1191 1314 1305 1352 verbo
1335 1325 1405 1350 sua
1426 1316 1485 1350 est
1507 1313 1660 1363 elegan-

111 1382 177 1420 tia.
233 1381 353 1420 Notio
380 1384 564 1432 quaedam
589 1383 661 1421 loci
689 1387 728 1421 et
752 1384 883 1421 incerti
917 1388 955 1421 et
979 1383 1174 1434 longinqui
1213 1382 1445 1432 significatur
1477 1381 1658 1419 formula:

110 1449 254 1500 quibus
283 1458 375 1487 terr.
411 1453 488 1489 oris
497 1480 514 1497 ‚
552 1456 594 1489 ut
616 1452 721 1502 Virg.
742 1450 838 1491 Aen.
862 1452 884 1491 1
898 1479 910 1501 ,
935 1452 1030 1492 331.
1059 1450 1205 1502 quibus
1227 1449 1332 1486 orbis
1352 1451 1394 1486 in
1421 1451 1500 1486 oris
1523 1451 1660 1487 Jacte-

109 1531 226 1564 mur,
255 1517 422 1565 doceas;
453 1520 533 1557 Cic.
560 1522 607 1558 de
622 1519 673 1560 N.
698 1519 750 1557 D.
774 1521 813 1568 2,
844 1520 912 1560 66.
939 1533 1192 1571 quacumque
1217 1519 1261 1555 in
1289 1532 1360 1554 ora
1383 1525 1420 1554 et
1444 1526 1563 1568 parte
1579 1525 1659 1554 ter-

108 1598 248 1622 rarum
258 1601 276 1632 ,·
305 1584 390 1626 Liv.
411 1587 479 1635 21,
509 1587 575 1637 10,
607 1588 674 1628 12.
696 1588 970 1625 devehendum
989 1590 1032 1625 in
1057 1588 1222 1624 ultimas
1241 1587 1366 1623 maris
1384 1593 1661 1637 terrarumque

111 1666 228 1700 οναεῑ
265 1653 426 1691 form‘ula
451 1658 596 1692 autem:
633 1657 733 1692 scire
763 1655 928 1702 laboro,
957 1656 1158 1694 maximum
1191 1654 1443 1704 cognoscendi
1478 1655 1659 1705 studium,

110 1725 155 1759 ut
173 1720 314 1760 Catull.
338 1721 405 1771 67,
433 1723 497 1762 17.
518 1722 601 1774 (ubi
620 1723 780 1775 Vulpius
799 1724 1029 1762 Graecorum
1049 1723 1276 1774 φροντίζειν
1305 1720 1521 1774 comparat)
1544 1736 1659 1759 nemo

108 1791 290 1842 quaerit,
329 1803 400 1826 nec
428 1791 528 1827 scire
560 1789 731 1828 laborat.
805 1792 918 1830 Ovid.
947 1792 1040 1830 Met.
1070 1792 1137 1842 10,
1165 1789 1262 1832 413.
1285 1790 1413 1828 scelus
1438 1797 1494 1827 est
1506 1819 1522 1836 ,
1552 1791 1663 1842 quod

108 1862 207 1896 scire
235 1857 408 1895 laboras.
470 1856 578 1895 Pers.
606 1859 644 1908 2,
677 1859 742 1898 17.
765 1862 978 1898 minimam
1003 1868 1082 1906 est,
1115 1860 1225 1911 quod
1238 1861 1338 1897 scire
1360 1859 1510 1895 laboro.
1573 1858 1660 1898 Alia

108 1927 328 1979 suppeditat
346 1926 610 1974 Heiszclorfias
626 1927 675 1963 ad
698 1927 777 1965 Sat.
802 1931 841 1978 2,
871 1929 911 1978 8,
941 1928 981 1970 9.
1019 1929 1159 1966 Utrum
1180 1932 1307 1966 autem
1324 1929 1419 1966 Hor.
1435 1939 1523 1964 vere
1544 1931 1660 1976 atque

109 2009 155 2033 ex
177 1996 300 2032 animo
315 1995 364 2032 sit
384 1997 650 2044 percontatus,
681 1996 784 2043 quod
804 1996 956 2034 dubitat
972 1997 1189 2034 Rodellius
1203 2025 1216 2042 ,
1247 1997 1341 2035 haec
1356 1995 1503 2033 Romae
1526 1996 1661 2045 ignota

108 2064 224 2102 fuisse
245 2075 412 2113 negans,
442 2075 491 2099 an
505 2063 674 2112 jocatus,
699 2063 757 2100 hic
778 2077 957 2113 quaerere
975 2077 1052 2101 non
1069 2065 1219 2114 attinet,
1248 2076 1464 2113 quanquam
1482 2063 1660 2100 dubitan-

110 2132 200 2168 dum
217 2135 297 2180 est,
326 2143 416 2167 num
437 2128 578 2179 Poeta,
607 2130 697 2167 dum
715 2131 924 2181 scribebat,
955 2132 1077 2169 locum
1095 2132 1159 2168 ubi
1188 2133 1371 2182 degerent
1390 2131 1520 2180 amici,
1550 2143 1659 2167 accu-

110 2203 194 2237 rate
210 2198 371 2238 noverit.
426 2197 581 2235 Nomini
608 2197 805 2235 Claudias
832 2199 935 2247 quod
957 2199 1064 2236 addit
1084 2212 1163 2237 rem
1191 2200 1444 2244 notissimam;
1475 2197 1662 2248 Augusti

107 2267 330 2317 privignus
340 2294 357 2311 ,
386 2265 538 2303 honoris
557 2279 669 2304 causa
684 2267 826 2304 factum
847 2270 960 2317 puta,
994 2271 1038 2304 ut
1058 2265 1182 2316 Epist.
1203 2266 1242 2316 1,
1259 2267 1300 2316 8,
1322 2268 1360 2307 2.
1401 2265 1660 2303 Celso-00-

112 2337 202 2372 miti
216 2333 448 2385 scribaeque
466 2334 641 2372 Neronis
653 2364 669 2381 ,
699 2329 914 2386 gratulandi
932 2347 1046 2372 causa
1074 2338 1113 2371 et
1132 2334 1207 2371 Od.
1226 2335 1264 2383 1,
1296 2335 1361 2380 20,
1395 2334 1433 2375 5.
1493 2335 1660 2371 Maece-

112 2416 188 2440 nas
214 2416 329 2454 eques
339 2431 356 2448 ,
386 2403 454 2440 viri
473 2403 739 2440 modestissimi
759 2404 966 2440 modestiae
992 2402 1205 2440 laudandae
1223 2403 1358 2451 gratia.
1416 2404 1489 2452 „In
1519 2402 1658 2440 talibus

112 2469 242 2519 vero“,
269 2474 313 2506 ut
328 2470 382 2507 ait
399 2470 662 2508 Eiehstadius
688 2472 726 2509 in
747 2484 789 2508 re
810 2471 942 2520 simili,
970 2474 1143 2520 „quanta
1162 2470 1277 2507 fuerit
1295 2470 1542 2507 urbanissimo
1562 2469 1659 2508 Poe-

114 2542 177 2574 tae
205 2537 396 2586 judicandi
422 2538 632 2589 elegantia,
653 2552 767 2588 quam
791 2544 972 2577 venustus
1002 2539 1226 2587 limatusque
1251 2550 1408 2588 sensus,
1445 2542 1590 2587 quanta
1618 2539 1658 2576 in

113 2604 311 2643 scribendo
330 2605 610 2658 circumspectio
632 2611 671 2644 et
693 2608 918 2658 prudentia,
946 2608 1087 2655 sciunt,
1114 2606 1178 2655 qui
1207 2606 1245 2642 in
1272 2605 1441 2656 legendis
1469 2608 1547 2657 ejus
1574 2607 1657 2644 odis

115 2676 230 2721 atque
263 2672 432 2723 epistolis
458 2675 507 2712 ad
534 2677 742 2713 sententias
762 2676 882 2725 magis
901 2679 940 2712 et
961 2674 1246 2724 tractationem,
1276 2686 1389 2723 quam
1409 2677 1458 2728 ad
1485 2675 1599 2714 verba
1617 2679 1657 2713 et

115 2741 316 2778 dictionem
336 2740 530 2778 advertere
547 2743 709 2782 animum
729 2743 979 2781 didicerunt.“
1029 2742 1273 2793 Quapropter
1289 2743 1468 2782 dissentio
1487 2757 1510 2781 a
1537 2744 1655 2782 Wi-

116 2808 276 2854 cllerto,
304 2808 352 2847 V.
371 2807 445 2857 CL,
475 2821 590 2858 quum
607 2810 650 2862 (l.
671 2811 696 2848 l·
716 2826 756 2863 p.
776 2811 879 2852 378)
908 2811 1007 2848 illam
1038 2809 1329 2860 appellationem
1348 2811 1437 2848 dicit
1455 2809 1654 2860 „callidam

115 2879 156 2914 et
191 2875 427 2914 ambitiosam
461 2878 597 2916 amoris
632 2880 822 2930 studiique
851 2881 891 2917 in
920 2877 1114 2917 Tiberium
1145 2877 1483 2917 testificationem.“
1539 2878 1654 2924 Quod

115 2947 243 2983 autem
271 2945 446 2982 militare
474 2958 559 2985 eum
578 2947 691 2998 dicit,
720 2947 784 2998 qui
810 2947 886 2985 dux
909 2946 997 2985 belli
1012 2946 1146 2996 fuerit,
1167 2945 1227 2984 vel
1245 2950 1326 2997 est,
1354 2950 1398 2984 ut
1427 2947 1654 2984 Torrentius
