2054 3268
597 247 739 284 LIBRI
765 247 796 284 1.
855 244 1123 285 EPISTOLA
1153 249 1185 285 1.

1634 243 1687 285 13

197 362 386 424 Roscia,
421 361 488 407 dic
513 362 668 424 sodeS,
703 362 858 407 melior
884 361 958 406 lex
981 376 1038 406 an
1066 374 1300 422 puerorum
1328 365 1397 406 est

197 442 364 504 Nenia,
399 456 508 502 quae
536 456 719 502 regnum
750 447 867 488 recte
895 440 1148 486 facientibus
1177 430 1484 502 offerssW

196 523 258 570 Et
279 524 465 569 maribus
497 521 642 569 Curiis
674 526 719 568 et
750 516 1240 615 decanffiffiamillis?

128 656 164 690 2.
188 656 225 692 3.
260 655 362 690 Gott.
389 657 423 691 1.
456 655 559 702 Lips.
585 657 619 691 1.
644 656 679 690 3.
712 655 875 692 aheneus.

128 713 251 748 Guelf.
279 715 313 748 1.
337 712 373 748 4.
401 714 550 758 [heraeus
566 713 688 748 Guelf.
706 713 764 758 3].
795 712 877 746 Hoc

127 771 280 806 fortasse
293 771 437 806 rectius.
485 771 540 805 De
556 782 698 805 numero
717 770 875 816 syllaba-

126 840 203 864 rum
228 834 264 864 et
287 829 486 875 quantitate
510 829 600 863 dixit
625 828 806 873 Bentlejus
830 827 876 862 ad

128 887 208 922 Sat.
240 888 281 931 2,
313 887 355 930 3,
391 886 470 922 183.
481 913 491 931 ,
541 885 599 920 cui
640 885 878 930 obloquuntur

129 944 297 979 Schneid.
314 943 453 986 Elmtrl.
482 956 518 989 p.
540 943 606 978 130
632 948 669 978 et
690 942 803 977 Bach.
830 943 876 977 ad

129 1002 239 1037 ovid.
255 1002 344 1036 Met.
361 1003 403 1046 7,
427 1001 508 1036 247.
542 1001 677 1035 verbm
709 1001 780 1035 Hic
796 1012 875 1035 mu-

127 1071 188 1094 rus
201 1079 248 1086 —
261 1060 365 1104 culpa
380 1059 496 1093 omisit
512 1061 550 1092 ut
566 1059 698 1093 absona
713 1058 874 1093 Wielan-

126 1118 206 1152 dius
231 1111 281 1151 in'
290 1117 454 1152 versione
479 1128 545 1151 sua
562 1116 667 1161 eique
684 1116 878 1150 assentitur

126 1174 315 1218 Schiitzius
331 1174 428 1220 (Iud.
445 1174 542 1208 lectt..
559 1175 596 1209 in
610 1174 721 1208 Acad.
738 1174 822 1208 Hal.
841 1177 878 1208 et

127 1233 247 1267 Viteb.
267 1243 407 1267 consoc.
425 1244 490 1279 per
505 1232 651 1267 hiemem
669 1231 751 1265 anni
771 1231 874 1266 1826.

126 1302 162 1336 p.
178 1289 262 1333 IV.)
275 1315 284 1333 ,
312 1289 386 1334 qui,
413 1289 482 1324 nisi
498 1290 585 1323 istos
602 1289 796 1323 versiculos
811 1299 877 1334 per

127 1347 296 1382 incuriam
315 1346 372 1380 hic
388 1346 574 1380 intrusisse
590 1346 777 1381 Horatium
794 1345 874 1392 opi—

127 1403 206 1438 nari
221 1403 300 1448 quis
317 1403 434 1448 malit,
458 1404 679 1439 statuendum
697 1404 874 1449 opinatur,

127 1473 187 1496 eos
204 1461 285 1496 olim
301 1473 344 1495 ex
361 1466 446 1496 nota
462 1462 647 1507 marginali
672 1461 872 1507 irrepsisse,

125 1531 197 1565 qua
211 1530 394 1566 possessor
405 1519 553 1564 alicujus
570 1519 701 1554 codicis
718 1519 874 1554 voluerit

124 1576 318 1611 versiculos
348 1575 430 1610 illos
462 1579 507 1612 ob
540 1578 736 1622 argumenti
761 1578 871 1611 confi-

123 1635 218 1669 nium
234 1645 513 1668 commemorare.
561 1636 751 1679 „Ceterum
761 1636 798 1679 ,“
814 1635 871 1669 in-

122 1691 201 1738 quit
214 1691 291 1735 ille,
325 1691 383 1735 „si
399 1692 478 1736 quis
493 1699 658 1738 quaerat,
684 1693 871 1738 quomodo,

123 1750 155 1783 si
170 1750 300 1784 verba:
323 1749 393 1784 Hic
406 1769 455 1775 -
470 1755 539 1785 esto
554 1757 770 1795 resecentur,
787 1762 870 1786 ver-

122 1806 258 1842 siculus
271 1807 318 1841 60
338 1807 381 1841 Su·
394 1812 486 1842 recte
502 1809 621 1852 jacies
638 1833 648 1843 .
666 1833 678 1845 .
698 1833 708 1843 .
736 1808 873 1856 expleri

122 1865 248 1910 possit,
280 1864 457 1909 conjicere
488 1865 546 1900 hic
575 1867 661 1902 licet
691 1869 803 1902 verba
833 1868 871 1902 in

123 1921 213 1956 hanc
228 1922 304 1956 fere
320 1923 530 1958 sententiam
545 1925 684 1970 adjecta
692 1926 805 1960 fuisse
815 1950 826 1960 .
837 1950 847 1959 .
859 1949 870 1959 .

124 1991 214 2024 quae
235 1980 312 2014 ludi
331 1982 461 2026 regula
479 1983 628 2027 possic.“
673 1983 751 2018 Jam
766 1987 873 2018 antea

123 2035 359 2072 Haberfeldus
369 2041 494 2074 verba:
512 2040 581 2074 Hic
595 2042 873 2075 murus—sodes

125 2093 316 2129 omittenda
345 2101 443 2130 ratus
465 2096 624 2131 lacunam
649 2097 700 2132 ita
725 2099 871 2144 explen-

123 2151 203 2185 dam
226 2151 284 2186 vel
308 2153 425 2198 potius
443 2155 553 2188 verba
568 2155 618 2188 ita
634 2156 874 2201 componenda

124 2209 277 2243 censuit:
299 2210 341 2244 Si
356 2215 447 2245 recte
457 2212 582 2254 facies.
610 2212 740 2247 Melior
754 2214 808 2247 lca:
825 2225 874 2246 an

121 2278 309 2311 puerorum
347 2270 416 2301 etc.
480 2268 709 2304 Eichstadius
749 2275 874 2304 contra

122 2324 230 2358 scribi
249 2323 357 2369 jussit
380 2325 444 2370 (ad
468 2338 506 2360 v.
533 2326 686 2362 Ommer.
712 2341 749 2374 p.
766 2329 871 2372 213):

121 2383 169 2416 At
186 2383 288 2426 pueri
308 2383 402 2426 lud„
428 2383 523 2417 Rex
541 2385 653 2430 eris,
679 2387 798 2430 ajunt,
823 2385 872 2419 Si

120 2444 240 2474 recte
256 2440 426 2484 faciese
449 2441 581 2475 hic—
597 2446 711 2475 esto:
735 2442 870 2475 Nil-

122 2498 272 2542 culpa.
306 2497 486 2533 Intellexit
510 2499 621 2544 igitur
645 2499 692 2533 V.
714 2499 760 2534 D.
785 2511 868 2533 sen-

119 2554 276 2599 tentiam,
292 2566 383 2600 quae
398 2556 435 2590 in
452 2567 513 2590 ore
524 2556 672 2591 omnium
683 2562 777 2592 esset
792 2558 870 2591 sive

121 2623 243 2647 versus
259 2613 382 2659 populi
398 2625 420 2648 a
434 2614 554 2660 pueris
570 2615 741 2660 prolatos.
760 2615 867 2650 Simi-

119 2669 202 2704 liter
216 2671 425 2706 Vetterlein.
442 2697 452 2715 ,
484 2671 555 2706 nisi
586 2673 680 2718 quod
713 2674 869 2708 ludentes

119 2727 274 2774 explicat
288 2734 448 2764 canentes
462 2729 518 2763 in:
539 2730 680 2764 Annott.
694 2731 866 2776 plerumq.

118 2785 213 2819 crin.
242 2785 280 2819 in
316 2787 462 2832 singula
496 2792 676 2822 auctorum
714 2793 868 2823 veterum

119 2843 208 2886 loca,
228 2844 371 2878 cothen.
391 2844 491 2888 1795,
508 2857 610 2890 quam
626 2845 865 2892 interpretan—

118 2899 155 2933 di
178 2900 348 2935 rationem
375 2913 445 2936 non
460 2902 636 2949 improbat
650 2904 717 2938 Vir
731 2904 866 2939 Doctus

117 2957 258 3001 quidam
283 2958 338 2992 in:
370 2960 552 3007 Erlanger
567 2962 610 2996 L.
627 2962 669 2997 Z.
690 2964 792 2998 1801.
810 2975 865 2997 nr.

934 655 989 699 17,
1023 653 1076 689 ita
1096 658 1226 698 tamen,
1260 658 1299 688 ut
1325 653 1483 689 ludentes
1510 652 1686 699 intelligat

931 723 1075 759 pueroS,
1096 712 1158 757 qui
1174 713 1211 746 in
1227 712 1350 747 schola
1365 711 1574 746 sententiam
1591 712 1684 746 illam

932 769 990 804 vel
1014 769 1213 804 memoriter
1238 769 1463 815 protulerint,
1497 769 1554 804 vel
1572 770 1683 814 magi-

931 832 1006 862 stro
1031 831 1225 873 praeeunte
1251 826 1462 871 (dictante)
1488 827 1684 862 recitarint.

932 884 1017 919 Vid.
1034 885 1131 920 infra
1147 885 1342 919 Comment.

977 943 1024 977 V.
1043 944 1100 978 62.
1132 942 1256 977 Rosia.
1289 942 1378 976 Mss.
1406 942 1502 976 Feae
1532 944 1570 986 1,
1595 943 1631 976 b.
1650 954 1683 976 e.

932 999 1066 1034 Eadem
1099 1000 1278 1035 aberratio
1312 1000 1391 1034 Sat.
1423 1001 1457 1043 2,
1490 1001 1524 1044 6,
1556 999 1615 1036 35.
1638 1020 1685 1027 --

931 1069 1119 1104 puerorum
1151 1062 1215 1093 est.
1249 1057 1338 1092 Mss.
1372 1069 1434 1091 sex
1467 1068 1526 1103 ap.
1559 1058 1683 1092 Lamb.

932 1127 1025 1150 omn.
1043 1126 1113 1150 uno
1131 1119 1281 1162 excepto
1307 1126 1366 1161 ap.
1385 1116 1496 1160 Cruq.
1515 1127 1605 1149 omn.
1624 1127 1683 1162 ap.

931 1172 1043 1207 Pulm.
1061 1177 1162 1218 quat.
1180 1185 1239 1219 ap.
1255 1173 1392 1207 Bersm.
1407 1172 1525 1207 Bentl.
1546 1175 1578 1208 1.
1594 1173 1630 1207 2.
1646 1174 1682 1209 3.

931 1231 1026 1276 pqu.
1043 1242 1101 1276 ap.
1113 1231 1236 1266 Comb.
1255 1235 1291 1265 et
1305 1230 1416 1264 Feam
1433 1236 1470 1265 et
1484 1231 1562 1265 sine
1577 1230 1684 1265 dubio

932 1301 1024 1323 omn.
1043 1300 1103 1334 ap.
1120 1287 1216 1323 Pott.
1236 1289 1323 1334 alqt.
1343 1300 1401 1335 ap.
1418 1288 1542 1322 Jaeck.
1560 1288 1683 1322 Guelf-

931 1345 967 1381 3.
984 1345 1019 1380 4.
1046 1345 1150 1380 Dess.
1170 1347 1203 1381 1.
1221 1347 1257 1382 2.
1276 1346 1388 1380 Goth.
1407 1347 1509 1380 Gott.
1529 1348 1563 1381 1.
1580 1346 1682 1392 Lips.

931 1415 1023 1437 omn.
1041 1403 1153 1437 Dorv.
1172 1405 1206 1438 1.
1223 1405 1259 1438 2.
1276 1404 1424 1438 Mentel.
1446 1404 1542 1438 Edd.
1559 1403 1683 1438 Lamb.

929 1460 1063 1495 Bersm.
1096 1460 1240 1506 Hugon.
1282 1473 1304 1496 a
1335 1462 1445 1496 Porta
1484 1466 1521 1496 et
1549 1461 1683 1495 Minois

928 1518 1015 1563 (574
1026 1519 1046 1552 ¹?
1061 1522 1154 1552 teste
1167 1519 1419 1565 Cuningamio)
1436 1519 1540 1554 Baxt.
1551 1519 1681 1563 Bentl.,

928 1587 1031 1620 quem
1054 1587 1130 1621 seq.
1156 1576 1232 1610 fere
1257 1589 1396 1622 ornnes,
1432 1578 1537 1612 etiam
1553 1577 1630 1612 Fea
1647 1583 1683 1611 et

927 1632 1024 1667 Pott.
1041 1645 1237 1678 puerorum.
1254 1635 1342 1669 Mss.
1353 1636 1457 1681 reliq.
1474 1635 1682 1680 Edd.vett.,

928 1691 1034 1726 etiam
1044 1690 1145 1737 Lips.
1159 1691 1240 1726 492.
1257 1692 1368 1727 Loch.
1380 1694 1490 1739 Cruq.
1503 1693 1588 1728 Bas.
1599 1694 1681 1729 580.

927 1748 1060 1783 Minois
1071 1748 1151 1784 584.
1169 1748 1302 1784 Piscat.
1315 1750 1431 1786 Chab.
1442 1751 1550 1786 Torr.
1560 1752 1679 1786 Burm.

928 1806 989 1850 aL,
1007 1806 1225 1841 erecentior.
1235 1808 1325 1842 Dac.
1337 1810 1422 1844 San.
1432 1809 1586 1844 Mervill.
1598 1810 1680 1844 val.

926 1864 1078 1909 Dorigh.
1093 1865 1190 1899 Sivr.
1205 1865 1328 1911 Camp.
1358 1867 1406 1901 At
1422 1867 1563 1901 omissio
1580 1868 1682 1902 verbi

927 1927 978 1957 est
986 1922 1048 1956 vix
1057 1923 1182 1968 fertur,
1200 1935 1237 1958 v.
1251 1928 1372 1958 annot.
1392 1924 1437 1958 ad
1453 1937 1490 1959 v.
1507 1925 1553 1959 53
1570 1930 1606 1960 et
1621 1927 1680 1961 76.

975 1980 1022 2014 V.
1045 1981 1104 2016 63.
1134 1980 1265 2015 Nenia.
1298 1982 1361 2015 Sic
1392 1994 1455 2016 ms.
1488 1982 1612 2017 Jaeck.
1648 1985 1680 2018 1.

930 2038 1055 2072 Guelf.
1096 2050 1187 2073 omn.
1227 2039 1381 2085 itemque
1418 2040 1524 2075 Dess.
1564 2041 1680 2087 Lips.,

931 2096 1042 2130 Goth.
1060 2096 1195 2130 Graev.
1207 2123 1217 2140 ‚
1253 2108 1297 2131 ex
1313 2098 1441 2143 quibus
1459 2104 1575 2132 tamen
1592 2099 1681 2132 certi

930 2153 1015 2198 quid
1032 2153 1141 2187 statui
1158 2165 1227 2187 non
1243 2160 1380 2199 potest3
1412 2156 1489 2190 vid.
1506 2156 1550 2190 ad
1567 2169 1603 2190 v.
1624 2158 1679 2191 17.

929 2211 1027 2245 Vera
1043 2211 1221 2246 scribendi
1244 2212 1338 2246 ratio
1356 2225 1399 2247 ex
1417 2213 1555 2258 origine
1571 2225 1678 2248 voca-

928 2268 1004 2302 buli
1019 2268 1172 2314 petenda
1187 2269 1338 2314 videtur,
1356 2282 1392 2304 v.
1409 2270 1487 2304 Fea
1502 2271 1547 2305 ad
1564 2271 1634 2305 Od.
1645 2273 1678 2315 2,

931 2323 964 2370 l,
980 2326 1038 2360 38.
1073 2326 1249 2360 Goerenz.
1272 2327 1318 2360 ad
1343 2327 1420 2361 Cic.
1444 2327 1488 2362 de
1513 2328 1626 2374 Legg.
1645 2331 1678 2373 2,

925 2382 993 2427 24,
1010 2384 1067 2418 62.
1113 2383 1248 2428 Scalig.
1267 2384 1311 2418 ad
1326 2385 1433 2419 Varr.
1450 2385 1494 2419 L.
1512 2385 1555 2420 L.
1572 2387 1622 2421 II.
1639 2399 1677 2433 p.

924 2441 1005 2475 227.
1054 2441 1136 2487 Bip.
1171 2441 1340 2475 Schneid.
1373 2441 1515 2476 Elmtrl.
1548 2455 1585 2489 p.
1619 2444 1677 2478 54.

923 2498 1040 2534 Naen.
1069 2500 1142 2533 def.
1160 2499 1300 2545 Apulej.
1318 2499 1363 2533 de
1377 2499 1525 2545 Diphth.
1541 2513 1577 2547 p.
1598 2502 1677 2537 139.

926 2557 992 2591 Os.
1024 2557 1117 2591 Illud
1147 2563 1295 2592 servant
1327 2558 1406 2592 edd.
1436 2558 1547 2603 Feae,
1578 2558 1674 2594 Pott.

922 2615 1030 2650 Jahn.
1063 2615 1219 2649 Schmid.
1253 2615 1319 2661 aL,
1353 2616 1420 2650 hoc
1451 2616 1531 2651 edd.
1557 2617 1676 2651 Bentl.

924 2673 1069 2707 Wakef.
1087 2673 1194 2707 Both.
1212 2673 1322 2708 Doer.
1341 2674 1388 2708 al.
1421 2693 1468 2700 —
1500 2679 1591 2709 recte
1617 2687 1675 2709 re-

922 2743 1046 2777 gnum.
1100 2731 1172 2765 Ms.
1206 2742 1268 2765 un.
1299 2731 1435 2767 Bersm.
1469 2744 1528 2767 un.
1561 2733 1672 2767 Feae.

925 2789 1048 2822 Guelf.
1066 2789 1101 2822 2.
1135 2788 1229 2822 Edd.
1248 2788 1336 2834 alqt.
1354 2793 1455 2834 vett„
1474 2801 1562 2835 quas
1579 2790 1671 2824 indi-

924 2853 982 2880 cat
998 2847 1086 2890 Fea,
1106 2845 1210 2880 etiam
1227 2847 1330 2881 Glar.
1347 2847 1428 2882 543.
1461 2848 1572 2882 Pulm.
1591 2848 1672 2882 581.

923 2905 969 2938 de
984 2904 1126 2938 Maroll.
1150 2923 1198 2929 —-
1221 2904 1267 2939 V.
1286 2904 1343 2940 64.
1370 2905 1426 2939 Ne
1440 2906 1546 2940 curiis
1561 2906 1673 2939 mari-

923 2963 997 2998 bus.
1028 2963 1100 2997 Ms.
1126 2961 1247 2997 Jaeck.
1271 2962 1307 2998 5.
1339 2963 1447 2999 curiis
1471 2963 1671 2998 decantata.
