2028 3268
462 283 544 325 388
611 284 981 325 COMMENTARII
1003 284 1058 323 IN
1076 282 1293 324 HORATII
1315 281 1411 323 LIB.
1426 284 1455 322 1.
1480 283 1642 326 EPIST.
1667 285 1811 324 SEPT.
1885 288 1966 329 116

462 406 557 450 464.
614 408 750 447 Heind.
781 407 830 444 ad
858 407 938 443 Sat.
973 408 1012 454 1,
1040 407 1083 455 6,
1116 408 1210 447 101.
1268 406 1425 458 Rupert.
1455 406 1503 445 ad
1529 406 1610 445 Juv.
1643 410 1690 457 1,
1719 406 1786 448 46.
1845 408 1967 452 Quam

464 477 525 526 qui
555 474 783 524 refugiebat,
822 473 855 509 is
887 471 1011 522 Epod.
1043 474 1091 521 2,
1130 475 1172 512 7.
1200 474 1325 511 vitare
1351 472 1544 512 dicebatur
1570 475 1715 512 civium
1741 474 1968 511 Potentiam

462 541 614 578 limina.
670 539 843 576 Bothius
877 540 934 577 hic
973 540 1075 576 videt
1111 539 1314 588 gratiarum
1341 541 1525 578 actionem
1551 541 1598 577 de
1633 539 1806 578 hesterna
1833 540 1967 578 invita-

462 608 562 644 tione
592 606 858 656 significatam,
905 607 972 643 sed
1000 618 1155 655 vereor,
1199 619 1247 643 ne
1285 605 1330 643 V.
1361 607 1397 643 d.
1427 619 1507 644 rem
1537 607 1712 656 judicarit
1741 619 1786 644 ex
1814 610 1968 644 nostrae

461 674 597 711 aetatis
627 660 909 711 consuetudine.
938 694 988 699 ——
1015 672 1256 710 Providissec
1283 685 1369 709 eum
1396 674 1421 710 i.
1447 686 1481 711 e.
1510 674 1614 723 prius
1642 686 1726 711 eum
1750 672 1904 711 vidisset
1929 675 1968 710 et

460 740 674 777 salutasset.
734 738 832 790 Apte
871 739 1024 776 laudant
1059 738 1180 776 Plaut.
1209 737 1314 776 Asin.
1343 742 1392 787 2,
1435 738 1486 788 4,
1529 738 1597 780 44.
1655 740 1750 777 Non
1779 738 1907 776 hercle
1933 745 1970 776 te

454 806 720 856 provideram.
789 806 957 854 Quaeso,
986 819 1034 842 ne
1060 807 1153 843 vitio
1181 814 1320 843 vertas.
1377 806 1416 843 Si
1437 804 1610 844 Lambini
1637 808 1855 858 scripturam
1870 807 1969 843 Pro-

460 874 612 911 visisset
639 873 788 910 crimine
817 873 1043 922 tautologiae
1071 876 1175 910 recte
1211 874 1419 910 refutarunt
1448 873 1633 922 Cruquius
1663 877 1701 911 et
1730 873 1967 922 Torrentius,

458 941 577 978 altera
605 945 642 977 et
666 941 742 989 jam
768 939 999 977 Scholiastae
1031 940 1181 989 Cruquii
1216 944 1306 977 nota
1336 940 1598 989 praevidisset
1637 940 1795 990 aliquam
1829 937 1968 989 proba-

457 1008 607 1045 bilitatis
637 1007 800 1057 speciem
829 1019 920 1057 prae
947 1019 989 1044 se
1023 1007 1119 1052 sert3
1161 1010 1200 1045 at
1229 1019 1311 1044 eam
1348 1010 1492 1044 tantum
1519 1012 1743 1057 usurparunt
1767 1009 1968 1044 novatores

457 1074 629 1123 Virgilius
660 1072 773 1124 (Aen.
791 1073 830 1122 5,
862 1070 975 1123 445.)
1004 1078 1042 1110 et
1071 1072 1225 1110 Ovidius
1252 1072 1361 1123 (Met.
1387 1074 1452 1121 15,
1485 1073 1576 1112 135.
1631 1073 1737 1110 Fast.
1770 1075 1808 1122 1,
1837 1070 1969 1122 327.),

456 1140 631 1180 Horatius
664 1153 741 1177 non
778 1141 880 1177 item.
936 1139 1021 1177 Vid.
1059 1138 1230 1176 Freund.
1266 1139 1305 1175 in
1340 1139 1449 1176 Jahn.
1485 1138 1612 1177 NJbb.
1652 1138 1772 1179 1835.
1801 1139 1901 1176 XIII.
1929 1138 1969 1177 3.

456 1221 495 1257 p
527 1209 622 1247 277.
653 1211 692 1243 et
719 1207 765 1246 cf.
793 1205 910 1247 Drak.
937 1207 987 1244 ad
1015 1205 1097 1246 Liv
1125 1205 1195 1302 36,
1225 1203 1303 1254 41,
1333 1205 1374 1246 6.
1430 1205 1529 1257 Rup.
1559 1209 1597 1243 et
1622 1205 1762 1243 Walth.
1792 1206 1842 1243 ad
1870 1204 1966 1244 Tac.

457 1272 553 1311 Ann.
583 1269 730 1321 2‚14‚
765 1273 803 1312 1

564 1339 611 1376 V.
640 1338 693 1379 69
717 1361 772 1367 —
795 1340 863 1380 71.
926 1338 994 1375 Sic
1029 1360 1085 1368 --
1121 1350 1238 1390 auge.
1297 1337 1355 1376 Ea
1389 1336 1600 1375 conditione
1637 1336 1744 1390 (Sic)
1779 1335 1968 1388 Philippus

456 1406 631 1455 praeconi
660 1405 809 1455 paulum
836 1405 1056 1456 perturbato
1085 1407 1231 1444 veniam
1259 1405 1374 1443 officii
1403 1408 1489 1442 ante
1510 1403 1673 1454 neglecti
1694 1403 1906 1455 pollicetur,
1935 1403 1969 1440 si

455 1475 504 1510 ad
532 1485 685 1510 coenam
713 1472 938 1522 promiserit.
997 1470 1057 1509 Ad
1085 1486 1181 1522 quae
1209 1472 1288 1510 hic:
1330 1478 1375 1508 ut
1403 1470 1498 1507 libet
1522 1472 1546 1508 i.
1577 1483 1611 1508 e.
1643 1471 1816 1520 „faciam
1841 1473 1884 1513 ut
1906 1471 1969 1520 ju-

455 1539 547 1587 bes,
563 1540 590 1562 4(
629 1538 787 1575 formula
814 1538 1064 1587 concedendi,
1105 1552 1216 1589 quam
1243 1542 1376 1577 contra
1407 1536 1726 1585 Wakefieldum,
1754 1537 1817 1588 qui
1842 1540 1970 1575 notam

455 1606 707 1643 admirationis
737 1610 825 1654 post
853 1604 947 1641 libet
972 1606 1121 1656 posuit,
1158 1619 1207 1643 ne
1233 1605 1428 1655 Vultejus,
1469 1605 1531 1655 qui
1564 1617 1607 1642 se
1645 1604 1757 1641 modo
1793 1608 1869 1641 tam
1903 1614 1967 1640 ur-

456 1673 552 1710 bane
582 1672 750 1722 Philippo
781 1675 1016 1719 excusasset,
1053 1673 1270 1709 rusticitatis
1300 1684 1377 1709 non
1406 1670 1623 1708 tolerandae
1650 1671 1774 1709 statim
1797 1667 1967 1719 postula-

455 1743 579 1788 retur,
622 1743 662 1776 ut
699 1738 857 1775 incultus
887 1738 947 1775 ille
976 1738 1136 1775 Calaber
1174 1750 1209 1776 V.
1242 1737 1307 1778 19.
1315 1763 1329 1786 ,
1372 1741 1475 1775 recte
1501 1737 1698 1775 vindicavit
1731 1734 1968 1772 Schmidius.

455 1806 607 1843 Varium
634 1804 739 1842 verbi
765 1817 871 1841 usum
897 1803 1014 1841 habes
1051 1817 1087 1845 v.
1117 1806 1206 1853 60.‚
1248 1817 1407 1854 quocum
1446 1805 1496 1842 cf.
1526 1803 1632 1841 Acid.
1661 1804 1709 1840 ad
1734 1802 1853 1839 Plaut.
1882 1800 1967 1839 Me-

454 1873 622 1911 naechm.
653 1874 700 1921 2,
737 1871 785 1919 3,
815 1872 881 1911 17.
938 1870 998 1908 De
1026 1871 1198 1921 Imperat.
1221 1877 1365 1919 putato
1394 1870 1584 1921 eleganter
1613 1870 1777 1921 disputat
1809 1867 1968 1906 Schmi-

455 1940 545 1978 dius
560 1967 574 1984 ,
604 1950 715 1988 quem
742 1938 848 1984 vide3
879 1938 925 1975 de
954 1938 1112 1975 formula
1139 1938 1315 1974 invitandi
1343 1937 1392 1978 ad
1420 1949 1575 1974 coenam
1601 1937 1702 1986 apud
1731 1936 1899 1973 Graecos
1929 1939 1968 1974 et

454 2006 612 2045 Latinos
647 2005 786 2042 usitata
827 2003 987 2041 Casaub.
1018 2016 1080 2054 ap.
1116 2004 1233 2042 Orell.
1261 2004 1300 2040 in
1329 2003 1472 2053 Opusc.
1529 2003 1665 2040 Graec.
1692 2006 1784 2040 vett.
1815 2005 1889 2040 etc.
1916 2002 1967 2043 Π,

453 2087 493 2124 p.
525 2070 620 2112 614.
681 2070 790 2108 conf.
821 2070 946 2111 Hand.
977 2070 1092 2112 Turs.
1119 2071 1167 2109 ΙΙ.
1196 2085 1234 2122 p.
1266 2070 1361 2111 137.
1401 2089 1456 2100 -·
1496 2067 1542 2107 V.
1573 2070 1642 2110 71.
1698 2070 1798 2106 Post
1822 2081 1968 2106 nonam

455 2153 540 2177 ven.
597 2138 660 2176 Sic
688 2137 799 2177 Mart.
823 2135 864 2186 4,
897 2139 937 2186 8,
970 2138 1009 2177 6.
1066 2138 1242 2188 Imperat
1271 2141 1480 2174 exstructos
1497 2135 1693 2186 frangere
1719 2148 1824 2174 nona
1853 2143 1967 2173 toros.

455 2206 514 2243 De
549 2205 622 2242 hoc
657 2216 795 2242 coenae
837 2209 1006 2254 tempore
1041 2206 1115 2242 vid.
1143 2204 1252 2256 Lips.
1279 2204 1372 2242 Exc.
1405 2204 1442 2243 1.
1472 2203 1520 2241 ad
1559 2203 1652 2241 Tac.
1682 2202 1779 2241 Ann.
1809 2200 1884 2252 14,
1928 2204 1967 2245 2.

454 2273 554 2322 Rup.
584 2277 622 2309 et
649 2271 777 2308 Heinr.
807 2271 855 2307 ad
893 2272 975 2309 Juv.
1009 2275 1054 2321 1,
1100 2271 1165 2310 50.
1221 2270 1382 2309 Becker.
1417 2269 1465 2307 ad
1494 2269 1594 2307 Gall.
1623 2270 1670 2307 Π.
1708 2284 1747 2321 p.
1780 2269 1872 2311 138.
1911 2289 1968 2298 —

456 2352 564 2376 mmo
592 2339 619 2374 ι’.
662 2337 891 2375 Exhortandi
919 2338 1091 2387 formula,
1120 2350 1193 2387 qua
1214 2338 1455 2388 Imperativus
1483 2337 1501 2372 i
1524 2336 1629 2374 alteri
1653 2337 1874 2387 Imperativo
1903 2349 1967 2373 co-

455 2405 541 2456 pula
570 2411 608 2440 et
634 2408 695 2441 aut
723 2406 859 2441 omissa
887 2408 951 2441 aut
977 2406 1103 2443 addita
1132 2417 1213 2442 cum
1242 2406 1402 2454 quadam
1428 2403 1463 2440 vi
1498 2403 1759 2453 praeponitur-3
1801 2402 1968 2453 exempla

458 2471 702 2522 suppeditant
730 2471 846 2508 Bach.
875 2472 924 2508 ad
952 2471 1063 2508 Ovid.
1105 2471 1198 2509 Met.
1234 2473 1299 2521 12,
1328 2469 1421 2511 475.
1464 2469 1618 2518 Forbig.
1648 2469 1695 2506 ad
1725 2468 1827 2519 Virg.
1869 2467 1964 2506 Aen.

457 2538 508 2587 4,
545 2539 641 2579 381.
699 2536 801 2575 Diss.
830 2539 879 2575 ad
904 2537 991 2575 Tib.
1024 2540 1071 2595 1,
1102 2538 1151 2586 1,
1181 2538 1247 2577 76.
1305 2537 1363 2574 Cf.
1391 2539 1518 2574 annot.
1547 2536 1596 2572 ad
1625 2535 1675 2584 6,
1708 2537 1774 2575 17.
1801 2557 1858 2564 —
1885 2548 1967 2572 rem

457 2613 637 2643 strennus
664 2619 780 2656 auge.
847 2604 1059 2642 schemen.-
1101 2602 1243 2653 „Jetzt
1269 2602 1354 2653 geh'
1379 2603 1456 2640 und
1482 2603 1656 2639 verdiene
1685 2602 1741 2639 dir
1768 2599 1924 2651 tfichtig.
1938 2601 1966 2624 ‘⁶

458 2673 579 2716 Quum
606 2673 696 2710 haec
724 2671 840 2709 verba
866 2670 963 2708 haud
992 2671 1102 2708 dubie
1130 2671 1178 2708 ad
1206 2683 1321 2708 merc.
1351 2669 1486 2708 vincla
1511 2672 1698 2720 spectent,
1725 2667 1824 2705 illam
1850 2668 1965 2705 inter-

457 2740 703 2789 pretationem
730 2739 900 2790 praefero
929 2738 1037 2775 alteri
1066 2750 1089 2775 a
1117 2739 1304 2774 Passovio
1332 2736 1569 2788 propositae:
1613 2737 1721 2785 „itzt
1747 2737 1844 2785 fort,
1869 2734 1965 2772 treib

457 2805 578 2854 riistig
606 2806 672 2842 das
699 2805 957 2844 Handwerk.“
1015 2805 1092 2842 Od.
1120 2805 1160 2853 3,
1191 2805 1258 2853 28,
1287 2804 1327 2844 3.
1384 2806 1530 2842 Prome
1556 2803 1814 2848 reconditum,
1842 2801 1964 2853 Lyde,

458 2878 618 2909 strenua
649 2872 892 2922 Caecubum,
920 2873 1010 2922 ibiq.
1035 2871 1298 2910 Mitscherlich.

568 2937 612 2975 V.
638 2939 706 2980 72.
730 2939 796 2979 73.
862 2941 915 2977 Ut
940 2946 1097 2978 ventam
1127 2962 1173 2970 --
1208 2937 1428 2975 dimittitur.
1488 2937 1604 2974 Isocr.
1636 2937 1684 2974 ad
1710 2935 1869 2974 Demon.
1893 2935 1962 2975 31.
