2028 3268
272 275 651 315 COMMENTARII
681 277 736 314 IN
766 273 989 314 HORATII
1016 272 1190 312 EPIST.
1222 274 1365 312 PRIM.
1394 276 1495 313 Lm.
1519 274 1550 312 Ι.
1631 271 1688 313 99

133 388 187 428 ad
205 389 288 428 eie.
305 390 382 441 Ep.
401 387 454 427 ad
474 389 566 427 niv.
586 389 628 438 7,
655 388 720 439 18,
741 389 783 429 2.
807 395 846 426 et
860 388 938 426 loc.
956 387 1001 425 in
1023 385 1086 425 ed.
1103 388 1135 425 1.
1156 385 1355 436 laudatos,
1385 387 1585 441 imprimis
1602 387 1686 428 cie.

132 460 243 498 Verr.
270 458 299 498 2
311 487 323 506 ,
346 458 393 506 2,
424 457 494 498 30.
525 457 672 509 Itaque
689 453 900 494 aestuabat
916 455 1184 502 dubitatione,
1205 454 1391 493 versabat
1409 469 1451 493 se
1467 457 1512 495 in
1530 461 1686 494 utram-

131 539 210 579 que
219 533 382 578 partem
400 539 481 563 non
500 525 631 564 solum
655 532 799 571 mente,
829 524 902 562 sed
919 525 1041 562 etiam
1059 538 1234 576 corpore.
1294 524 1462 572 Quintil.
1487 527 1528 565 J.
1552 526 1619 574 10,
1644 526 1686 573 7,

130 593 200 636 33.
239 594 310 632 Sic
326 607 476 644 anceps
495 595 599 631 inter
628 600 846 644 utrumque
873 593 1035 631 animus
1059 600 1232 631 aestuat.
1295 593 1493 632 Similiter
1514 593 1685 644 Oppian.

132 663 374 712 Halieut.3‚
402 661 500 704 505.
529 663 629 712 νόος
646 663 690 705 δέ
718 662 760 704 οἷ
776 657 879 715 η’ΰτε
909 663 1019 714 κῦμα
1046 661 1226 711 afleitan
1261 668 1300 700 et
1332 661 1474 702 Sidon.
1505 660 1686 713 Apollin.

132 731 266 769 earm.
288 731 330 771 7.
351 744 392 783 p.
413 731 511 771 318.
542 738 673 769 versat
694 744 827 783 vagus
846 731 983 768 omnia
1001 743 1135 768 secum.
1160 730 1339 768 Consilia
1357 738 1395 768 et
1419 735 1589 767 mentem
1613 740 1687 765 cu-

131 813 273 838 rarum
288 798 492 849 fluctibus
521 806 650 852 urget.
721 798 901 836 Tandem
929 800 1138 836 cunctanti
1166 799 1274 836 sedet
1302 797 1500 836 sententia
1530 803 1603 834 etc.
1631 817 1687 826 -—

131 867 380 906 disconvenit
397 867 537 906 ordine
559 875 652 906 toto.
686 867 753 904 Sic
765 867 847 905 cic.
858 866 935 905 Off.
959 868 996 916 1,
1023 867 1078 907 31
1092 897 1103 916 ,
1131 868 1226 908 111.
1252 868 1296 904 in
1315 869 1490 904 actiones
1508 877 1687 903 omnem-

132 950 211 988 que
247 937 374 974 vitam
409 936 569 974 nullam
601 935 914 986 discrepantiam
947 935 1127 987 conferre
1161 934 1361 973 debemus.
1424 935 1516 973 Alia
1542 933 1687 971 talium

133 1004 250 1043 affert
267 1005 402 1042 Beier.
426 1003 478 1042 ad
497 1003 618 1042 eund.
644 1005 681 1051 1,
703 1001 779 1053 40,
803 1001 899 1044 144.
930 1004 998 1042 Sic
1025 1004 1194 1042 Graeci:
1226 999 1305 1052 Εἷς
1327 1003 1410 1056 εἰμι
1435 1002 1507 1043 καὶ
1528 1000 1690 1057 ἐμεωυτῷ

131 1074 434 1126 παραπλήσιος,
461 1070 544 1110 vid.
564 1072 746 1124 Lennep.
775 1071 827 1109 ad
848 1070 1011 1110 Phalar.
1034 1072 1165 1124 Epist.
1199 1071 1269 1113 65.
1294 1085 1335 1124 p.
1360 1072 1458 1112 216.
1486 1069 1553 1109 ed.
1574 1071 1687 1122 Lips.

130 1139 288 1178 Eodem
306 1141 442 1178 animo
461 1137 507 1181 τὸ
529 1135 594 1180 ἆεὶ
615 1136 760 1193 ὅμοιον
784 1154 827 1179 se
856 1141 1058 1192 accepisse
1077 1147 1246 1179 testatur
1275 1142 1332 1178 M.
1352 1141 1546 1178 Antonin.
1573 1137 1623 1177 de
1644 1152 1687 1177 se

131 1210 220 1260 ipso
238 1208 287 1258 1,
309 1209 351 1250 8.
379 1209 451 1246 ubi
470 1206 647 1247 Gataker
663 1224 704 1262 p.
729 1210 770 1250 9.
798 1209 915 1261 plura
941 1206 1087 1259 habet,
1118 1210 1297 1262 itemque
1318 1208 1370 1246 ad
1389 1209 1411 1249 1
1425 1238 1436 1258 ,
1463 1208 1528 1248 16.
1551 1221 1592 1260 p.
1616 1207 1686 1248 30.

131 1278 316 1315 Fortasse
336 1278 463 1316 Poeta
481 1278 618 1316 allusit
640 1277 693 1316 ad
704 1278 934 1317 Stoicorum
952 1275 1002 1314 de
1021 1278 1169 1316 virtute
1190 1277 1419 1316 definienda
1431 1277 1686 1326 sententiam,

132 1358 237 1399 quae
267 1358 332 1397 ap.
360 1344 476 1384 Stob.
500 1346 589 1384 Ecl.
613 1348 663 1396 2,
689 1350 730 1388 7.
763 1361 804 1398 p.
841 1343 925 1387 104
952 1352 1033 1384 est:
1084 1341 1269 1394 διάθεσις
1296 1348 1434 1399 ψυχῆς
1462 1345 1686 1398 σύμφωνος

132 1408 238 1470 αὐτῇ
259 1412 351 1467 περὶ
367 1409 462 1455 ὅλον
484 1410 556 1454 τόν
577 1414 691 1469 βίον,
721 1427 787 1466 ap.
814 1413 897 1451 Cic.
925 1415 1050 1453 Tusc.
1072 1411 1122 1464 4,
1150 1413 1228 1455 15:
1258 1413 1417 1467 affectio
1444 1415 1574 1451 animi
1591 1428 1688 1451 con-

131 1489 245 1520 stans
263 1482 575 1534 conveniensque
600 1482 715 1536 (Fin.
736 1483 785 1532 3,
812 1480 879 1533 6.)
909 1489 948 1520 et
977 1495 1041 1535 ap.
1062 1483 1205 1522 Senec.
1222 1483 1351 1534 Epist.
1375 1481 1468 1522 3l.:
1499 1481 1688 1534 Perfecta

131 1551 261 1587 virtus
277 1549 506 1601 aequalitas
522 1566 574 1589 ac
596 1559 709 1590 tenor
730 1552 836 1588 vitae
849 1563 928 1602 per
945 1553 1082 1588 omnia
1101 1563 1324 1588 consonans
1346 1548 1435 1587 sibi.
1485 1551 1538 1588 Et
1555 1551 1686 1602 Epist.

133 1618 230 1659 120.
266 1618 464 1657 Virtutem
493 1620 663 1657 ostendit
685 1620 910 1657 constantia
928 1626 966 1656 et
989 1620 1169 1657 omnium
1188 1620 1291 1656 inter
1308 1631 1349 1656 se
1367 1619 1572 1656 actionum
1590 1633 1687 1656 con-

131 1685 270 1724 cordia
277 1701 295 1735 ;
325 1687 488 1738 quando
512 1688 617 1726 idem
641 1702 792 1739 semper
821 1689 913 1740 quis
942 1695 999 1726 est
1020 1695 1058 1724 et
1083 1689 1128 1724 in
1151 1688 1263 1724 omni
1285 1693 1382 1724 actu
1395 1700 1480 1738 par
1499 1685 1590 1724 sibi.
1624 1687 1686 1725 Cf.

131 1755 296 1794 Aristot.
314 1754 448 1794 Ethic.
466 1758 622 1796 Nicom.
642 1759 683 1806 9,
709 1755 749 1797 4.
781 1757 924 1795 Senec.
941 1757 1073 1809 Epist.
1094 1755 1164 1796 20.
1182 1755 1251 1798 23.
1276 1755 1347 1797 35.
1378 1756 1465 1803 Qua
1490 1769 1533 1793 re
1547 1756 1687 1794 obser-

131 1830 225 1862 vata
246 1838 310 1863 res
326 1826 548 1863 contrariae
572 1827 702 1877 magis
726 1826 913 1875 elucent;
949 1826 1101 1863 etenim
1119 1825 1212 1862 talis
1229 1825 1314 1862 vita
1330 1852 1341 1872 ,
1372 1824 1504 1876 qualis
1523 1822 1591 1862 hic
1612 1824 1686 1863 de-

129 1892 338 1942 scribitur,
363 1906 571 1932 summum
587 1894 733 1933 Stoicis
759 1901 845 1932 erat
865 1895 1042 1943 malum,
1074 1900 1114 1931 et
1136 1906 1240 1946 quae
1271 1906 1392 1945 supra
1413 1905 1480 1931 vv.
1501 1890 1686 1935 94—96.

130 1959 399 1999 afferebantur
432 1976 494 2001 res
527 1963 755 2002 levissimae
786 1965 829 2001 in
857 1957 1104 2016 ἀδιαφόροις
1124 1961 1392 2015 ponebantur.
1450 1960 1543 2000 Vid.
1565 1962 1685 2014 Diog.

131 2029 266 2067 Ῐιᾶὲΐῐ·
294 2031 345 2080 7,
372 2029 491 2081 104.,
523 2031 595 2069 ubi
623 2031 667 2069 id
686 2033 823 2083 ipsum
851 2039 912 2070 est
938 2027 985 2072 τὸ
1011 2026 1152 2085 ἀρτίας
1184 2030 1286 2083 ἔχειν
1310 2027 1377 2071 ἐπὶ
1402 2029 1477 2081 τῆς
1503 2032 1688 2082 κεφαλῆς

130 2097 268 2151 τρίχας
285 2092 316 2150 ἢ
335 2096 534 2152 περιττάς.
590 2102 699 2137 Haec
726 2106 864 2137 nostra
894 2101 1093 2137 sententia
1119 2100 1280 2151 egregie
1306 2097 1487 2135 firmatur
1513 2110 1580 2135 vv.
1604 2098 1685 2138 101

131 2178 223 2218 sqq.
280 2167 468 2205 Ceterum
493 2168 637 2206 similis
662 2167 768 2205 vitae
789 2166 1100 2219 descriptionem
1118 2166 1350 2219 suppeditat
1367 2166 1523 2204 Seneca
1540 2164 1590 2203 de
1604 2166 1685 2205 Vit.

131 2235 239 2272 beat.
257 2234 350 2275 28.:
379 2235 648 2274 Fluctuamus
662 2235 856 2287 aliudque
874 2248 920 2272 ex
940 2235 1024 2273 alio
1049 2235 1420 2286 comprehendimus
1432 2249 1445 2271 .-
1472 2235 1601 2285 petita
1619 2248 1685 2272 re-

130 2303 372 2356 linquimus,
401 2302 544 2340 relicta
567 2304 782 2354 repetimus
811 2309 850 2341 et
872 2304 1004 2355 Epist.
1028 2303 1124 2345 52:
1146 2304 1407 2354 fluctuamus
1432 2303 1537 2339 inter
1567 2304 1685 2341 varia

131 2370 327 2410 consilia:
356 2370 464 2409 nilzil
490 2370 611 2409 libere
632 2371 836 2417 volumus,
869 2370 978 2409 nihil
996 2369 1202 2417 absolute,
1231 2370 1338 2408 nihil
1356 2384 1521 2421 semper.
1568 2371 1684 2409 Stul-

131 2441 240 2487 titia,
274 2441 428 2492 inquis,
459 2445 544 2485 est,
578 2440 647 2477 cui
665 2438 773 2477 nilzil
787 2446 968 2486 constat,
995 2437 1101 2476 nihil
1118 2438 1190 2476 diu
1203 2439 1357 2490 placet.
1419 2440 1529 2486 Quae
1548 2447 1684 2478 autem

131 2510 220 2549 vult
237 2509 427 2548 Horatius
447 2521 472 2546 a
484 2508 716 2545 Maecenate
737 2505 908 2556 edoceri,
935 2519 982 2545 ea
995 2506 1149 2545 Seneca
1158 2509 1363 2546 Lucilium
1377 2515 1517 2546 monet
1535 2507 1683 2562 (Epist.

131 2576 242 2630 88.):
265 2578 351 2616 Fac
362 2578 529 2629 potius,
558 2575 753 2629 quomodo
773 2576 936 2613 animus
954 2588 1088 2613 secum
1114 2589 1225 2614 meus
1250 2584 1461 2623 consonet,
1493 2591 1566 2615 nec
1587 2590 1684 2616 con-

131 2645 227 2684 silia
243 2658 332 2684 mea
352 2645 587 2699 discrepent.
649 2647 737 2684 Hoc
753 2658 874 2683 sensu
899 2657 943 2683 se
963 2643 1141 2684 ediscere
1160 2647 1286 2685 Poeta
1307 2643 1405 2684 dicit
1424 2646 1554 2698 Epist.
1576 2649 1616 2698 2,
1641 2649 1682 2698 2,

133 2711 230 2756 144.
258 2727 375 2752 verae
396 2727 656 2767 numerosque
674 2713 889 2766 modosque
907 2715 1027 2752 vitae.

243 2783 293 2822 V.
314 2782 411 2824 100.
467 2782 613 2821 Diruit
628 2805 686 2812 —
705 2781 920 2821 rotundis?
978 2783 1024 2822 Si
1040 2796 1084 2822 se
1099 2783 1236 2835 ipsum
1255 2781 1411 2834 tetigit,
1441 2789 1486 2821 ut
1507 2783 1682 2836 opinan-

131 2857 197 2889 tur
225 2850 471 2889 Sanadonus
495 2858 537 2890 et
571 2852 809 2904 Capmartin
836 2851 886 2890 de
915 2850 1086 2903 Chaupy
1125 2851 1331 2902 (Decouv.
1356 2853 1389 2890 Ι.
1421 2865 1463 2904 Ρ.
1484 2850 1582 2893 347.
1611 2855 1681 2891 111.

130 2932 172 2971 p.
193 2918 330 2972 350),
360 2919 534 2958 afferunt
554 2917 675 2971 hujus
695 2921 753 2959 rei
770 2921 1049 2959 testimonium
1067 2920 1151 2959 Sat.
1174 2921 1223 2970 2,
1250 2919 1278 2961 3
1291 2949 1302 2969 ,
1325 2920 1449 2970 308.;
1479 2922 1542 2959 sin
1566 2923 1680 2970 alios,

130 2985 281 3026 habent
297 2988 398 3028 Sall.
417 2989 503 3027 Cat.
523 2976 600 3039 20,
629 2990 695 3031 12.
726 3004 831 3028 nova
848 2990 1033 3035 diruunt,
1063 2989 1150 3027 alia
1171 2988 1402 3038 aedificant.
1466 2990 1526 3027 Cf.
1551 3004 1589 3027 v.
1613 2991 1679 3031 86.

1298 3054 1325 3097 7
1357 3054 1375 3075 *
