2054 3268
248 262 623 302 COMMENTARII
651 261 705 300 IN
734 261 959 300 HORATII
988 261 1163 301 EPIST.
1192 263 1337 302 PRIM.
1367 263 1467 302 LIB.
1486 265 1520 302 Ι.
1604 259 1662 302 29

221 377 372 415 Graece
389 377 508 414 vertit
522 376 749 428 Epistolam
767 375 940 427 primam
970 375 1143 414 Goeller.
1161 376 1205 413 in
1229 375 1332 415 libro
1345 406 1356 426 ,
1382 378 1454 430 qui
1472 377 1659 415 inscribi-

107 452 175 482 tur
193 439 499 500 Μεταφροὶσεις.
559 445 801 495 Sammlung
821 457 902 482 von
926 444 1279 497 Uebersetzungen
1311 447 1374 483 ins
1399 443 1660 484 Griechische

106 534 163 540 -—
181 512 328 551 Koelh1
349 526 416 550 am
431 511 564 550 Rhein
578 512 701 554 1825.
726 511 804 564 p.8
825 524 928 564 sqq.,
958 513 1001 550 in
1024 515 1201 565 patrium
1228 527 1458 553 sermonem
1476 515 1659 566 siugula-

105 580 179 617 tim
197 580 370 621 Herder.
396 583 439 619 in
454 581 651 620 Adrastea
668 583 719 619 11.
734 579 774 621 3.
792 592 834 632 Ρ.
848 578 906 622 40
916 593 1006 634 sqq.

214 841 262 880 V.
284 841 324 881 1.
344 864 395 868 —
436 842 626 880 Camena.
658 842 846 880 Horatius
859 841 1086 879 Maecenati
1115 855 1226 890 sese,
1258 839 1368 894 quod
1384 841 1499 878 nulla
1520 841 1653 877 mittat

101 912 310 959 poemata,
348 917 612 948 excusaturus
635 917 756 964 atque
777 922 942 948 omnem
957 910 1106 961 ingrati
1131 912 1257 948 animi
1286 925 1310 949 a
1332 925 1376 948 se
1402 911 1565 961 culpam
1587 922 1653 946 re-

98 983 280 1014 moturus
294 1006 304 1025 ‚
334 985 549 1029 patronum
581 992 701 1016 suum
735 978 832 1016 dicit
879 978 1162 1030 dignissimum
1175 1006 1192 1025 ,
1233 980 1306 1030 qai
1337 979 1514 1016 carmine
1543 991 1651 1014 nan-

99 1057 223 1095 quam
257 1059 339 1082 non
367 1045 609 1093 celebretur,
651 1048 734 1084 sive
762 1048 880 1095 cujus
917 1060 1061 1084 nomen
1092 1046 1312 1099 laudesque
1343 1054 1390 1084 at
1415 1046 1513 1084 olim
1548 1045 1652 1083 cele-

99 1111 299 1160 braverit,
338 1115 396 1152 ita
420 1116 464 1152 in
483 1123 687 1166 posterum
705 1116 904 1167 poematis
914 1143 931 1161 ,
973 1115 1011 1152 si
1037 1129 1141 1167 quae
1149 1115 1347 1167 facturus
1373 1116 1452 1160 sit,
1481 1121 1646 1150 mtexat.

97 1180 267 1233 Singula
294 1183 418 1234 igitur
443 1185 566 1224 verba
584 1198 667 1224 non
684 1186 805 1223 anxie
827 1171 1048 1237 premenda
1066 1183 1267 1233 videntur,
1292 1182 1402 1237 quod
1421 1196 1564 1235 parum
1580 1195 1650 1219 ca·-

94 1258 238 1288 verunt
254 1251 457 1290 Dat-erius
476 1260 515 1291 et
534 1253 719 1292 Klotzius
743 1254 891 1306 (Lectt.
907 1254 1056 1292 Venus.
1073 1266 1113 1304 p.
1130 1251 1205 1305 28)
1226 1254 1405 1304 primam
1430 1252 1650 1290 Camenam

96 1319 272 1356 carmina
293 1321 442 1372 lyrica,
481 1335 682 1360 summam
715 1323 924 1360 satiricum
956 1334 1083 1372 genus
1112 1319 1251 1373 (Dac.:
1281 1322 1340 1359 les
1367 1321 1526 1373 poesies
1555 1333 1647 1357 mo-

95 1386 219 1440 rales)
250 1386 545 1440 intelligentes,
574 1393 661 1441 vel,
689 1398 735 1429 ut
757 1393 826 1429 alii
851 1391 1018 1439 volunt,
1045 1391 1227 1441 primam
1250 1390 1423 1439 Satiras,
1446 1403 1647 1427 summam

92 1456 308 1506 Epistulas.
379 1459 543 1496 Etenim
580 1467 627 1499 ut
662 1459 768 1498 nihil
802 1473 911 1498 nunc
943 1458 1075 1497 dicam
1111 1458 1161 1497 de
1199 1466 1403 1510 tempore,
1448 1472 1528 1512 quo
1557 1460 1645 1497 Ho-

92 1525 216 1562 ratius
235 1538 308 1563 sua
322 1527 425 1564 varii
442 1529 599 1578 generis
617 1543 738 1582 opera
758 1530 1051 1581 composuerit,
1080 1529 1170 1579 ipsa
1205 1528 1403 1566 Camenae
1423 1528 1643 1579 appellatio

89 1592 271 1644 impedit,
303 1607 382 1648 quo
403 1599 538 1635 minus
568 1611 644 1636 nec
667 1599 818 1637 Satiras
837 1611 971 1651 neque
997 1597 1201 1649 Epistolas
1222 1597 1518 1647 intelligamus,
1549 1597 1643 1649 qui-

87 1661 163 1699 bus
187 1663 274 1714 ipse
298 1671 345 1701 ut
362 1666 502 1703 Musae
529 1665 726 1718 pedestris
756 1667 905 1705 fetibus
937 1666 1041 1719 (Sat.
1059 1668 1098 1715 2,
1131 1667 1170 1714 6,
1195 1665 1280 1716 17.)
1310 1671 1545 1716 poematum
1564 1678 1643 1703 110-

86 1743 181 1768 men
205 1731 377 1784 denegat
407 1733 510 1785 (Sat.
538 1735 580 1784 1,
611 1732 660 1784 4,
690 1733 781 1786 40.)
812 1748 982 1788 eamque
1014 1734 1065 1772 ob
1101 1746 1188 1771 rem
1211 1734 1254 1770 in
1277 1746 1445 1784 operum
1474 1746 1642 1771 suorum

87 1812 210 1838 censu
233 1799 379 1854 (Epist.
404 1803 448 1852 1,
471 1802 558 1856 19.)
579 1804 736 1853 omisit,
764 1803 875 1857 quod
899 1804 1003 1842 bene
1022 1803 1209 1841 observat
1240 1802 1483 1839 sententiam
1504 1814 1641 1839 meam

85 1865 144 1919 (p.
167 1869 208 1908 7.
231 1869 294 1910 ed.
318 1869 375 1921 1.)
402 1883 474 1909 sua
498 1873 761 1923 comprobans
794 1874 1025 1911 assensione
1054 1869 1304 1909 Kirclmems
1331 1871 1375 1907 in
1409 1870 1640 1908 Satirarum

85 1935 260 1976 editione
293 1953 334 1990 p.
370 1938 464 1980 157.
504 1946 543 1976 et
572 1940 617 1976 in
662 1941 824 1991 Quaest.
852 1941 1097 1979 Horatianis
1129 1954 1170 1991 p.
1203 1938 1272 1980 35.
1358 1941 1447 1977 Huc
1485 1939 1639 1977 accedit

84 2012 242 2055 praeter
273 2009 388 2045 illam
417 2009 707 2060 metonymiam
746 2009 946 2047 Camenae
974 2023 1047 2062 pro
1093 2009 1269 2046 carmine
1307 2009 1375 2045 vel
1413 2009 1530 2060 lyrici
1571 2009 1639 2046 vel

86 2074 188 2124 epici
211 2077 367 2125 generis
402 2075 494 2125 (od.
529 2077 576 2124 1,
610 2077 675 2125 12,
705 2078 781 2125 393
812 2075 860 2126 4,
891 2078 940 2126 9,
962 2079 1024 2130 8.)
1052 2079 1174 2116 etiam
1205 2077 1375 2114 verbum
1402 2077 1564 2114 dicendi
1594 2078 1637 2114 in

84 2140 271 2179 laudibus
308 2143 375 2179 vel
414 2142 582 2180 deorum
614 2146 682 2182 vel
721 2147 1012 2183 excellentium
1043 2147 1224 2183 virorum
1258 2147 1419 2196 proprie
1461 2158 1635 2196 usurpa-

81 2215 190 2258 tum,
240 2209 322 2250 vid.
363 2209 544 2248 Broukh.
575 2210 626 2248 ad
662 2212 757 2250 Tib.
794 2213 844 2260 2,
881 2214 925 2261 1,
957 2210 1011 2252 54
1056 2219 1095 2250 et
1134 2215 1317 2264 Propert.
1361 2214 1410 2262 2,
1449 2213 1523 2261 10,
1565 2214 1634 2253 12.

80 2278 291 2315 Praeterea
318 2291 421 2330 quae
442 2286 666 2332 sequuntur
686 2277 791 2315 nihil
815 2279 926 2317 aliud
954 2278 1147 2328 indicant,
1174 2281 1253 2318 nisi
1275 2293 1317 2318 se
1347 2294 1431 2318 11011
1459 2282 1632 2332 amplius

76 2345 269 2396 juvenem
302 2345 514 2386 abhorrere
549 2361 572 2385 a
610 2347 853 2385 carminibus
871 2377 881 2396 ‚
924 2347 1070 2400 quibus
1109 2349 1208 2386 olim
1239 2347 1460 2387 delectatus
1496 2350 1631 2387 fuerit.

78 2415 327 2466 Quapropter
354 2429 438 2454 non
467 2418 663 2454 assentior
694 2415 935 2464 Heindorslo
971 2415 1022 2452 ad
1058 2416 1143 2454 Sat.
1171 2417 1219 2464 1,
1251 2418 1275 2457 1
1307 2424 1347 2455 et
1373 2417 1630 2469 Grotejendio

75 2484 119 2520 in
156 2485 378 2536 Encyclop.
412 2486 578 2522 Halensi
603 2484 779 2522 Sect.11.
806 2485 861 2522 T.
890 2486 941 2521 X.
980 2498 1022 2536 p.
1053 2482 1160 2532 462,
1193 2486 1263 2537 qui
1288 2487 1470 2536 primam
1512 2487 1624 2525 Cam.

75 2550 248 2602 primam
280 2553 372 2590 libri
399 2553 521 2604 primi
551 2553 727 2591 Satiram
753 2551 817 2591 his
851 2553 983 2590 verbis
1012 2551 1233 2590 indicatam
1260 2555 1418 2592 volunt.
1473 2554 1626 2600 Quam-

77 2631 199 2667 quam
225 2620 347 2670 igitur
376 2627 482 2658 recte
510 2622 761 2660 Kirelmerzcs
801 2621 996 2674 (quocum
1028 2621 1080 2658 cf.
1110 2621 1232 2673 Cruq.
1267 2636 1309 2674 p.
1336 2619 1459 2671 512.)
1485 2623 1626 2672 prima.

75 2693 115 2724 et
139 2701 297 2725 summa
323 2689 500 2726 Camena
515 2703 599 2728 non
633 2692 711 2729 alia
740 2692 916 2729 carmina
943 2702 1067 2742 quam
1084 2690 1211 2742 lyrica
1232 2690 1445 2742 significari
1470 2692 1622 2740 statuit,

72 2756 168 2794 nolo
193 2763 330 2794 tamen
357 2770 450 2794 cum
479 2758 707 2797 Scholiasta
735 2760 856 2811 Craq.
869 2787 887 2806 ‚
916 2758 1076 2795 Bondio
1088 2785 1105 2802 ,
1133 2758 1322 2796 Minellio
1345 2759 1514 2811 aliisque
1526 2761 1622 2810 pri-

72 2837 181 2861 mam
201 2824 245 2861 C.
268 2824 318 2862 ad
340 2827 512 2876 primam
527 2827 647 2866 odam
668 2836 808 2866 exacte
829 2828 1031 2879 anxieque
1055 2825 1223 2876 referre,
1251 2827 1347 2865 licet
1364 2825 1442 2866 hoc
1458 2840 1621 2865 carmen

72 2898 164 2928 ante
185 2889 291 2929 hanc
313 2894 536 2946 Epistolam
561 2899 755 2948 scriptum
770 2898 943 2935 libenter
972 2892 1214 2933 concedam.‘
1267 2897 1395 2935 Paulo
1427 2897 1543 2934 aliter
1569 2895 1619 2934 de

70 2958 146 2997 hac
177 2961 288 2998 omni
313 2975 355 2999 re
389 2964 511 3001 sentit
544 2964 806 3017 Doeringius.
887 2963 1004 3014 Quod
1039 2966 1242 3019 reliquum
1270 2971 1331 3004 est
1349 2994 1361 3015 ‚
1391 2967 1517 3004 Poeta
1549 2963 1618 3003 hic
