2054 3268
233 277 604 318 COMMENTARII
633 278 687 315 ΙΝ
716 275 939 316 HORATn
967 274 1140 314 EPIST.
1169 275 1313 314 PRIM.
1341 275 1442 313 LIB.
1471 275 1502 311 1.
1584 270 1642 313 63

94 392 282 445 exempla
305 391 420 430 affert
438 392 526 431 val.
542 393 653 428 Max.
671 391 711 440 7,
737 391 776 432 5.
802 396 841 427 et
861 403 942 442 quo
963 389 1100 428 animo
1122 387 1287 427 ferenda
1306 389 1372 437 sit,
1392 388 1544 440 optime
1565 385 1640 425 do-

93 469 160 500 cet
174 463 296 501 Poeta
315 459 390 500 Od.
412 460 454 510 3,
475 461 515 509 2,
537 461 716 501 17—20.
736 459 834 512 ibiq.
850 457 1068 496 Mitscherl.
1093 480 1150 486 —-
1167 455 1238 499 44.
1261 453 1637 509 quanto—labore.

93 529 239 569 dicitur
257 530 570 581 in'paupertatis
581 528 776 579 pudorem
793 535 831 565 et
834 527 993 580 sugam
1011 529 1086 578 Ep.
1110 527 1133 566 1
1148 555 1158 575 ,
1194 525 1260 575 18,
1287 523 1356 566 24.
1393 524 1642 575 Doeringius

93 612 187 637 cum
205 596 344 637 Schol-
377 599 497 650 Cruq.
531 598 671 649 capitis
696 597 875 635 laborem
902 597 1095 647 intelligit
1117 597 1223 633 vitae
1252 594 1499 647 periculum,
1531 590 1641 644 quod

92 679 325 720 quanquam
349 668 452 704 bene
475 667 553 703 fert
580 666 756 703 latinitas
789 663 889 716 (vid.
913 665 1050 702 Arntz.
1075 662 1127 700 ad
1154 664 1239 701 Cat.
1263 660 1434 700 Distich.
1462 662 1508 710 1,
1536 660 1640 711 33.)‚

91 735 234 773 malim
261 742 397 773 tamen
419 749 473 773 ex
497 735 700 787 superlata
721 731 895 786 quadam
924 733 1192 770 contentionis
1224 732 1340 784 quasi
1363 732 1542 768 internae
1566 727 1640 765 de-

91 803 307 855 scriptione
337 811 376 842 et
407 804 457 842 ob
487 803 688 854 adjectum
710 815 798 840 voc.
828 802 959 838 animi
988 802 1128 852 capitis
1160 798 1396 838 meditando
1431 797 1640 848 defatigati

90 872 315 923 intelligere
337 870 530 910 dolorem.
588 871 648 909 Cf.
674 869 922 908 Doederlinii
947 869 1172 922 Synonym.
1197 875 1271 906 etc.
1304 870 1335 905 Ι.
1370 881 1410 919 Ρ.
1430 865 1499 907 42.
1556 866 1640 903 Alii

91 937 380 991 synecdochice
403 939 578 989 corporis
595 937 769 976 laborem
800 938 965 977 omnino
997 936 1040 975 h.
1059 939 1088 976 l.
1122 937 1347 975 indicatum
1374 936 1451 974 sibi
1470 946 1641 986 persua-

93 1007 203 1044 dent.
225 1008 376 1045 devitat
393 1005 540 1044 dicitur
555 1013 602 1043 ut
621 1006 794 1044 desaevit
812 1008 887 1058 Ep.
911 1007 934 1047 1
947 1037 957 1055 ,
987 1006 1015 1047 3
1028 1035 1039 1055 ‚
1077 1005 1143 1047 14.
1156 1036 1166 1055 ‚
1207 1006 1394 1057 delitigat
1414 1005 1463 1041 A.
1487 1004 1533 1040 P.
1554 1000 1639 1050 94.,

91 1076 379 1127 depmeliantee
395 1074 468 1112 Od.
491 1078 529 1122 1,
556 1075 597 1122 9,
620 1075 700 1123 11„
730 1074 1042 1120 debacchentur,
1070 1075 1117 1123 3,
1136 1075 1184 1124 3,
1216 1074 1308 1124 55.‚
1337 1074 1530 1111 denarrat
1553 1070 1638 1108 Sat.

88 1145 130 1192 2,
150 1145 191 1192 3,
221 1142 319 1185 315.
376 1143 436 1180 De
469 1139 546 1179 hac
575 1141 751 1193 augendi
782 1145 824 1180 vi
852 1142 1042 1181 dixerunt
1061 1145 1234 1194 interpp.
1262 1141 1315 1179 ad
1330 1142 1418 1180 Val.
1442 1141 1574 1177 Flacc.
1597 1138 1639 1186 5,

87 1209 187 1252 499.
243 1212 428 1249 Bremius
453 1209 505 1247 ad
528 1212 628 1262 Nep.
653 1212 756 1248 Milt.
779 1213 818 1260 2,
842 1214 882 1252 2.
941 1209 1063 1249 Bach.
1085 1210 1136 1248 ad
1155 1209 1269 1249 Ovid.
1291 1211 1386 1247 Met.
1411 1209 1478 1257 11,
1499 1207 1582 1248 331
1600 1213 1639 1243 et

88 1278 312 1319 Weichert.
324 1279 374 1318 de
391 1279 639 1317 Cass.Parm.
653 1292 691 1330 p.
705 1280 801 1320 289.
826 1280 1043 1331 Eleganter
1057 1277 1165 1317 hunc
1176 1279 1312 1317 locum
1322 1278 1441 1316 vertit
1451 1276 1637 1315 Vossius:

89 1347 258 1398 „Denke
275 1349 352 1386 wie
369 1345 567 1398 angstlich
587 1346 641 1384 du
656 1346 792 1386 solche
812 1349 888 1385 mit
897 1347 1094 1385 Herzweh
1111 1347 1284 1386 meidest
1303 1345 1388 1384 und
1398 1341 1637 1396 Kopfweh.“
1652 1392 1662 1403 .

201 1418 248 1456 V.
278 1414 347 1458 45.
380 1415 448 1457 46.
505 1415 685 1468 Impiger
708 1439 766 1446 —-
792 1417 912 1468 ignis.
975 1417 1224 1468 Exemplum
1249 1416 1365 1469 quasi
1391 1414 1564 1451 maximi
1583 1413 1637 1450 il-

88 1485 180 1534 lius,
204 1497 284 1538 quo
303 1482 488 1522 homines
505 1485 612 1521 male
633 1485 720 1522 sani
742 1491 1020 1536 paupertatem
1040 1485 1219 1537 fugiant,
1256 1484 1380 1523 studii
1401 1483 1565 1534 ponitur
1583 1493 1636 1518 ex

87 1566 165 1591 usu
193 1554 316 1590 etiam
337 1553 508 1589 aliorum
529 1556 740 1604 poetarum
765 1560 976 1592 mercator.
1034 1555 1137 1591 Hinc
1163 1555 1343 1591 Lucilius
1372 1566 1412 1604 p.
1446 1548 1546 1592 245.
1570 1549 1634 1588 ed·

85 1622 174 1674 Bip.
205 1621 252 1661 V
242 1620 412 1659 olturius
428 1622 514 1658 ruis
531 1620 626 1658 hinc
646 1629 683 1659 et
699 1622 858 1674 colligi-9
874 1623 1010 1659 omnia
1016 1622 1171 1673 furtim
1183 1636 1196 1658 .·
1226 1622 1342 1658 Hinc
1359 1633 1470 1658 mare
1479 1620 1629 1656 metiris

85 1701 281 1741 magnum
309 1695 347 1725 et
372 1696 408 1726 te
422 1688 624 1740 fluctibus
645 1691 785 1728 tradis.
847 1689 962 1728 Ovid.
987 1690 1111 1728 Trist.
1144 1691 1192 1738 1,
1220 1691 1270 1738 2,
1293 1689 1363 1730 75.
1423 1688 1521 1726 Non
1544 1702 1634 1740 ego,

86 1757 251 1794 divitias
268 1756 415 1795 avidas
432 1758 516 1795 aine
523 1757 616 1807 fine
635 1757 844 1808 parandi,
872 1759 1027 1796 Latum
1048 1758 1255 1795 mutandis
1271 1755 1468 1794 mercibus
1485 1769 1636 1809 aequor

82 1839 170 1863 aro.
229 1826 343 1864 Pers.
364 1827 404 1875 6,
429 1826 497 1867 75.
563 1826 697 1865 Vende
720 1827 902 1864 animam
920 1826 1057 1864 lucro.-
1088 1839 1265 1863 mercare
1281 1832 1355 1863 etc.
1415 1824 1476 1863 Id.
1499 1826 1538 1874 5,
1564 1824 1633 1875 54,

86 1891 161 1934 141
187 1906 276 1947 sqq.
334 1893 476 1933 senec.
501 1893 552 1932 de
574 1895 684 1933 brev.
708 1895 778 1945 rit.
803 1896 845 1935 2.
902 1895 1052 1932 Alium
1070 1894 1278 1932 mercandi
1299 1907 1493 1946 praeceps
1515 1895 1633 1945 cupi-

84 1961 191 1999 ditas
208 1963 315 2000 circa
331 1976 464 2000 omnes
481 1969 623 2007 terras,
646 1963 780 1999 omnia
802 1964 934 2002 maria
954 1977 1024 2015 spe
1042 1963 1149 2001 lucri
1167 1963 1291 2001 ducit.
1354 1963 1417 2001 Cf.
1442 1964 1537 2001 Juv.
1564 1960 1631 2012 14,

84 2026 318 2070 275—280.
377 2031 520 2068 Avien.
548 2032 658 2068 Arat.
689 2030 774 2071 312
805 2044 892 2084 sqq.
951 2034 1118 2070 Lucian.
1148 2030 1267 2070 Char.
1300 2032 1368 2072 11.
1426 2033 1524 2069 Hor.
1544 2032 1631 2083 ipse

85 2097 171 2135 Sat·
197 2097 247 2145 1,
273 2097 321 2146 1,
341 2098 411 2138 39.
432 2095 481 2146 4,
503 2098 571 2138 29.
630 2096 705 2135 Od.
728 2099 775 2147 1,
799 2100 846 2148 1,
873 2102 938 2142 18.
968 2101 1016 2150 3,
1041 2102 1090 2149 1,
1111 2100 1180 2141 25.
1201 2101 1268 2141 26.
1288 2098 1358 2148 24,
1380 2096 1632 2140 40—43·—

84 2171 279 2202 mercator
288 2191 306 2210 ,
347 2163 538 2217 ἔμπορος,
580 2165 730 2202 liberae
763 2165 930 2218 quidem
959 2169 1203 2220 reipublicae
1244 2167 1494 2219 temporibus
1533 2168 1631 2204 civis

82 2233 287 2271 Romanus
314 2230 411 2284 (hoc
432 2234 540 2270 enim
561 2240 742 2285 tempore
764 2247 846 2272 non
871 2237 1005 2274 solum
1038 2238 1215 2289 equites,
1245 2243 1291 2274 ut
1316 2242 1422 2274 recte
1446 2234 1631 2272 docuisse

81 2299 242 2338 videtur
258 2301 387 2338 Beier.
405 2299 455 2338 ad
474 2302 554 2339 Cic.
579 2301 655 2340 Off.
685 2303 729 2351 1,
754 2300 832 2351 42,
861 2303 955 2344 151.
986 2303 1059 2342 sed
1080 2306 1203 2342 etiam
1224 2311 1428 2342 senatores
1453 2317 1525 2355 per
1543 2317 1630 2341 ser-

80 2381 152 2407 vos
171 2369 373 2408 erectioris
392 2370 518 2407 animi
535 2370 853 2421 negotiabantur,
878 2383 1111 2424 quanquam
1124 2371 1168 2410 id
1184 2373 1267 2410 illis
1280 2373 1380 2423 ipsis
1394 2370 1630 2411 indecorum

79 2448 119 2474 v.
142 2436 231 2474 Liv.
262 2437 341 2487 21,
366 2438 443 2487 63,
474 2437 516 2478 3.
546 2439 646 2491 ibiq.
672 2437 826 2478 Duker.
867 2441 997 2492 Epist.
1027 2442 1073 2490 1,
1100 2441 1176 2489 16,
1204 2441 1274 2481 71.
1307 2441 1388 2478 Cic.
1411 2442 1521 2480 Verr.
1541 2445 1581 2491 2,
1601 2441 1628 2483 5

80 2502 167 2555 18.)
189 2512 458 2544 mercaturam
475 2519 667 2558 magnam
691 2515 731 2546 et
754 2508 960 2560 copiosam
985 2521 1156 2561 eamque
1172 2506 1385 2547 honestam
1403 2507 1534 2562 (quod
1551 2524 1628 2547 ne·-

79 2585 174 2623 gare
190 2572 350 2612 videtur
366 2576 575 2614 Ernestius
594 2577 637 2613 in
658 2577 768 2615 Clav.
793 2577 874 2615 Cic.
893 2590 934 2615 v.
953 2579 1206 2628 Negotiator,
1232 2576 1305 2614 sed
1321 2591 1359 2614 v.
1381 2579 1463 2616 Cic.
1487 2577 1515 2616 l.
1535 2579 1564 2616 l.
1586 2585 1626 2616 et

78 2639 221 2678 parad.
242 2641 282 2690 6,
302 2644 342 2683 2.
370 2643 464 2682 licet
485 2651 752 2682 mercaturam
773 2646 816 2683 in
841 2647 1078 2684 universum
1095 2645 1270 2698 antiquis
1290 2647 1481 2686 Romanis
1504 2648 1625 2699 igno-

77 2708 204 2746 bilem
219 2709 344 2748 fuisse
361 2724 444 2750 non
467 2712 680 2766 negemus)
697 2715 934 2764 exercebat3
962 2727 1170 2767 quumque
1193 2715 1228 2752 is
1243 2711 1482 2770 ναύκληρος,
1501 2729 1623 2769 quem

78 2777 221 2815 Graeci
241 2780 445 2830 appellant
460 2810 471 2830 ,
506 2782 745 2836 plerumque
770 2790 900 2832 esset,
932 2795 1087 2821 merces
1119 2796 1141 2820 e
1159 2784 1376 2835 provinciis
1406 2791 1622 2836 apportans

77 2845 249 2883 Romam
267 2854 387 2899 atque
411 2849 455 2885 in
477 2850 574 2889 alias
593 2853 841 2904 provincias,
873 2859 1040 2890 vocatur
1062 2864 1194 2903 vagus
1216 2852 1260 2890 in
1279 2852 1328 2890 A.
1347 2853 1394 2891 P.
1420 2854 1537 2903 117„
1560 2854 1622 2891 uti

78 2910 120 2950 h.
142 2914 170 2951 l.
194 2915 370 2954 notionis
402 2917 608 2969 augendae
633 2921 761 2971 gratia
797 2922 980 2972 impzjger.
1027 2918 1118 2959 Vid.
1150 2920 1344 2959 Hane-hii
1367 2921 1555 2974 prolegg.
1576 2922 1621 2959 in

84 2980 167 3020 Cic.
194 2990 312 3021 oratt.
346 2984 457 3041 Vm.
487 2986 530 3023 in
559 2988 756 3027 Friedem.
785 2995 825 3028 et
845 2986 1016 3028 Seebod.
1043 2989 1156 3027 Misc.
1179 2989 1290 3028 critt.
1318 2991 1375 3040 ΙΙ,
1404 2992 1446 3032 2.
1465 3004 1506 3043 Ρ.
1533 2990 1621 3032 310
