2028 3268
348 242 428 285 178
457 245 824 285 COMMENTARII
851 245 905 282 IN
922 242 1141 281 HORATII
1168 241 1341 282 EPIST.
1362 241 1574 280 SECUND.
1603 243 1702 282 LIB.
1723 243 1752 281 1.
1809 243 1864 284 72

345 355 479 395 herbis
515 358 701 395 mollibus
731 354 1013 405 arundinisque
1050 351 1225 404 quodam
1260 366 1402 404 genere
1440 352 1733 402 conficerentur,
1763 365 1864 405 quae

346 436 420 472 res,
445 424 611 461 testibus
634 421 812 469 medicis,
841 419 1025 472 podagris
1055 426 1148 458 sunt
1175 426 1391 471 pergratae.
1450 420 1510 459 Cf.
1539 419 1716 458 scribon.
1744 421 1863 470 Larg.

345 503 379 527 c.
403 487 472 537 41,
508 490 601 530 158.
630 490 723 530 160.
755 488 850 527 162.
908 485 1057 534 Quodsi
1085 485 1160 524 hoc
1193 493 1271 532 est,
1311 487 1428 523 facile
1465 486 1722 536 intelligitur,
1750 487 1794 523 in
1817 498 1864 522 ea

345 554 630 606 interpretandi
651 555 816 602 ratione,
844 567 964 606 quam
985 567 1102 605 supra
1125 554 1266 602 statui,
1298 566 1382 590 esse
1411 551 1749 605 acquiescendum.
1803 553 1864 588 De

344 623 530 659 tomentis
557 619 637 658 vid.
667 620 837 658 Sahnas.
866 620 917 658 ad
937 621 1063 659 Solin.
1092 634 1132 672 p.
1163 621 1271 667 282„
1301 620 1472 658 Gronov.
1491 620 1707 658 Observatt.
1729 617 1768 667 4,
1795 620 1863 658 22.

343 703 382 740 p.
409 688 503 727 343.
523 695 561 725 et
581 685 710 724 Hand.
730 686 781 724 ad
800 688 921 725 Diatr.
939 689 982 724 in
1004 688 1102 726 Stat.
1129 687 1228 725 Silv.
1247 688 1277 724 Ι.
1298 700 1337 737 p.
1363 688 1456 727 160.
1484 689 1618 724 Burm.
1638 684 1689 723 ad
1705 687 1863 723 Petron.

344 768 377 792 0.
404 755 487 802 38.,
515 755 627 792 Voss.
661 753 713 791 ad.
737 756 844 805 Virg.
874 755 944 792 Ge.
968 755 1008 803 3,
1041 753 1134 794 175.
1162 760 1200 790 et
1220 767 1318 805 quos
1347 751 1484 791 laudat
1502 755 1636 791 Pitisc.
1661 753 1704 790 in
1726 753 1864 790 Lexic.

343 821 480 872 Antiq.
508 822 623 859 Rom.
654 823 705 858 II.
738 835 777 872 p.
811 822 907 862 977.
965 822 1026 858 ef.
1053 819 1232 859 Schmid.
1269 819 1320 857 ad
1343 819 1385 858 h.
1419 821 1449 858 1.
1478 822 1726 858 Burmannus
1756 816 1865 856 haud

344 885 462 924 dubie
490 888 610 924 etiam
629 895 801 926 tomenta
826 901 845 924 e
868 887 1022 938 plumis
1046 887 1223 937 conjecta
1246 888 1456 936 intellexit,
1487 900 1612 938 quum
1630 887 1674 923 in
1699 883 1864 923 Anthol.

342 955 413 991 lat.
443 955 472 991 l.
495 954 524 991 l.
554 954 763 992 scriberet:
794 956 1018 1002 „Fomenta
1039 954 1260 1006 podagricis
1283 961 1384 992 certe
1407 955 1549 991 melius
1569 954 1776 991 convenire
1802 952 1865 989 vi-

344 1019 505 1070 dentur,
536 1034 657 1073 quam
680 1028 868 1068 tomenta,
896 1022 976 1058 illis
999 1021 1113 1059 valde
1134 1021 1397 1070 incommoda,
1428 1034 1551 1072 quum
1567 1021 1633 1058 vel
1648 1019 1699 1057 ad
1715 1025 1865 1056 tactum

341 1089 528 1125 mollium
546 1086 857 1139 perhorrescant.
913 1090 961 1126 In
980 1089 1142 1126 Horatio
1166 1096 1299 1126 autem
1309 1088 1494 1139 fomenta
1511 1100 1592 1125 non
1617 1083 1865 1124 sollicitanda

342 1161 458 1192 sunt:
487 1167 583 1192 nam
605 1155 661 1192 sic
681 1156 868 1207 fomenta
895 1169 1137 1192 summorum
1156 1156 1333 1193 dolorum
1358 1154 1460 1192 dixit
1485 1154 1565 1191 Cic.
1591 1155 1712 1195 Tusc.
1730 1155 1770 1202 2,
1795 1150 1863 1192 24.

343 1220 458 1259 Ovid.
486 1235 540 1259 ex
570 1223 688 1260 Pont.
719 1224 760 1270 2,
785 1222 825 1270 3,
859 1220 925 1263 94.
955 1222 1226 1273 Fomentisque
1245 1223 1370 1267 juvas
1391 1220 1556 1257 vulnera
1576 1226 1709 1256 nostra
1733 1220 1864 1256 tuis.“

342 1287 424 1326 Sed
444 1286 521 1327 11οο
544 1290 664 1326 aliam
678 1289 950 1340 fomentorum
976 1273 1283 1340 explicationem
1311 1289 1355 1324 in
1372 1294 1548 1325 mentem
1565 1285 1667 1324 mihi
1693 1292 1863 1324 revocat·

343 1356 492 1405 Asfius,
522 1369 560 1396 v.
578 1355 617 1396 d.
638 1354 707 1407 (de
722 1357 878 1394 Platon.
895 1355 1076 1394 Phaedro
1096 1370 1136 1408 p.
1156 1354 1243 1406 98.)
1254 1354 1440 1406 fomenta
1454 1355 1643 1404 intelligit
1663 1367 1738 1402 res,
1764 1366 1865 1405 quae

343 1435 484 1473 corpus
509 1423 644 1461 fovent
672 1424 698 1460 i.
721 1436 757 1459 e.
787 1421 998 1472 delectant,
1031 1425 1112 1461 Cic.
1137 1437 1196 1474 pr.
1229 1424 1381 1471 Muren.
1405 1435 1438 1459 0.
1458 1421 1526 1461 35.
1582 1423 1667 1468 Qua
1688 1421 1865 1471 explica-

341 1488 449 1526 tione
467 1489 596 1540 posita
615 1503 669 1527 ex
681 1496 813 1527 mente
834 1492 957 1541 ipsius
972 1492 1006 1528 is
1028 1492 1192 1541 emergit
1208 1500 1370 1528 sensus:
1398 1489 1489 1536 „Nil
1504 1488 1644 1538 juvant
1663 1493 1869 1537 aegrotum·

343 1568 403 1593 res
421 1555 472 1592 ad.
490 1569 631 1608 corpus
649 1556 927 1595 delectandum
945 1559 1195 1609 suaviterque
1213 1554 1467 1593 afficiendum
1485 1560 1752 1605 comparatae3
1771 1565 1865 1590 nam

342 1635 485 1659 sanum
516 1637 608 1660 eum
636 1637 722 1662 esse
753 1632 928 1676 oportet,
969 1626 1038 1677 qui
1068 1626 1148 1661 illis
1177 1624 1278 1672 frui,
1319 1623 1569 1673 suaviterque
1600 1621 1687 1658 vult
1719 1620 1863 1656 affici.“

341 1690 432 1727 Non
448 1691 575 1738 male3
607 1690 692 1740 sed,
724 1692 759 1729 si
779 1691 877 1743 quid.
893 1690 1024 1739 video,
1054 1690 1102 1728 de
1125 1690 1200 1728 hac
1219 1692 1486 1728 fomentorum
1514 1689 1672 1726 notione
1694 1685 1758 1724 hic
1783 1699 1863 1724 non

343 1757 485 1806 agitur.
548 1758 738 1808 Apulejus
769 1759 799 1794 l.
824 1759 855 1795 1.
892 1758 982 1808 Ego
1012 1771 1100 1796 vero
1137 1757 1323 1793 maritum
1354 1754 1563 1791 articulari
1590 1756 1707 1799 etiam
1733 1752 1864 1790 morbo

343 1823 623 1873 complicatum
647 1831 949 1874 curvatumque,
979 1837 1028 1860 ac
1041 1837 1117 1873 per
1136 1823 1210 1860 lzoc
1228 1823 1425 1859 rarissime
1452 1821 1638 1859 Venerem
1655 1834 1782 1858 meam
1801 1834 1865 1857 re·

343 1889 529 1927 colentem
557 1892 745 1936 sustineo,
765 1890 1001 1941 plerumque
1024 1891 1189 1927 detortos
1212 1897 1248 1926 et
1266 1889 1428 1926 duratos
1458 1888 1500 1924 in
1523 1887 1696 1937 lapidem
1722 1887 1864 1938 digitos

343 1959 427 2004 ejus
437 1957 681 2008 persiicans,
688 1958 880 2009 fomentis
899 1957 1014 1994 olidis
1033 1965 1068 1994 et
1078 1959 1230 2007 pannis
1250 1955 1416 1993 sordidis
1435 1961 1472 1990 et
1477 1954 1645 2003 foetidis
1662 1954 1865 2004 cataplas-

342 2024 515 2062 matibus
537 2038 680 2061 manus
707 2031 790 2061 tam
811 2024 1000 2061 delicatas
1028 2024 1199 2061 adurens
1223 2029 1296 2060 etc.
1329 2022 1380 2059 cf.
1411 2022 1515 2059 Cels.
1544 2022 1571 2058 l.
1596 2023 1624 2059 l.
1682 2022 1866 2058 Ceterum

343 2091 483 2129 similis
508 2093 626 2142 plane
660 2092 778 2139 color,
810 2091 1040 2129 observante
1070 2091 1133 2128 Fr.
1154 2090 1326 2137 Jacobs„
1354 2089 1396 2125 in
1416 2089 1542 2138 Epist.
1570 2088 1634 2135 11,
1661 2087 1711 2126 17
1730 2110 1779 2115 -——
1797 2089 1864 2128 19.

343 2158 536 2197 Similiter
564 2160 756 2196 Isocrates
785 2157 835 2195 ad
857 2159 1060 2196 Demonic.
1087 2171 1128 2208 p.
1160 2159 1226 2198 12.
1255 2155 1317 2193 ed.
1349 2155 1476 2194 Wlfi:
1514 2154 1789 2206 παραπλήσιον
1826 2154 1869 2195 οἰ

342 2227 517 2265 τοιοῦτοι
554 2225 602 2277 (1.
633 2239 666 2262 e.
696 2227 872 2277 χρῆσθαι
901 2228 983 2272 τοῖς
1016 2223 1241 2276 ’ὑπάρχουσι
1273 2220 1328 2275 μή
1364 2219 1593 2274 δυνάμενοι)
1631 2217 1864 2272 πάσχουσιν,

345 2289 473 2346 ὥςπερ
501 2288 552 2332 ὅῖν
582 2291 621 2332 εἷ’
642 2307 701 2340 τις
724 2293 849 2332 ἵππον
870 2287 1056 2342 κτήσαιτο
1086 2287 1217 2337 καλὸν,
1246 2292 1376 2336 κακῶς
1398 2285 1577 2329 ἱππεύειν
1596 2283 1862 2338 ἐπιστάμενος.

343 2359 482 2398 Senec.
512 2359 637 2409 Epist.
668 2360 733 2399 17.
778 2357 1117 2408 Quemadmodum
1143 2357 1248 2394 nillil
1283 2356 1431 2408 dfflrt,
1468 2362 1601 2392 utrum
1629 2367 1792 2404 aegrum
1821 2355 1864 2391 in

343 2426 472 2477 ligneo
494 2426 608 2472 lecto,
636 2439 691 2463 an
715 2427 759 2463 in
782 2439 901 2462 aureo
928 2425 1089 2462 colloces
1108 2445 1164 2451 —-
1179 2425 1236 2460 sic
1262 2423 1366 2460 nihil
1387 2421 1521 2472 refert,
1550 2428 1682 2458 utrum
1707 2422 1866 2459 animus

343 2507 460 2544 aeger
480 2495 524 2530 in
551 2493 717 2540 divitiis,
745 2506 800 2530 an
820 2493 862 2529 in
881 2498 1117 2543 paupertate
1130 2497 1326 2540 ponatur,
1354 2488 1507 2526 matam
1533 2501 1650 2526 suum
1670 2487 1786 2525 illum
1805 2501 1866 2525 se-

345 2562 491 2611 quitur.
515 2582 571 2589 --
1767 2577 1769 2579 ·

455 2629 499 2665 V.
529 2626 596 2667 53.
624 2627 684 2664 De
716 2628 844 2665 auric.
865 2648 921 2655 —-
939 2624 1019 2663 dot.
1059 2619 1261 2678 (ὤταλγίςι)
1308 2622 1389 2661 vid.
1427 2628 1613 2659 annotata
1644 2620 1695 2660 ad
1737 2622 1865 2674 Epist.

346 2694 384 2741 1,
408 2695 444 2741 1,
470 2696 510 2733 7.
539 2695 720 2732 Fortasse
741 2693 847 2732 huno
866 2705 1024 2732 versum
1045 2692 1093 2730 ob
1112 2693 1247 2730 oculos
1272 2688 1411 2728 habuit
1426 2692 1466 2729 J.
1487 2690 1644 2728 Vestrit.
1667 2689 1866 2740 Spurinna

345 2773 409 2811 ap.
434 2761 623 2798 Wernsd.
642 2763 711 2802 ΙΙΙ.
733 2775 774 2813 p.
791 2761 917 2809 3555,
946 2759 1083 2810 Atque
1111 2765 1224 2808 aptos
1242 2758 1416 2795 citharae
1435 2757 1612 2794 conciliet
1628 2756 1760 2793 modos
1777 2770 1866 2794 sur-

344 2828 406 2866 dis
429 2827 594 2864 auribus
614 2836 797 2878 strepens.
855 2828 914 2866 Cf.
934 2834 974 2865 et
993 2825 1106 2865 Ovid.
1125 2826 1259 2863 Amor.
1277 2825 1317 2873 3,
1335 2826 1375 2874 7,
1399 2826 1450 2866 61
1470 2838 1522 2865 SS.

455 2895 502 2934 V.
530 2892 595 2934 54.
629 2896 834 2933 Sincerum
851 2917 907 2923 -—
925 2894 1081 2932 acescit.
1142 2891 1313 2930 Sensus:
1350 2892 1422 2942 „Si
1456 2892 1544 2944 quiS
1584 2889 1763 2930 sensibus
1797 2894 1866 2925 aut
