2028 3268
399 279 454 320 84
538 280 904 320 COMMENTARII
940 282 991 319 IN
1023 281 1241 319 HORATII
1270 280 1438 319 EPIST.
1468 283 1607 319 PRIM.
1644 283 1741 320 LIB.
1770 284 1801 320 1.

401 391 535 438 binus,
570 393 792 429 Torrentius
817 390 859 429 h.
877 393 905 429 l.
932 399 971 429 et
988 393 1082 429 Jan.
1111 393 1300 430 Gulielm.
1323 393 1533 431 Verisimil.
1555 395 1600 441 2,
1631 394 1668 433 1.
1691 394 1731 429 in
1757 394 1912 432 Gruter.

400 461 542 510 Lamp.
569 461 664 496 crit.
689 461 758 499 ΙΙΙ.
779 472 820 509 p.
837 460 933 498 278.
976 460 1036 496 Cf.
1067 460 1243 497 anneb.
1273 459 1376 496 Adv.
1407 461 1483 507 30,
1516 460 1555 498 9.
1598 460 1661 497 Ad
1679 462 1912 498 Horatianos

403 528 582 564 allusisse
603 525 760 563 videtur
788 526 938 562 Seneca
967 524 1015 562 de
1035 527 1110 564 Vit.
1134 527 1237 562 beat.
1255 527 1322 565 28.
1360 525 1448 561 Nec
1472 527 1579 562 viam
1598 526 1740 564 bonam
1758 541 1806 563 ac
1825 541 1912 564 ma-

403 593 484 629 lam
502 606 577 642 per
594 606 633 627 se
648 593 919 637 aestimamus,
942 591 1013 628 sed
1032 592 1147 628 turba
1166 594 1433 643 vestigiorum,
1458 594 1500 629 in
1524 593 1665 644 quibus
1689 595 1804 631 nulla
1822 601 1914 630 sunt

401 659 657 695 redeuntium.
693 659 897 695 Consentit
919 665 1051 695 autem
1075 662 1259 697 Horatius
1278 673 1318 696 re
1345 658 1507 711 quidem
1534 672 1623 696 cum
1644 661 1807 698 Platone
1824 661 1914 710 (cu-

399 728 461 775 jus
485 727 775 763 amantissimus
802 738 900 762 num
922 725 1062 773 fuerit,
1094 726 1245 764 dubitat
1269 728 1312 763 C.
1332 728 1542 764 Passovius
1566 727 1592 763 l.
1614 728 1641 764 l.
1670 729 1716 764 N.
1744 727 1842 775 66.)
1871 727 1914 762 in

403 795 501 843 Rep.
525 794 564 831 2.
594 806 633 843 p-
657 793 754 832 596.
779 793 823 829 C.
857 792 893 831 εἰ
910 791 1098 843 μέλλομεν
1128 790 1448 845 εὐδαιμονήσειν,
1480 788 1601 847 ταύτῃ
1633 791 1756 841 ἰτέον,
1788 791 1843 839 οἷς
1866 789 1914 831 τὰ

405 859 494 911 ἴχνη
517 861 596 898 τῶν
624 855 752 912 λόγων
771 857 897 911 φέρει.
954 860 1012 896 De
1031 872 1105 896 usu
1123 860 1280 896 fabulae
1298 873 1360 911 ap.
1379 862 1473 897 Hor.
1490 873 1527 896 v.
1549 859 1665 897 eund.
1688 863 1735 897 N.
1754 860 1849 900 283.

514 926 559 965 V.
581 928 650 966 76.
707 925 856 962 Bellua
885 948 941 953 —
962 939 1089 975 quem.
1136 928 1307 964 Sensus:
1340 926 1481 974 „Illud
1509 927 1620 977 vulgi
1644 926 1835 976 judicium
1858 928 1915 973 (V.

405 991 455 1029 nd
475 1006 512 1029 v.
534 993 617 1042 70.)
641 1005 720 1030 non
742 993 872 1029 solum
893 991 1127 1029 damnosum
1146 993 1202 1043 (v.
1223 992 1310 1045 75.)
1331 1001 1408 1042 est,
1431 1007 1570 1030 verum
1589 996 1708 1031 etiam
1732 1000 1814 1032 tam
1835 991 1917 1029 dis-

405 1072 568 1110 crepans
591 1066 630 1096 et
658 1058 880 1106 diversum,
911 1066 954 1095 ut
971 1058 1013 1095 id
1032 1061 1144 1110 sequi
1162 1063 1376 1111 nequeas.“
1407 1063 1490 1097 Hac
1509 1067 1676 1112 utraque
1695 1074 1736 1096 re
1751 1071 1917 1110 respon-

405 1125 519 1163 detur
537 1124 638 1163 adv.
659 1126 752 1173 70.,
786 1125 893 1177 quod
917 1126 1019 1175 fugit
1046 1126 1273 1174 Bentley'um
1284 1155 1299 1172 ,
1331 1129 1505 1180 alioquin
1530 1129 1698 1164 maximi
1727 1126 1917 1163 acuminis

405 1195 548 1231 virum.
589 1194 726 1243 Imago
755 1194 860 1243 ipsa,
888 1204 967 1243 qua
983 1194 1033 1228 H.
1054 1195 1198 1241 utitur,
1228 1195 1475 1246 frequentata
1496 1201 1554 1231 est
1576 1196 1811 1244 scriptortun
1829 1204 1917 1237 usu,

405 1267 449 1298 ut
467 1262 644 1298 Platonis
668 1261 711 1295 in
738 1260 838 1310 Rep.
868 1259 918 1307 9,
949 1261 1014 1300 12.
1048 1261 1144 1311 ibiq.
1174 1260 1314 1297 Stallb.
1346 1275 1386 1312 p.
1416 1262 1534 1308 287.,
1563 1261 1633 1297 ubi
1657 1256 1918 1311 philosophus

408 1323 544 1368 εἰκόνα
572 1330 642 1380 τῆς
673 1328 807 1377 ψυχῆς
839 1322 941 1380 λόγῳ
967 1326 1138 1374 πλάσας,
1172 1323 1325 1367 Πλάττε
1355 1329 1515 1375 τοίνυν,
1545 1328 1694 1378 inquit,
1724 1326 1819 1377 μίαν
1847 1323 1920 1377 μὲν

408 1394 518 1435 ἰδέαν
537 1395 684 1448 θηρίου
707 1393 889 1433 ποικίλου
913 1392 980 1433 καὶ
1003 1389 1281 1443 πολυκεφάλου
1308 1401 1382 1431 etc.
1437 1395 1547 1431 Alias
1568 1393 1699 1441 idem,
1728 1391 1919 1430 Chabotio

407 1463 662 1509 observante,
690 1458 760 1501 τὸν
787 1460 910 1514 ἔρωτα
937 1459 1039 1498 dixit
1067 1460 1344 1510 πολυκέφαλον
1367 1460 1420 1508 ὥς
1445 1459 1515 1501 τόν
1544 1462 1684 1513 δῆμον.
1714 1461 1920 1506 Similiter,

406 1527 567 1566 Barthio
599 1527 723 1578 (Adv.
752 1528 798 1575 3,
829 1527 924 1579 20.)
959 1527 1179 1576 indicante,
1231 1529 1415 1566 Julianus
1446 1529 1718 1565 Constantium
1758 1527 1920 1564 fratrem

407 1593 536 1648 ὕδραν
555 1594 831 1644 πολυκέφαλον
852 1596 1080 1644 appellavit.
1136 1594 1201 1631 Ad
1227 1607 1386 1631 sensum
1411 1595 1530 1631 totius
1558 1595 1634 1632 loci
1653 1594 1834 1645 proxime
1854 1607 1921 1630 ac-

409 1661 512 1699 cedit
529 1663 706 1698 Platonis
730 1663 771 1697 in
788 1660 971 1698 Axiocho
997 1675 1036 1712 p.
1056 1662 1176 1701 1306.
1206 1662 1252 1697 Ε.
1274 1660 1483 1712 descriptio
1500 1662 1638 1712 populi
1661 1662 1798 1712 ipsius,
1822 1674 1922 1713 qua-

409 1741 500 1765 cum
522 1728 571 1767 cf.
589 1726 749 1764 Phalar.
769 1729 895 1779 Epist.
914 1727 980 1767 68.
1000 1741 1040 1778 p.
1065 1727 1162 1766 228.
1184 1726 1246 1763 ed.
1267 1729 1374 1778 Lips.
1405 1729 1470 1765 Sic
1490 1729 1641 1766 Seneca
1662 1727 1710 1765 de
1735 1728 1860 1765 clem.
1884 1729 1921 1775 1,

412 1795 449 1834 l.
471 1796 665 1846 populum
685 1802 801 1832 vocat
828 1796 1060 1831 immensam
1084 1794 1392 1838 multitudinem,
1417 1795 1649 1838 discordem,
1682 1795 1922 1839 seditiosam,

410 1862 676 1911 impotentem,
697 1863 740 1898 in
752 1863 967 1911 perniciem
988 1862 1162 1898 alienam
1177 1863 1528 1911 suamquepariter
1545 1862 1828 1899 exsultaturam
1848 1869 1922 1899 etc.

409 1928 468 1965 Id.
493 1929 620 1978 Epist.
640 1931 680 1968 7.
705 1929 871 1966 Necesse
891 1936 949 1965 est
970 1936 1043 1965 aut
1069 1930 1230 1965 imiteris
1258 1936 1330 1964 aut
1353 1929 1492 1965 oderis.
1562 1929 1777 1979 Utrumque
1792 1936 1924 1965 autem

412 1995 669 2032 devitandum
696 2003 772 2032 est:
806 2009 854 2032 ne
882 1994 947 2033 vel
969 1996 1108 2032 similis
1130 1995 1246 2032 malis
1263 1995 1351 2042 fias
1362 2023 1378 2040 ‚
1415 1996 1510 2046 quia
1538 1995 1655 2032 multi
1675 2002 1767 2032 sunt
1777 2010 1793 2042 ;
1831 2009 1925 2032 neve

411 2063 594 2099 inimicus
613 2063 764 2108 multis,
795 2065 890 2114 quia
906 2063 1111 2100 dissimiles
1125 2069 1230 2099 sunt.
1257 2061 1316 2098 Id.
1341 2061 1388 2098 de
1405 2065 1480 2101 Vit.
1496 2062 1597 2099 beat.
1618 2061 1686 2103 28.
1714 2062 1929 2113 Numquid

411 2130 472 2165 vis
496 2129 688 2179 amplius,
725 2143 847 2180 quam
867 2137 912 2166 ut
937 2143 999 2166 me
1030 2131 1197 2166 similem
1218 2129 1384 2166 ducibus
1414 2132 1508 2166 meis
1532 2129 1758 2180 praestem?
1819 2128 1929 2178 Quid

413 2208 502 2246 ergo
522 2195 605 2232 est?
639 2209 718 2232 non
739 2209 814 2246 quo
838 2198 1015 2233 miserint
1039 2210 1099 2233 me
1126 2197 1205 2242 illi,
1236 2196 1306 2232 sed
1331 2210 1406 2246 quo
1428 2197 1624 2241 duxerint,
1663 2195 1739 2232 ibo.

522 2264 569 2301 V.
598 2264 668 2302 77.
725 2264 905 2299 Pars—
923 2262 1105 2312 publica.
1167 2265 1325 2301 Goller:
1357 2259 1584 2315 ἀνθρώπων
1616 2262 1658 2302 οἱ
1682 2260 1754 2313 μὲν
1785 2259 1926 2301 τελέων

414 2324 519 2380 ὥνῆς
546 2325 741 2380 μεμάασιν
759 2351 817 2357 —
848 2329 1020 2366 Publica
1047 2331 1241 2381 imprimis
1263 2331 1539 2380 intelliguntur
1562 2330 1790 2379 vectigalia,
1825 2341 1925 2379 quae

414 2396 614 2446 publicani
638 2395 929 2445 conducebant,
959 2396 1066 2448 quod
1082 2398 1261 2448 pluribus
1285 2396 1600 2433 demonstrarunt
1619 2397 1732 2446 Lips.
1759 2395 1810 2433 ad
1830 2397 1926 2433 Tac.

414 2463 518 2498 Anu.
540 2463 610 2510 13,
636 2462 724 2512 51.‚
764 2464 936 2501 Gronov.
971 2465 1082 2502 obss.
1105 2462 1143 2511 4,
1175 2464 1238 2503 13.
1269 2464 1349 2499 alii.
1389 2464 1462 2508 Qui
1482 2462 1579 2499 haec
1606 2470 1643 2500 et
1663 2465 1757 2501 talia
1786 2462 1927 2514 (Poeta

417 2530 523 2564 enlm
543 2529 709 2567 fortasse
734 2532 811 2568 alia
832 2531 952 2568 etiam
977 2543 1094 2582 opera
1106 2529 1275 2580 publica
1299 2530 1508 2577 intellexit,
1533 2536 1578 2566 ut
1597 2532 1688 2568 Juv.
1709 2532 1748 2579 3,
1769 2530 1824 2572 30
1835 2543 1925 2581 sqq.

415 2595 514 2646 ibiq.
536 2596 717 2648 Weber.)
751 2597 1047 2643 conducebant,
1077 2596 1317 2634 redimebant
1337 2597 1420 2632 sive
1440 2595 1653 2646 faciebant
1677 2595 1866 2647 (Wetzel.
1890 2603 1928 2633 et

418 2661 566 2699 Gernh.
592 2662 641 2699 ad
664 2665 744 2702 Cic.
763 2664 905 2702 Parad.
929 2667 976 2713 6,
1001 2665 1048 2712 2,
1074 2662 1166 2712 46.,
1194 2665 1248 2700 Μ.
1272 2665 1417 2700 Donat.
1445 2661 1495 2699 ad
1514 2663 1600 2700 Liv.
1622 2664 1698 2710 23,
1726 2661 1800 2712 48,
1829 2663 1927 2714 10.),

418 2729 695 2775 conductores,
722 2733 948 2782 mancipes,
976 2730 1259 2780 redemptores,
1289 2737 1525 2779 susceptores
1548 2731 1809 2779 vocabantur,
1846 2729 1928 2768 vid.

419 2809 518 2847 quos
535 2798 730 2846 congessit
752 2799 858 2836 locos
886 2800 1007 2836 Rein.
1036 2798 1080 2835 in
1106 2799 1221 2834 Rom.
1247 2796 1491 2834 Privatrecht
1518 2803 1590 2835 etc.
1623 2812 1663 2848 p.
1691 2795 1787 2839 334.
1818 2800 1856 2834 et
1880 2795 1929 2834 de

419 2860 644 2900 discrimine
669 2863 777 2900 verb.
800 2865 960 2903 locandi
980 2872 1018 2903 et
1041 2863 1285 2902 conducendi
1309 2863 1422 2900 Rost.
1454 2863 1502 2901 de
1526 2865 1644 2904 locat.
1674 2862 1857 2902 conduct.
1879 2861 1932 2900 ad

419 2930 550 2967 Plaut.
571 2929 683 2980 capt.
703 2927 743 2977 4,
761 2931 802 2979 2,
822 2930 1002 2974 38—40.
1029 2933 1139 2984 Lips.
1162 2931 1284 2972 1810.
1311 2931 1370 2967 De
1391 2932 1489 2982 ipsis
1510 2932 1629 2970 variis
1649 2932 1724 2969 loc.
1747 2928 1930 2969 conduct.
