2028 3268
139 239 194 283 25
269 236 653 279 COMMENTARII
682 239 742 280 IN
762 238 994 280 HORATII
1013 239 1114 282 LIB.
1136 240 1170 281 1.
1209 239 1376 281 EPIST.
1399 240 1560 281 TERT.
1609 238 1694 281 215

139 363 250 403 offic.
285 365 334 415 2,
364 362 408 414 5,
451 364 520 404 16.
542 363 612 417 (ibi
652 364 775 404 Beier.
800 369 840 404 et
862 363 1044 417 Zumpt.)
1070 366 1244 404 collectis
1269 367 1405 403 ceteris
1431 366 1582 410 causis,
1606 366 1694 404 elza-

138 433 293 477 mbnis,
322 431 579 482 pestilentiae
606 438 679 476 etc.
738 433 824 473 Alia
849 433 1014 472 afferunt
1050 434 1189 473 Matth.
1219 438 1259 473 et
1286 434 1412 473 Moeb.
1443 435 1494 472 ad
1522 434 1602 472 Cic.
1633 448 1691 485 pr.

137 498 237 537 Mur.
266 499 344 550 10,
375 500 441 542 23.
499 501 612 543 Catil.
645 503 687 552 2,
718 502 792 554 11,
821 500 888 544 24.
952 502 1107 554 Zumpt.
1153 504 1220 541 Gr.
1250 502 1316 541 lat.
1346 503 1378 552 §.
1402 499 1500 545 425.
1562 502 1693 540 Haase

137 567 188 606 ad
214 567 390 619 Reiszgii
425 569 472 606 V
463 569 700 622 orlesungen
728 574 801 609 etc.
826 585 866 622 p.
886 571 982 613 635.
1013 571 1064 610 Ν.
1085 571 1181 611 523.
1224 569 1370 621 Acute,
1395 573 1437 608 ut
1464 569 1584 621 solet,
1614 583 1693 609 rem

134 628 312 687 explicuit
352 636 619 675 Hermannus
660 640 711 678 ad
742 639 870 690 Viger.
919 652 958 691 p.
987 640 1086 680 878.
1154 638 1313 676 Fundus
1354 643 1414 676 est
1449 638 1692 677 Homericum

134 702 227 741 illud
266 702 362 756 (od.
393 704 472 754 19,
508 703 632 757 492):
671 706 785 760 ἕρκος
822 703 1013 756 ’ὄόντων,
1051 708 1102 744 ad
1131 708 1236 756 quod
1272 707 1440 759 proxime
1467 707 1610 745 accedit
1645 706 1691 745 Il.

135 773 184 821 7,
230 769 323 812 104.
368 770 544 824 (Spitzn.
584 774 664 827 ibi)
703 774 813 823 τέλος
857 772 1057 815 θανάτου.
1116 775 1234 826 Soph.
1279 774 1410 825 Antig.
1461 775 1556 817 122.
1607 787 1690 815 στε-

137 837 316 892 φάνωμα
363 835 542 892 πύργων.
609 843 665 883 Id.
698 844 839 895 Oedip.
867 844 951 882 Col.
980 845 1074 885 722.
1114 843 1238 896 τέρμα
1265 845 1340 895 τῆς
1370 843 1589 895 σωτηρίας,
1626 844 1692 882 ubi

135 907 207 946 alia
253 909 366 946 affert
397 907 542 960 Reisig·
592 925 654 962 ap.
688 913 855 963 Wund.,
902 913 965 963 qui
1002 913 1112 950 addit
1145 911 1284 950 Matth.
1325 910 1392 949 Gr.
1429 923 1486 961 gr.
1528 913 1562 961 §.
1592 910 1689 953 430.

133 976 242 1015 Haec
269 977 571 1027 observavimus,
615 983 658 1017 ut
693 993 842 1019 versum
891 994 970 1031 seq.
1006 980 1161 1018 clariore
1189 980 1227 1017 in
1264 979 1346 1017 luce
1371 991 1606 1029 poneremus.
1633 1000 1690 1010 —-·

122 1046 238 1097 fieres
252 1074 267 1092 ,
303 1047 457 1085 verbum
489 1047 528 1086 in
557 1049 627 1086 hac
657 1061 698 1087 re
726 1050 935 1101 proprium.
993 1049 1054 1087 Ita
1082 1049 1166 1089 Sat.
1195 1049 1244 1098 2,
1278 1048 1327 1097 1,
1361 1047 1426 1086 11.
1466 1048 1595 1085 multa
1625 1048 1690 1085 la—

135 1112 274 1150 borum
295 1118 484 1164 praemia
516 1116 685 1156 laturus.
736 1117 813 1155 Od.
835 1115 885 1167 4,
907 1119 955 1167 8,
978 1117 1017 1157 5.
1047 1131 1174 1168 neque
1203 1124 1247 1152 la
1271 1115 1448 1165 pessima
1478 1130 1690 1154 munerum

133 1182 286 1223 Ferres.
342 1182 554 1222 Dictionem
583 1185 752 1236 pluribus
781 1186 971 1224 illustrant
995 1185 1166 1223 Broukh.
1194 1185 1244 1222 ad
1275 1183 1363 1222 Tib.
1394 1183 1442 1233 1,
1472 1185 1520 1235 1,
1553 1182 1620 1226 24.
1650 1189 1690 1224 et

133 1250 289 1300 Forbig.
323 1252 373 1294 ad
402 1252 504 1303 Virg.
531 1253 610 1290 Eel.
642 1254 690 1303 5,
713 1254 778 1293 89.

245 1318 292 1358 V.
316 1320 383 1360 26.
417 1321 570 1370 Quodsi
588 1322 758 1372 Frigida
775 1345 833 1351 —
847 1336 998 1372 posses,
1047 1321 1330 1359 Sententiarum
1351 1321 1446 1358 ordo
1475 1334 1536 1360 vv.
1561 1322 1615 1362 26
1632 1345 1688 1350 —

134 1387 202 1429 29.
232 1388 292 1427 hie
309 1391 390 1425 est:
419 1388 634 1438 „Attamen
662 1390 820 1429 istarum
846 1403 969 1428 rerum
994 1390 1106 1428 laude
1132 1390 1252 1438 major
1280 1392 1339 1426 est
1377 1388 1460 1438 ipsa
1483 1390 1687 1439 sapientia,

133 1457 183 1494 ad
220 1469 332 1506 quam
361 1469 512 1507 quoque
541 1459 687 1496 omissis
724 1462 763 1496 te
791 1459 927 1509 rebus,
968 1471 1065 1509 quae
1103 1458 1293 1508 „divinae
1322 1456 1544 1508 particulam
1573 1470 1688 1496 aurae

131 1524 246 1562 humo
277 1525 494 1575 affigunt,“
521 1530 788 1576 perventurum
815 1539 898 1564 esse
929 1527 1160 1565 crediderim.
1220 1526 1265 1563 In
1299 1525 1399 1563 illam
1428 1525 1601 1563 omnibus
1629 1526 1687 1564 in-

131 1593 382 1631 cumbendum
409 1598 489 1643 est,
518 1595 581 1643 qui
611 1599 650 1632 et
679 1595 760 1632 aliis
791 1598 829 1632 et
858 1595 929 1631 sibi
959 1596 1091 1632 deesse
1120 1594 1252 1633 nolint.
1269 1595 1296 1617 ‘⁶
1354 1594 1427 1631 Est
1455 1594 1571 1643 igitur
1596 1607 1686 1645 pro-

129 1661 274 1711 gressio
303 1673 326 1698 a
350 1658 494 1699 minore
523 1663 571 1699 ad
597 1664 739 1714 majus,
781 1674 894 1711 quam
922 1662 1042 1701 Poeta
1070 1667 1170 1701 tecte
1197 1662 1406 1713 significat,
1452 1675 1528 1700 non
1563 1663 1687 1712 aperit

127 1729 220 1780 ipsis
245 1729 382 1767 verbis.
419 1729 596 1768 Similiter
622 1731 866 1783 progreditur
889 1732 1009 1768 oratio
1039 1732 1079 1768 in
1106 1731 1307 1769 laudandis
1334 1731 1470 1768 studiis
1493 1730 1685 1768 literarum

128 1809 191 1848 ap.
221 1795 318 1834 Plin.
348 1796 386 1834 in
414 1795 540 1848 Epist.
573 1799 620 1848 1,
651 1799 700 1847 3,
730 1798 770 1838 3.
839 1799 946 1849 Quin
983 1807 1028 1836 ta
1065 1799 1236 1836 humiles
1271 1805 1308 1835 et
1346 1799 1532 1836 sordidas
1566 1813 1685 1836 curas

127 1865 222 1902 aliis
253 1865 452 1910 mandas,
480 1873 518 1902 et
541 1867 625 1917 ipse
658 1873 694 1902 te
723 1868 766 1903 in
795 1866 878 1903 alto
902 1869 975 1904 islo
999 1869 1228 1920 pinguique
1251 1881 1404 1904 seces-<lb
1433 1867 1580 1905 studiis
1605 1869 1684 1905 acl-

128 1935 238 1971 seris.
286 1935 378 1970 Hoc
397 1935 450 1970 sit
468 1937 671 1986 negotium
692 1942 819 1982 tuum,
836 1935 912 1972 lzoc·
931 1938 1055 1973 olium
1068 1952 1084 1984 ;
1112 1937 1179 1974 laic
1200 1935 1332 1980 labor,
1357 1935 1457 1973 llaec
1478 1938 1588 1987 quies
1607 1942 1680 1975 etc.

126 2000 291 2052 Pythag.
317 2015 394 2040 aur.
423 2016 521 2040 vers.
537 2001 604 2043 45.
619 2002 688 2043 46.
737 2006 868 2043 Ταῦτα
890 2000 1031 2052 πόνει,
1051 1998 1167 2044 ταῦτ’
1194 2002 1400 2055 ἔκμελέτα·
1436 2001 1591 2044 τούτων
1608 2003 1684 2058 χρή

128 2069 227 2120 ἐρᾶν
250 2082 304 2117 σε,
337 2067 469 2110 Ταῦτά
489 2085 531 2110 σε
546 2074 619 2122 τῆς
643 2073 759 2121 θείης
781 2067 927 2122 ἐρετῆς
947 2073 1001 2118 εἰς
1025 2073 1131 2123 ἴχνια
1155 2074 1286 2123 θήσει.
1316 2073 1522 2117 Quaeritur
1539 2077 1681 2124 autem,

129 2150 227 2187 quae
255 2138 355 2187 sint,
395 2139 428 2175 si
457 2152 480 2176 a
504 2140 661 2189 propria
687 2139 859 2177 vocabuli
889 2140 1162 2189 significatione
1192 2140 1429 2188 discesseris,
1471 2141 1681 2191 jbmenta,

126 2210 254 2244 utrum
290 2205 450 2256 solatia,
491 2207 719 2257 lenimenta,
761 2220 811 2244 an
847 2207 1010 2258 pabula,
1053 2208 1283 2245 nutrimenta
1317 2207 1524 2246 curarum?
1572 2208 1682 2247 Illam

127 2274 438 2325 significationem
463 2275 606 2312 habent
633 2275 724 2312 loci:
755 2275 823 2312 Cic
852 2275 968 2313 Tusc.
1000 2276 1048 2324 2,
1074 2272 1150 2324 24,
1174 2275 1243 2315 59.
1275 2276 1322 2312 de
1341 2274 1423 2312 Fin.
1450 2277 1497 2325 2,
1519 2276 1588 2326 29,
1612 2277 1678 2318 95.

124 2341 223 2380 Plin.
253 2342 377 2393 Epist.
410 2345 460 2394 6,
492 2346 543 2394 7,
577 2346 615 2385 2.
647 2357 670 2381 a
702 2343 908 2381 Selzmidc'o
937 2343 1103 2392 laudati,
1133 2343 1231 2380 hanc
1265 2342 1486 2393 plerumque
1514 2356 1680 2393 sequun-

126 2414 190 2448 tur
219 2410 445 2462 interpretes
475 2419 514 2450 et
538 2412 814 2462 lexicographi,
852 2423 1055 2460 eorumque
1083 2411 1294 2462 complures
1323 2411 1448 2449 Clodii
1476 2424 1540 2463 ap.
1571 2414 1678 2452 Serv.

127 2478 179 2516 ad
208 2478 314 2529 Virg.
345 2479 442 2518 Aen.
475 2481 523 2531 1,
556 2482 652 2521 176.
687 2480 1001 2531 interpretatione
1032 2492 1099 2530 pro
1126 2479 1277 2528 fomite,
1316 2479 1562 2530 „Zunder“,
1591 2494 1678 2534 per-

126 2546 232 2583 moti.
291 2547 416 2592 Quum
452 2549 544 2587 haec
574 2549 756 2600 Epitheto
786 2548 953 2599 frigida
982 2560 1115 2598 parum
1143 2548 1426 2585 accommodata
1455 2552 1572 2598 atque
1597 2549 1676 2588 Au-

127 2616 263 2663 gusteo
285 2615 435 2663 quidem
461 2630 554 2655 aevo
584 2618 774 2655 rarissima
803 2617 874 2666 sit,
903 2617 940 2653 in
967 2615 1030 2653 illa
1059 2614 1371 2663 acquiescendum
1399 2616 1559 2658 videtur.
1597 2618 1675 2656 Sed

127 2681 179 2718 ad
212 2680 316 2719 litem
347 2683 591 2723 dirimendam
617 2698 862 2736 congeramus
891 2683 1074 2734 exempla.
1124 2681 1283 2727 Quintil.
1314 2683 1408 2723 Inst.
1442 2682 1492 2735 4,
1524 2685 1573 2735 3,
1605 2687 1672 2726 10.

125 2748 211 2785 llis
239 2749 366 2800 igitur
398 2751 508 2789 velut
524 2754 742 2804 fomenti-9,
783 2755 821 2790 si
856 2753 957 2804 qnid
988 2753 1061 2788 erit
1093 2765 1280 2801 asperum
1291 2780 1305 2797 ‚
1334 2753 1668 2802 praemolliemuS.

127 2814 252 2854 Tacit.
295 2816 397 2856 Ann.
442 2821 488 2869 1,
527 2818 595 2861 46.
634 2820 890 2859 Militat-ibus
927 2821 1076 2857 (mimis
1118 2818 1350 2857 adhibenda
1381 2822 1591 2873 fomenta,
1629 2831 1674 2860 ιιι

114 2885 230 2936 serre
262 2901 406 2936 pacem
444 2887 581 2928 velint.
621 2891 752 2931 senec.
810 2889 934 2941 Epist.
967 2889 1035 2929 51.
1076 2888 1315 2926 indomitum
1355 2890 1474 2927 illum
1513 2891 1673 2928 nivibus

125 2960 246 3004 atque
276 2954 458 3007 Alpibus
486 2957 617 2995 virum
653 2965 892 2996 enervarunt
917 2958 1100 3009 fomenta
1125 2957 1384 3009 Campaniae.
1442 2959 1500 2998 Id.
1523 2960 1571 2998 de
1594 2960 1670 2997 Vit.
