2028 3268
135 254 194 318 '29
292 269 674 312 COMMENTARII
693 271 753 311 IN
768 269 992 312 HORATn
1009 269 1110 310 Lm.
1126 270 1156 310 1.
1183 268 1351 310 EPIST.
1368 268 1522 310 sEx'r.
1602 269 1688 312 297

39 388 82 449 ζ’
135 406 270 440 autem
300 405 338 436 et
363 412 505 449 cupere
537 406 573 436 et
601 405 771 436 metuere
798 410 880 435 non
900 403 958 434 est
983 397 1070 433 sine
1098 396 1273 449 quodam
1289 409 1441 448 pavore
1450 424 1467 443 ,
1499 397 1572 449 qai
1595 399 1688 449 qui-

136 469 228 508 dem
255 468 383 506 omnis
408 468 649 506 adversatur
662 473 876 519 praecepto
909 465 976 502 illi
986 493 1002 511 ,
1037 464 1124 502 noli
1139 465 1389 503 admirari.“
1425 467 1571 511 Quodsi
1586 465 1688 506 Poe-

59 543 61 547 '
122 528 200 578 “tae
231 537 478 588 complicatae
513 538 691 575 notiones
730 541 834 574 recte
869 536 924 573 sic
961 539 1073 573 erunt
1111 535 1306 586 evolutae,
1342 537 1454 576 cadet
1482 535 1548 574 illa
1575 537 1688 586 ratio,

136 619 251 660 quam
280 605 475 644 Hellenas
512 605 592 657 (ap.
619 604 803 643 Doederl.
830 617 870 655 p.
901 601 973 654 12)
1006 604 1054 641 de
1084 606 1304 656 conjectura
1334 605 1570 656 quorundam
1595 618 1689 656 pro-

134 677 284 729 posuit:
314 675 462 726 „Stulti
490 679 579 713 sunt
606 673 776 711 homines
805 675 844 711 in
871 676 1069 722 utramque
1102 677 1271 723 partem:
1302 673 1363 711 alii
1390 687 1440 712 ne
1467 687 1513 712 ea
1540 675 1692 725 quidem

137 745 388 794 admirantur,
420 756 517 794 quae
539 743 696 780 maxime
724 747 812 781 sunt
841 740 1094 790 admirabilia,
1126 745 1258 779 contra
1286 742 1347 780 alii
1367 755 1413 780 ea
1434 755 1586 793 quoque
1609 747 1690 781 stu—

38 796 66 858 ⁵}
137 817 254 866 pent,
295 825 392 863 quae
430 812 532 850 nulla
567 812 683 862 digna
717 814 803 849 sunt
845 809 1149 857 admiratione“;
1199 811 1311 849 cadet
1351 811 1544 862 Koenigic'
1572 811 1691 848 inter—

137 882 324 934 pretatio:
354 885 473 930 „sunt
501 879 671 918 homines
695 878 743 917 ab
767 880 868 918 omni
896 878 1165 930 superstitione
1197 880 1358 928 remoti,
1394 884 1436 918 ut
1468 893 1518 918 ne
1545 880 1694 930 cogita-

139 951 244 989 tione
272 949 425 1000 quidem
453 949 630 998 deorum,
657 961 768 999 quam
794 947 890 987 coeli
913 951 1090 999 aspectus
1104 959 1259 985 movere
1283 952 1438 998 potest,
1466 947 1694 1000 perturben-

139 1024 227 1070 tur,
257 1018 456 1067 animoque
484 1015 688 1066 tranquillo
719 1017 901 1055 coelestia
927 1014 1256 1066 contemplentur,
1296 1021 1438 1066 quanto
1461 1019 1583 1055 minus
1612 1018 1694 1055 ani-

139 1100 242 1126 mum
277 1089 450 1125 nostrum
487 1097 642 1122 movere
671 1084 814 1125 debent
844 1098 911 1137 ea,
957 1099 1055 1137 quae
1086 1088 1191 1122 terra
1229 1089 1267 1123 et
1295 1098 1399 1123 mare
1436 1085 1568 1133 effert3
1604 1097 1695 1123 seu:

140 1160 254 1206 sunt,
294 1155 357 1206 qui
386 1152 444 1191 vel
464 1154 558 1192 deos
593 1155 790 1206 negligant
820 1159 858 1193 et
888 1157 1156 1204 contemnant,
1195 1167 1323 1192 nonne
1351 1154 1470 1192 multo
1498 1154 1621 1205 magis
1649 1165 1697 1191 ea

140 1223 370 1275 negligenda
408 1225 448 1259 et
486 1225 764 1262 contemnenda
793 1227 906 1273 sunt,
944 1236 1042 1274 quae
1073 1221 1193 1259 iidem
1223 1223 1318 1261 tanti
1347 1226 1570 1273 aestiment,
1599 1234 1698 1274 quo-

141 1305 225 1330 rum
262 1291 466 1342 cupiditate
503 1291 615 1329 animi
655 1305 786 1330 eorum
821 1293 875 1330 ita
910 1290 1205 1343 perturbentur,
1239 1295 1282 1329 ut
1311 1292 1425 1330 vitam
1449 1292 1698 1330 miserrimam

142 1359 311 1412 agant“;
337 1363 558 1399 occurretur
582 1361 797 1411 quaestioni
821 1360 897 1410 illi,
927 1363 1053 1398 utrum
1085 1361 1187 1398 idem
1221 1360 1433 1412 subjectum
1466 1362 1505 1399 in
1536 1363 1699 1410 utraque

143 1427 405 1468 enunciatione
449 1427 505 1478 [ut
530 1429 828 1480 interpretantur
855 1428 1111 1479 Wielandius,
1151 1429 1450 1482 Charpenterius
1463 1457 1476 1480 ,
1514 1429 1587 1479 alii]
1617 1431 1699 1467 sta-

142 1497 325 1537 tuendum
353 1496 403 1534 sit
428 1509 501 1534 nec
533 1509 607 1546 ne,
640 1500 861 1535 occurretur
899 1496 1122 1536 dubitationi
1160 1512 1331 1550 quoque,
1375 1511 1487 1550 quam
1526 1498 1575 1536 de
1616 1501 1700 1535 tota

145 1566 429 1619 comparatione
457 1565 574 1602 movit
590 1564 783 1602 Hellenas
804 1565 862 1602 his
890 1567 971 1603 fere
994 1579 1085 1604 usus
1111 1567 1259 1605 verbis:
1291 1582 1371 1618 „ex
1398 1569 1466 1618 iis,
1493 1579 1589 1618 quae
1609 1579 1699 1604 cau-

143 1647 227 1674 sam
257 1634 515 1672 admirationis
543 1634 699 1673 alterius
726 1648 747 1673 e
778 1635 1005 1686 comparatis
1032 1634 1191 1674 membri
1214 1637 1432 1686 continent,
1463 1641 1586 1675 metus
1616 1635 1699 1686 qui-

145 1705 234 1744 dem
259 1707 299 1742 et
326 1702 503 1753 gaudium
534 1703 574 1740 in
602 1702 763 1741 alterum
794 1704 906 1742 etiam
935 1704 1097 1753 cadunt,
1123 1717 1220 1754 quae
1243 1709 1368 1743 autem
1393 1705 1592 1742 maximum
1617 1715 1701 1739 om-

143 1773 234 1812 nino
267 1771 382 1810 faciat
401 1776 632 1810 momentum
659 1772 884 1822 possidendi
910 1773 1069 1823 cupido,
1085 1786 1181 1829 'non
1203 1774 1308 1811 item.
1353 1772 1572 1810 Terrestria
1601 1770 1701 1808 enim

146 1840 233 1892 illa,
273 1840 443 1890 divitiae,
478 1838 669 1889 honores,
711 1839 866 1891 plausus
895 1853 974 1878 non
1010 1839 1132 1879 solum
1169 1846 1334 1892 possunt
1374 1841 1587 1893 possideri,
1630 1839 1702 1877 sed

147 1911 262 1949 etiam
292 1922 372 1948 non
397 1909 469 1948 nisi
501 1910 718 1960 possessori
746 1913 931 1960 prosunt,
961 1909 1080 1948 solem
1109 1914 1235 1948 autem
1273 1914 1312 1948 et
1339 1910 1470 1948 stellas
1498 1909 1701 1960 possidere

145 1991 260 2016 nemo
290 1990 370 2015 non
396 1977 508 2016 modo
535 1981 688 2028 potest,
723 1978 794 2015 sed
816 1990 866 2014 ne
895 1977 972 2015 vult
997 1979 1171 2028 quidem,
1205 1979 1381 2028 quoniam
1409 1978 1470 2015 vix
1501 1977 1588 2028 plus
1626 1975 1701 2012 uti-

147 2047 290 2097 litatis,
318 2045 404 2097 plus
443 2044 539 2082 lucis
567 2045 628 2083 vel
664 2045 800 2083 caloris
840 2046 929 2083 inde
966 2051 1191 2096 accepturus
1236 2052 1359 2094 esset,
1399 2046 1431 2083 si
1468 2045 1700 2096 possideret.

148 2117 275 2162 Quem
303 2114 455 2164 quidem
480 2114 669 2151 defectum
698 2114 867 2151 sensisse
900 2114 1074 2151 videntur
1105 2115 1307 2166 Cruquius
1336 2118 1375 2151 et
1400 2113 1602 2149 Dacerius
1629 2124 1702 2162 pro

146 2182 371 2238 possidendi
411 2181 586 2232 cupidine
613 2180 888 2219 substituentes
929 2182 1142 2231 cupidinem
1174 2180 1483 2232 cognoscendi“
1517 2184 1591 2218 etc.
1651 2177 1703 2218 At

146 2253 269 2291 omnis
297 2252 336 2289 in
366 2263 412 2288 eo
440 2250 598 2288 vertitur
631 2249 771 2299 cardo,
805 2250 906 2300 quod
933 2250 1114 2289 Horatius
1142 2249 1378 2287 admirandi
1403 2248 1520 2286 verbo
1554 2248 1634 2286 fere
1663 2247 1703 2285 id

148 2320 254 2372 quod
294 2320 382 2357 inde
423 2319 604 2363 efficitur,
644 2317 705 2355 vel
735 2319 947 2369 cupidinem
985 2319 1046 2356 vel
1073 2323 1212 2356 metum
1240 2318 1300 2356 vel
1323 2322 1521 2366 utrumque
1548 2316 1702 2353 indicat.

150 2387 214 2425 Cf.
247 2386 380 2427 Heinr.
421 2387 470 2425 ad
511 2386 598 2424 Juv.
640 2387 721 2435 10,
765 2383 805 2425 4.
865 2387 1053 2424 Consulto
1089 2387 1204 2436 igitur
1230 2385 1474 2437 Jbrmidinis
1515 2384 1705 2422 contraria

151 2453 207 2504 (v.
232 2452 278 2506 4)
305 2459 408 2494 tecte
441 2456 595 2505 ponitur
622 2455 768 2506 cupido
800 2454 853 2505 (v.
875 2454 1020 2506 5—8).
1082 2453 1201 2492 Aliter
1230 2455 1293 2504 qui
1328 2458 1515 2501 statuunt,
1555 2465 1705 2490 omnem

148 2523 224 2561 loci
253 2522 486 2562 subdifficilis
519 2528 742 2575 pervertunt
778 2523 1014 2576 elegantiam.
1074 2522 1215 2561 Similia
1249 2523 1461 2572 contraria,
1491 2533 1704 2572 quanquam

149 2590 224 2628 alia
257 2595 372 2642 atque
406 2591 465 2629 hic
493 2598 555 2632 est
582 2593 729 2630 ratione
757 2598 981 2644 proponunt
1016 2593 1153 2630 Cicero
1181 2596 1221 2630 et
1242 2591 1415 2641 Seneca,
1446 2590 1508 2628 ille
1537 2590 1576 2627 in
1602 2588 1702 2626 Aca-

151 2659 254 2697 dem.
284 2661 332 2709 2,
367 2656 446 2709 41,
479 2662 574 2702 127.
611 2665 651 2699 et
675 2662 715 2699 in
749 2661 868 2699 Tusc.
900 2660 952 2711 4,
991 2662 1069 2710 17,
1102 2660 1189 2700 37.:
1240 2659 1351 2709 Quid
1382 2659 1486 2696 enim
1524 2659 1560 2695 ei
1590 2657 1704 2695 vide—

151 2733 247 2763 atur
289 2739 486 2778 magnum
526 2729 570 2765 in
604 2728 722 2766 rebus
755 2729 946 2766 Immanis
957 2757 971 2774 ,
1011 2729 1080 2765 cui
1108 2729 1323 2765 aeternitas
1353 2729 1482 2766 omnis
1507 2728 1704 2778 totiusque

154 2795 300 2832 mundi
314 2802 408 2832 nota
425 2796 477 2832 sit
492 2797 759 2847 magnitudo?
769 2827 785 2844 ,
818 2799 878 2836 hic
906 2799 946 2835 in
969 2798 1023 2836 N.
1045 2798 1122 2842 Qu.
1142 2798 1179 2837 1.
1204 2810 1244 2847 p.
1263 2796 1358 2838 647.
1375 2797 1559 2849 praefat.:
1592 2796 1632 2832 T
1625 2809 1703 2832 unc

141 2862 272 2909 juvat
298 2864 401 2900 inter
419 2863 552 2901 sidera
571 2866 664 2915 ipsa
687 2874 905 2918 vagantem
924 2866 1095 2904 divitum
1110 2867 1346 2916 pavimenta
1370 2865 1498 2903 ridere
1522 2871 1560 2901 et
1581 2871 1705 2901 totam

155 2944 248 2969 mm
274 2945 375 2969 auro
408 2945 479 2969 suo
505 2939 652 2971 terram
681 2939 754 2973 etc.
813 2935 891 2973 Illis
920 2935 1124 2973 assentitur
1156 2934 1339 2973 Boethius
1367 2935 1407 2973 in
1436 2930 1594 2972 Consol.
1622 2933 1706 2984 phi-

155 2996 304 3050 losoph.
330 3000 380 3050 3,
416 3002 456 3041 8.
517 3001 718 3052 Respicite
747 3004 847 3041 coeli
868 3004 1072 3053 spatium,
1096 3001 1396 3051 firmitudinem
1405 3032 1423 3050 ,
1450 3003 1708 3047 celeritatem,
