2028 3268
324 271 404 312 150
431 272 791 310 COMMENTARII
817 272 871 308 IN
889 270 1106 307 HORATII
1134 270 1304 311 EPIST.
1327 270 1540 313 SECUND.
1567 273 1666 312 LIB.
1692 275 1723 309 Ι.
1781 271 1835 311 44

325 386 389 432 10,
413 383 496 435 3.),
524 382 776 419 Homericum
809 379 880 416 Od·
914 382 951 427 1,
980 381 1025 420 5:
1053 375 1288 434 Ἀρνύμενος
1305 377 1357 433 ἥν
1379 396 1421 421 τε
1449 380 1584 434 ψυχήν
1606 381 1672 422 καὶ
1691 377 1835 422 νόστον

323 451 486 504 ἑταίρων
505 472 560 477 ——-
578 461 658 485 non
685 445 824 484 eodem
851 459 928 497 quo
953 449 1136 485 Horatius
1157 461 1275 485 sensu
1296 450 1457 498 accepit.
1514 451 1598 486 Hoc
1618 451 1835 486 Homerum

324 519 452 556 dicere
473 519 525 553 ait
538 546 547 564 ,
578 520 760 565 paratum
779 513 901 550 fuisse
919 514 1082 550 Ulixem
1096 544 1105 562 ,
1131 517 1164 552 si
1181 529 1241 552 res
1259 517 1313 551 ita
1331 516 1506 563 tulisset,
1533 512 1734 568 ἄρνυσθαι
1753 516 1780 552 i.
1801 529 1833 552 e.

323 586 435 637 quasi
463 597 533 634 pro
555 582 680 632 pretio
713 579 804 617 dare
834 579 900 619 καὶ
931 577 1004 631 τήν
1028 580 1172 621 ἑαυτοῦ
1191 577 1327 631 ψυχήν
1348 580 1415 620 καὶ
1439 578 1504 620 τὸν
1525 579 1668 622 ἑαυτοῦ
1683 578 1837 634 νόστον,

323 649 412 692 ἀντὶ
445 653 526 690 τῶν
561 647 737 699 ἑταίρων.
793 648 915 684 Recte
947 655 1079 685 autem
1108 651 1385 698 interpretatus
1423 654 1481 684 est
1513 649 1709 686 Horatius.
1776 649 1836 685 Cf.

322 715 495 756 Nitzsch.
515 713 606 751 adl.
631 714 660 749 l.
678 734 734 740 —
751 726 892 762 aspera
907 714 1035 751 multa
1049 723 1159 765 pert:
1190 717 1231 751 in
1249 715 1485 751 sententiam
1506 717 1620 752 Hom.
1648 713 1718 752 Od.
1741 715 1777 762 1,
1796 712 1836 753 4.

321 781 445 825 πολλὰ
473 778 513 821 δ’
545 775 610 831 ὅγ’
639 778 681 819 ἐν
709 776 838 833 πόντῳ
857 776 989 820 πάθεν
1013 779 1129 834 ἄλγεα
1146 788 1219 818 etc.
1278 784 1379 818 Hinc
1397 783 1471 832 Ep.
1499 785 1536 830 1,
1559 783 1598 829 7,
1618 779 1686 822 40.
1707 781 1839 830 proles

316 851 503 903 patientis
529 847 669 885 Ulixis.
731 846 791 882 Cf.
812 845 941 897 Epod-
971 849 1036 896 17,
1073 850 1150 897 16„
1181 847 1294 886 Ovid.
1315 862 1365 886 ex
1386 851 1501 886 Pont.
1519 847 1558 897 4,
1581 849 1643 895 10,
1666 848 1729 895 9.,
1758 848 1839 884 Cic.

322 919 371 956 de
392 917 503 955 Offic.
531 917 568 962 1,
595 913 662 961 31,
695 913 787 952 113.
851 912 981 961 Quam
1008 915 1134 952 multa
1154 929 1302 965 passus
1333 923 1389 952 est
1415 915 1547 952 Ulixes
1567 916 1610 953 in
1628 913 1698 950 illo
1717 923 1842 950 errore

322 986 507 1022 diuturno
534 989 629 1028 etc.,
663 978 742 1017 vid.
770 979 827 1015 ibi
853 981 979 1016 Beier.
1011 1003 1061 1009 —
1087 982 1260 1019 adversis
1289 996 1364 1020 rer.
1398 980 1673 1019 immersabilis
1693 980 1835 1017 undis.

321 1051 469 1099 Quodsi
489 1048 702 1086 Chabotius
722 1045 786 1082 hic
805 1053 987 1083 annotat:
1019 1048 1148 1095 „Sunt
1166 1051 1283 1097 enim,
1304 1051 1372 1100 qui
1391 1050 1510 1086 undis
1525 1062 1655 1086 rerum
1670 1047 1718 1085 de
1734 1049 1839 1085 malo

322 1131 453 1156 rerum
485 1127 667 1153 successu
697 1120 800 1150 recte
836 1120 975 1163 putent
1004 1115 1329 1166 intelljgendum3
1361 1124 1452 1154 sunt
1480 1117 1620 1164 etiam,
1657 1117 1725 1168 qui
1754 1116 1840 1152 sine

321 1187 404 1222 ulla
431 1182 686 1220 translatione
717 1182 852 1217 locum
880 1182 1093 1231 accipiant,
1132 1190 1177 1219 ut
1204 1185 1342 1220 Ulixes
1368 1185 1489 1220 nullis
1512 1183 1689 1231 casibus,
1717 1183 1839 1219 nullis

322 1250 642 1302 tempestatibus,
671 1249 793 1284 nullis
826 1246 996 1298 denique
1020 1249 1136 1286 rebus
1157 1249 1329 1287 adversis
1357 1252 1483 1287 victus
1503 1250 1683 1286 fuerit:“
1709 1248 1843 1286 dedita

323 1331 439 1369 opera
456 1316 639 1365 ambigue
658 1317 834 1352 locutum
855 1327 940 1351 esse
963 1314 1132 1352 dixerim
1149 1318 1327 1354 Poetam.
1384 1315 1464 1354 Sed
1483 1317 1524 1352 in
1545 1315 1619 1353 hoc
1639 1317 1725 1354 loco
1750 1329 1843 1366 per-

323 1384 517 1435 eleganti,
543 1383 612 1435 qui
632 1384 803 1419 colorem
823 1380 938 1419 duxit
961 1396 982 1418 e
1004 1382 1242 1420 Graecorum
1260 1396 1460 1430 sermone,
1491 1383 1733 1420 observanda
1751 1388 1844 1420 sunt

323 1453 449 1504 plura.
505 1451 686 1487 Primum
711 1449 885 1486 adversis
916 1462 1045 1485 rerum
1071 1450 1189 1487 undis
1215 1463 1294 1487 non
1325 1449 1467 1486 dicitur
1492 1463 1565 1501 pro
1589 1450 1845 1488 adversariam

323 1533 453 1556 reram
474 1517 593 1554 andis
602 1545 619 1563 ,
649 1515 720 1554 sed
740 1518 799 1553 uti
819 1518 946 1567 Epist.
965 1517 1005 1564 2,
1026 1517 1065 1564 2,
1085 1518 1181 1557 202.
1203 1517 1378 1554 adt-ersis
1395 1517 1586 1562 Austris,
1611 1523 1655 1554 ut
1687 1522 1844 1553 contra-

325 1587 427 1623 rium
449 1586 499 1622 sit
526 1586 626 1634 ejus,
657 1583 764 1636 quod
790 1582 910 1620 habet
928 1582 1229 1634 chrysostomus
1260 1585 1301 1619 in
1327 1585 1473 1620 Homil.
1495 1585 1532 1623 1.
1550 1597 1583 1621 c.
1607 1585 1646 1624 1.
1702 1580 1843 1619 Matth.

323 1650 423 1693 κατὰ
440 1652 539 1703 ῥοῦν
557 1654 639 1690 ταῖν
658 1645 897 1703 πραγμάτων
913 1649 1152 1702 φερομένων.
1209 1650 1361 1687 Deinde
1377 1658 1421 1687 ut
1436 1663 1521 1688 voc.
1540 1653 1668 1702 κῦμα,
1687 1646 1845 1688 κλύδων

325 1720 374 1758 de
395 1719 533 1771 quovis
551 1718 659 1754 malo
680 1716 824 1753 dicitur
843 1716 901 1766 (v.
926 1717 1084 1754 Jacobs.
1108 1715 1158 1752 ad
1174 1718 1324 1753 Delect.
1343 1719 1478 1768 Epigr.
1509 1719 1573 1765 10,
1592 1714 1658 1763 35,
1678 1714 1759 1763 5.):
1789 1715 1845 1751 sic

325 1783 493 1838 κύματα,
511 1782 679 1836 πέλαγος
697 1789 735 1819 et
752 1783 897 1820 similia
914 1781 1230 1833 magnitudinem
1245 1783 1308 1819 vel
1318 1783 1613 1821 multitudinem
1625 1795 1757 1819 rerum
1766 1783 1845 1818 im-

325 1855 461 1905 primis
478 1851 729 1889 adversarum
745 1849 933 1887 indicant.
962 1848 1149 1900 Aeschyl.
1173 1851 1255 1887 VII.
1275 1863 1308 1886 c.
1329 1850 1460 1888 Theb.
1483 1850 1574 1890 104.
1604 1848 1718 1887 Both.
1739 1852 1847 1901 κῦμα

327 1917 489 1972 ἅνδροὸν
506 1939 559 1947 -
579 1914 757 1969 καχλάζει
783 1921 926 1965 πνοαῖς
941 1914 1079 1969 ’Ἄρεος
1106 1912 1310 1968 ὀρόμενον.
1339 1918 1515 1969 Supplic.
1541 1915 1634 1958 114.
1669 1913 1726 1955 Ἰώ
1752 1917 1846 1956 δυσ-

327 1985 505 2041 άγκριτοι
523 1981 656 2025 πόνοι.
687 1987 773 2022 Ποῖ
789 1979 875 2023 τόδε
900 1980 999 2036 κῦμ’
1023 1978 1183 2032 ἀπάξεις
1211 1982 1412 2021 Prometh.
1429 1985 1549 2020 vinct.
1571 1982 1668 2023 735.
1684 1982 1847 2034 Δυςχεί-

326 2049 447 2106 μερόν
466 2066 509 2105 γε
525 2050 690 2102 πέλαγος
706 2045 855 2103 οἷτηρὸἱς
867 2047 976 2100 δύης.
1009 2049 1059 2086 cf.
1077 2062 1116 2086 v.
1142 2049 1264 2089 1002.
1288 2052 1396 2087 Pers.
1410 2047 1506 2090 440.
1527 2043 1573 2090 εὖ
1588 2051 1722 2089 κακῶν
1740 2047 1848 2101 ὅραῖν

328 2116 471 2172 βάθος.
489 2116 589 2156 Ibid.
600 2116 695 2158 408.
711 2117 769 2156 Αἴ
780 2117 825 2156 αἶ’
832 2120 965 2157 κακῶν
983 2114 1034 2168 δή
1043 2114 1211 2169 πέλαγος
1228 2115 1397 2169 ἔρρωγεν
1411 2115 1508 2169 μέγα
1520 2115 1700 2168 Πέρσαις.
1710 2117 1847 2168 Eurip.

328 2187 486 2238 Hippol.
512 2185 608 2225 823.
641 2186 790 2224 Κακαῖν
821 2184 860 2224 δ’
893 2182 916 2224 ὁ
934 2179 1052 2230 τάλας
1075 2181 1241 2235 πέλαγος
1262 2183 1403 2235 εἰςορῶ
1431 2185 1639 2232 Τοσοῦτον,
1671 2179 1765 2231 diste
1790 2180 1846 2235 μή

328 2251 421 2295 ποτ’
441 2253 621 2294 ἐκνεῦσαι
635 2247 769 2299 πάλιν,
789 2246 907 2302 Μηδ’
929 2249 1140 2303 ἒκπερᾶσαι
1152 2252 1257 2302 κῦμα
1267 2251 1382 2302 τῆςδε
1398 2253 1614 2302 συμφορᾶς.
1635 2249 1739 2287 Med.
1751 2247 1845 2290 364.

331 2321 389 2362 ὥσ
408 2320 463 2367 εἰς
482 2316 635 2370 ἄπορον
647 2316 688 2358 σὲ
703 2313 899 2366 κλύδωνα,
919 2316 1028 2366 θέος,
1053 2314 1228 2368 Μήδεια,
1248 2319 1382 2356 κακῶν
1401 2313 1600 2369 ἐπόρευσε.
1622 2317 1846 2354 Cf.Koele1-.

333 2387 382 2425 ad
408 2385 604 2423 Heraclid.
635 2387 785 2423 Pontic.
811 2399 852 2436 p.
879 2384 947 2423 68.
977 2384 1135 2422 Jacobs.
1165 2384 1216 2421 ad
1241 2385 1390 2420 Delect.
1419 2385 1554 2434 Epigr.
1583 2383 1622 2431 9,
1653 2383 1720 2433 25,
1744 2384 1785 2423 3.
1809 2390 1848 2420 et

333 2456 473 2494 Stallb.
493 2452 544 2490 ad
556 2454 659 2490 Plat.
676 2452 815 2504 Symp.
839 2451 906 2491 28.
926 2466 966 2502 p.
987 2453 1079 2491 128.
1107 2451 1215 2487 Tum
1236 2450 1513 2501 βαπτίζεσθαι,
1543 2451 1849 2498 κλυδωνίζεσθαι

333 2523 556 2572 similiaque
583 2521 703 2557 etiam
734 2519 920 2556 translate
951 2517 1135 2554 dicuntur
1158 2516 1206 2553 de
1230 2517 1301 2563 iis,
1332 2516 1399 2566 qui
1427 2517 1543 2554 malis
1567 2517 1783 2555 obruuntur
1811 2524 1850 2555 et

334 2590 618 2639 opprimuntur.
648 2584 748 2625 Vide
771 2598 890 2637 quem
909 2583 1044 2621 laudat
1064 2583 1349 2621 Stallbaumius
1368 2581 1417 2618 ad
1435 2584 1535 2619 Plat.
1557 2583 1731 2635 Euthyd.
1748 2585 1787 2624 7.
1807 2599 1847 2635 p.

334 2656 419 2702 98„
437 2655 600 2691 Dorvill.
618 2653 669 2691 ad
687 2652 834 2690 Charit.
854 2666 894 2703 p.
912 2652 1006 2691 307.
1029 2651 1095 2690 Sic
1117 2652 1155 2698 2,
1174 2648 1212 2690 4.
1233 2663 1271 2700 p.
1294 2649 1359 2688 39.
1390 2644 1666 2702 βαπτιζόμενος
1682 2647 1764 2690 ‘nino'
1780 2653 1850 2702 τῆς

334 2721 548 2771 ἐπιθυμίας
564 2724 744 2772 γενναῖος
762 2716 864 2772 ἀνὴρ
886 2718 1065 2772 ἐπειρᾶτο
1087 2714 1328 2767 ἀντέχεσθαι.
1346 2713 1530 2769 καθάπερ
1554 2714 1596 2756 δὲ
1616 2715 1658 2757 ἐκ
1677 2713 1851 2768 κύματος

336 2784 526 2829 οἶνέκυπτε
542 2786 664 2839 λέγων
686 2795 759 2825 etc.
789 2786 989 2838 Chrysost.
1008 2788 1058 2824 X.
1075 2799 1114 2836 p.
1133 2785 1200 2823 72.
1222 2780 1275 2834 μή
1291 2782 1547 2834 βαπτίζεσθαι
1562 2787 1643 2830 τοῖς
1659 2786 1850 2835 λυπηροῖς

336 2857 407 2894 τοῦ
421 2849 615 2905 παρόντος
630 2854 733 2904 βίον,
753 2852 852 2906 μηδὲ
864 2856 1072 2904 φυσᾶσθαι
1089 2855 1170 2898 τοῖς
1187 2853 1388 2901 λαμπροῖς.
1411 2856 1449 2886 et
1462 2851 1606 2888 Homil.
1623 2851 1660 2889 1.
1682 2861 1715 2885 c.
1729 2850 1768 2888 6.
1790 2846 1850 2903 (et

338 2923 392 2960 ibi
406 2917 567 2972 Matth.)
595 2920 761 2974 πτωχείᾳ
779 2922 1058 2974 βαπτισθῆναι.
1087 2917 1276 2969 Apposite
1295 2916 1524 2966 Lambinus,
1544 2917 1750 2968 Cruquius,
1782 2915 1849 2953 alii
