2028 3268
380 249 461 291 226

948 247 1340 289 HORATII

1839 251 1896 292 36

449 374 506 420 Et
539 374 716 419 mundus
752 375 884 418 vietus
919 387 1003 418 non
1039 372 1254 417 deficiente
1287 372 1512 417 crumena?

449 454 564 497 Inter
598 466 715 510 spem
749 465 994 508 curamque,
1027 453 1201 495 timores
1236 453 1345 495 inter
1375 454 1417 494 et
1449 452 1536 494 iras

451 531 626 575 Omnem
661 529 785 573 crede
820 530 930 573 diem
967 530 1039 574 tibi
1073 529 1274 575 diluxisse
1308 543 1570 588 supremum:

384 717 416 738 a.
434 725 478 729 —
496 703 672 737 habunde.
704 702 763 736 Sic
775 703 891 737 Guelf.
908 705 940 739 2.
956 702 989 738 4.
1007 703 1114 739 Goth.

383 762 482 794 Dess.
513 760 544 793 2.
577 759 672 803 Lips.
701 760 731 792 1.
747 760 781 793 3.
817 760 945 794 GraeV.
972 760 1025 793 De
1050 759 1115 793 hac

382 815 553 849 scribendi
570 815 702 848 ratione
718 815 789 849 vid.
807 814 848 849 C.
866 815 1025 850 Schneid.
1047 816 1070 850 l.
1093 815 1114 850 Ι.

382 884 415 916 p.
435 869 510 905 184.
543 872 700 905 abundet
716 871 766 905 Et
781 882 826 905 m.
842 883 894 915 v.,
923 882 1014 916 non,
1045 872 1116 915 def.

383 939 445 969 cuz,
463 928 561 960 Inter
573 946 618 951 —
634 927 732 960 iras?
758 928 824 962 Ed.
838 928 1044 962 Praedicov.

427 984 468 1018 V.
490 985 543 1018 11.
571 985 726 1017 mundus
738 985 862 1018 victus.
879 984 965 1018 Mss.
980 988 1016 1017 et
1027 983 1116 1018 Edd.

383 1040 477 1084 vulg.
511 1045 544 1073 et
565 1041 690 1073 modus
714 1045 748 1073 et
774 1041 896 1074 victus.
929 1041 1016 1075 Mss.
1031 1041 1116 1085 alqt.

382 1097 502 1130 Lamb.
529 1097 597 1129 duo
622 1097 753 1131 Bersm.
781 1102 817 1130 et
844 1101 923 1131 tert.
943 1097 1046 1130 habet
1062 1108 1120 1130 su-

383 1151 611 1197 perscriptum
625 1154 766 1197 modus,
784 1153 850 1186 duo
869 1153 1008 1187 Talbot.
1023 1155 1117 1197 quat.

385 1209 495 1243 Bentl.
522 1211 552 1243 1.
580 1211 612 1244 2.
645 1207 678 1243 4.
707 1210 740 1243 8.
774 1208 894 1244 Oberl.
910 1211 953 1244 D.
978 1210 1064 1244 Bad.
1087 1209 1117 1243 1.

384 1266 447 1299 Fe.
467 1266 504 1307 l,
532 1276 563 1298 a.
583 1266 623 1307 2,
646 1277 675 1299 c.
696 1265 728 1300 d.
746 1277 780 1309 g.
806 1266 846 1310 (a
877 1268 908 1301 1.
936 1266 1057 1308 m.)3‚
1087 1276 1117 1299 c.

382 1322 408 1356 f.
427 1322 446 1354 5
459 1348 468 1363 ,
501 1332 533 1357 a.
552 1322 591 1364 (a
609 1323 638 1355 1.
656 1322 719 1365 m.)
734 1322 821 1366 plur.
842 1334 896 1367 ap.
910 1323 1005 1356 Pott.
1023 1333 1065 1356 m.
1082 1322 1117 1356 b.

383 1390 438 1423 ap.
449 1377 581 1411 Victor.
594 1388 624 1412 e.
642 1378 664 1412 l.
681 1390 735 1423 ap.
746 1378 899 1413 Hoched.
911 1379 1027 1412 Guelf.
1045 1379 1074 1412 1.
1086 1380 1119 1413 2.

383 1436 512 1468 Graev.
527 1434 671 1468 Mentel.
682 1434 794 1471 Berol.
809 1438 852 1479 1.,
869 1435 931 1469 sed
944 1445 1121 1479 suprascr.

384 1501 404 1522 a
424 1493 457 1526 2.
476 1501 520 1526 m.
551 1491 718 1524 mundus.
749 1491 816 1526 Ed.
834 1491 911 1527 Ald.
926 1492 1006 1527 501.
1036 1491 1121 1524 Inde

385 1545 532 1589 conjecit
549 1549 584 1578 et
599 1545 634 1579 in
650 1551 813 1582 contexta
827 1547 961 1582 induxit
979 1548 1122 1582 Bentle-

380 1603 454 1645 jus:
498 1602 548 1635 Et
574 1602 698 1635 domus
727 1609 761 1637 et
791 1604 914 1638 victus.
957 1604 1045 1638 Eum
1065 1615 1120 1637 se-

384 1662 536 1702 quuntur
566 1658 705 1693 Wakef.
738 1659 885 1694 Haberf.
911 1661 1007 1695 Pott.
1041 1660 1120 1694 Nisi

383 1715 508 1747 modus
548 1714 676 1748 factum
715 1719 809 1748 esset
839 1727 882 1749 ex
917 1717 1118 1760 compendio

384 1769 560 1803 scribendi
579 1771 755 1814 mundus,
779 1771 981 1816 Bentlejana
1006 1784 1120 1806 emen—

384 1827 479 1860 datio
512 1827 683 1871 quandam
714 1828 946 1862 excusationis
981 1840 1118 1863 causam

384 1883 545 1926 haberet,
578 1883 670 1926 quod
699 1883 785 1918 haec
815 1885 981 1918 vocabula
1012 1896 1118 1930 saepe

385 1939 652 1974 confunduntur.
699 1940 778 1975 Vid.
807 1941 912 1975 Drak.
951 1941 1006 1976 ad.
1038 1941 1117 1975 Liv.

384 1997 450 2039 39,
481 1997 543 2039 13,
569 1995 603 2029 3.
635 1996 759 2031 Markl.
787 1997 831 2031 ad
860 1997 951 2031 Stat.
983 1997 1071 2032 Silv.
1089 1996 1123 2042 5,

387 2055 428 2096 2,
459 2051 516 2087 74.
549 2051 620 2084 Sed
637 2057 673 2086 et
692 2054 847 2087 mundus
863 2057 899 2086 et
913 2054 1038 2086 modus
1055 2065 1124 2086 non

386 2120 466 2143 raro
481 2111 741 2152 commutantur,
765 2109 815 2143 uti
832 2109 1034 2144 observavit
1050 2109 1124 2142 Ou-

386 2165 487 2200 dend.
504 2165 547 2198 ad
572 2165 699 2210 Appul.
720 2166 782 2200 IV.
807 2177 842 2210 p.
860 2165 938 2201 294.
960 2171 996 2199 et
1010 2165 1070 2199 VI.
1086 2177 1121 2210 p.

386 2222 466 2257 383.
512 2221 624 2255 Aliam
648 2222 747 2264 hujus
769 2222 966 2256 mutationis
988 2233 1123 2255 causam

388 2279 480 2312 vidit
499 2278 668 2322 oremus,
698 2289 798 2323 quem
824 2279 914 2313 conf.
940 2279 1124 2323 Vulgatam

388 2347 467 2378 scr„
487 2346 587 2380 quam
603 2335 721 2368 laudat
735 2336 757 2370 J
759 2347 790 2369 0.
806 2335 1071 2369 Sarisberiensis
1088 2336 1125 2368 in

389 2391 557 2435 Metalog.
577 2393 594 2425 1
606 2418 615 2434 ,
646 2393 678 2425 7.
726 2391 883 2426 Clericus
899 2403 1036 2436 quoque
1050 2396 1126 2425 tue-

388 2455 467 2491 tur,
499 2447 582 2492 quia
607 2446 692 2480 nihil
708 2459 793 2492 opus
808 2448 872 2491 sit,
904 2449 1036 2481 domum
1057 2459 1127 2481 me—

392 2504 532 2547 morari,
573 2515 661 2548 quae
697 2504 781 2538 satis
822 2504 1044 2548 intelligatur.
1080 2522 1126 2527 —

394 2560 566 2593 crumina.
610 2559 670 2593 Sic
692 2560 760 2595 Ms.
786 2561 905 2596 Jaeck.
925 2562 955 2595 1.
987 2560 1073 2595 Bad.
1094 2561 1124 2594 1.

390 2616 487 2660 Lips.
515 2619 547 2652 2.
564 2617 597 2651 3.
624 2617 721 2650 Haec
741 2617 881 2662 antiqua
899 2617 1055 2661 orthogr.
1071 2628 1126 2649 re-

390 2672 523 2717 peritur
538 2685 594 2717 ap.
610 2673 706 2708 Paul.
722 2674 817 2709 Diac.
836 2686 870 2719 p.
886 2675 942 2709 46.
969 2673 1123 2707 Lindem.

392 2739 567 2762 camoena.
585 2728 743 2772 Conjecit
759 2730 940 2774 Boivinus,
970 2741 1125 2774 compro-

391 2784 492 2818 bavit
527 2783 729 2819 Sanadonus
759 2787 794 2820 in
829 2787 988 2821 Oeuvres
1018 2783 1126 2820 ‹l’Ho-

391 2842 473 2875 r'ace
498 2844 563 2875 etc.
592 2842 613 2875 a
636 2841 807 2877 Amsterd.
835 2842 933 2878 1735.
966 2842 1062 2877 VIII.
1088 2853 1123 2886 p.

392 2899 471 2934 278.
493 2897 732 2941 (Corrections
749 2902 785 2932 et
800 2899 1020 2943 Addimus),
1045 2909 1125 2932 con-

1158 706 1214 737 tra
1230 704 1408 747 disputant
1416 702 1660 747 Haberfeldus,
1670 703 1756 747 Fea,
1765 702 1895 737 Schmi—

1161 760 1258 803 dius,
1285 759 1353 795 alii.

1206 817 1249 851 V.
1269 818 1322 852 12.
1352 827 1475 849 curam
1490 826 1663 859 spemque.
1710 815 1778 850 Ms.
1797 816 1894 850 Gott.

1165 875 1195 907 1.
1228 883 1414 915 curasque.
1446 871 1559 906 Guelf.
1579 874 1611 909 2.
1629 890 1673 897 —-
1697 871 1798 906 iram.
1827 871 1895 905 Ms.

1161 930 1269 964 Pulm.
1291 931 1322 963 1.
1354 930 1416 962 Fe.
1443 931 1482 970 2,
1512 928 1545 962 h.
1576 947 1621 952 —-
1650 933 1684 962 et
1706 939 1840 962 amores
1863 933 1898 962 et

1162 987 1245 1020 iras.
1277 985 1336 1018 Sic
1361 984 1506 1028 conjecit
1529 984 1586 1018 vir
1610 985 1732 1018 doctus
1761 984 1898 1029 quidam

1164 1053 1218 1087 ap.
1235 1041 1383 1075 Schmid.
1416 1041 1606 1074 Schiitzias
1622 1043 1741 1073 contra
1762 1040 1836 1073 loco
1853 1039 1898 1073 ad

1163 1109 1197 1133 v.
1211 1098 1242 1132 9.
1263 1098 1401 1131 laudato
1413 1110 1447 1142 p.
1458 1097 1538 1134 335.
1551 1101 1586 1130 et
1600 1097 1636 1130 in
1652 1096 1798 1141 epistola
1814 1106 1898 1142 qua-

1163 1153 1239 1186 dam
1254 1153 1296 1187 ad
1312 1153 1513 1187 Knebelium
1536 1154 1638 1186 missa
1662 1153 1792 1196 (‚‚von
1805 1151 1899 1185 Kne-

1163 1210 1249 1243 bel's
1271 1209 1402 1245 literar.
1419 1210 1588 1243 Nachlass
1605 1208 1673 1242 und
1687 1208 1898 1242 Briefwech-

1164 1268 1225 1301 sel.
1242 1266 1459 1311 Herausgeg.
1477 1277 1547 1299 von
1571 1265 1615 1299 K.
1632 1265 1674 1300 A.
1694 1264 1899 1309 Varnhagen

1165 1335 1235 1357 van
1249 1323 1342 1356 Ense
1358 1334 1391 1358 u.
1402 1323 1469 1357 Th.
1487 1322 1622 1356 Mundt.
1639 1321 1759 1366 Leipz.
1773 1320 1899 1355 1835st

1164 1380 1211 1414 ΙΙ.
1227 1392 1261 1424 p.
1279 1379 1375 1422 599.)
1400 1379 1469 1422 legi
1495 1378 1614 1412 maluit
1642 1382 1795 1411 tumores
1817 1377 1841 1411 i.
1866 1388 1897 1411 e.

1165 1435 1354 1470 simultates
1378 1435 1472 1468 inter
1497 1435 1623 1468 amicos
1639 1434 1824 1476 exercitas,
1836 1432 1900 1466 sed

1165 1503 1288 1527 versus
1321 1491 1470 1528 12—14
1502 1491 1538 1524 in
1568 1491 1657 1524 hunc
1686 1491 1796 1524 locum
1819 1482 1899 1522 con-

1165 1548 1285 1583 venire
1306 1551 1429 1591 negat,
1456 1552 1670 1592 quapropter
1689 1558 1748 1580 eos
1764 1546 1800 1579 in
1814 1546 1900 1591 Epi-

1166 1605 1254 1639 stola
1277 1605 1382 1638 tertia
1408 1609 1486 1648 post
1503 1615 1538 1638 v.
1564 1604 1618 1638 29.
1643 1603 1674 1636 si
1691 1621 1737 1626 —
1752 1602 1828 1635 cari
1849 1602 1900 1635 di-

1165 1661 1213 1694 cit
1236 1661 1461 1695 collocandos.
1508 1660 1554 1692 At
1586 1660 1655 1692 tale
1679 1662 1901 1692 commentum

1164 1729 1185 1750 a
1207 1720 1305 1750 tanto
1322 1717 1398 1750 viro
1423 1715 1595 1761 proficisci
1625 1716 1777 1760 potuisse
1799 1717 1901 1750 mira-

1164 1773 1262 1806 bitur
1305 1773 1506 1817 quicumque
1554 1772 1759 1816 elegantiam
1799 1772 1901 1815 hujus

1164 1829 1229 1862 loci
1261 1829 1449 1872 perspexit.
1508 1828 1644 1861 Etenim
1678 1839 1778 1872 quam
1811 1828 1901 1860 bene

1165 1886 1305 1919 timores
1328 1886 1371 1918 ad
1393 1888 1504 1917 totum
1535 1885 1782 1918 sententiarum
1810 1883 1901 1918 ordi-

1166 1954 1241 1976 nem
1283 1941 1529 1975 accommodati
1569 1941 1654 1983 sint,
1697 1939 1902 1983 intelligitur

1169 2009 1212 2031 ex
1245 1996 1530 2041 interpretatione
1560 1997 1776 2030 Scholiastae
1813 1996 1902 2029 Cru-

1169 2054 1258 2099 quii,
1281 2065 1380 2098 quam
1401 2054 1520 2087 laudat
1544 2054 1706 2088 Orellius.
1752 2053 1805 2086 De
1827 2053 1902 2098 plu—

1168 2110 1233 2144 rali
1264 2121 1404 2143 numero
1437 2110 1510 2143 vid.
1543 2109 1685 2154 Forbig.
1726 2109 1769 2142 ad
1800 2108 1900 2152 Virg.

1167 2167 1253 2201 Aen.
1272 2169 1290 2202 1
1305 2192 1314 2210 ‚
1354 2164 1434 2200 463.
1464 2171 1500 2199 et
1524 2171 1638 2200 annot.
1663 2165 1706 2198 ad
1728 2165 1843 2210 Epist.
1867 2165 1899 2206 1,

1168 2226 1210 2265 2,
1235 2223 1267 2257 8.
1291 2234 1325 2267 p.
1354 2224 1430 2257 109.

1213 2279 1257 2314 V.
1278 2279 1332 2313 13.
1356 2278 1535 2312 diluxisse.
1553 2278 1638 2312 Mss.
1656 2282 1691 2311 et
1706 2276 1781 2311 edd.
1793 2275 1899 2319 vulg„

1170 2347 1257 2380 quae
1274 2335 1437 2379 deinceps
1453 2337 1642 2378 sequuntur
1652 2333 1806 2366 Aldinam
1821 2332 1898 2367 501.

1171 2391 1350 2425 delusisse.
1393 2392 1480 2424 Mss.
1507 2390 1574 2423 duo
1598 2402 1652 2434 ap.
1677 2389 1807 2422 Bersm.
1848 2387 1900 2421 di-

1171 2447 1306 2481 lusisse.
1323 2447 1391 2481 Ms.
1404 2446 1521 2480 Jaeck.
1535 2447 1567 2479 6.
1581 2445 1767 2479 delusisse.
1785 2444 1852 2478 MS.
1866 2443 1899 2478 4.

1171 2515 1226 2548 ap.
1237 2503 1337 2536 eund.
1351 2503 1500 2537 Berol.2.
1510 2501 1575 2535 Ed.
1588 2501 1694 2545 princ.
1705 2513 1760 2545 ap.
1772 2502 1834 2535 Fe.
1845 2500 1898 2535 ed.

1171 2558 1249 2594 474.
1275 2570 1330 2602 ap.
1354 2558 1467 2592 Maitt.
1494 2557 1587 2591 Med.
1615 2555 1692 2591 476.
1717 2557 1804 2591 Ven.
1822 2555 1899 2590 478.

1171 2617 1227 2650 79.
1253 2616 1308 2649 81.
1333 2615 1388 2648 83.
1414 2615 1469 2648 86.
1485 2615 1540 2650 90.
1558 2615 1614 2649 92.
1632 2613 1687 2648 95.
1711 2613 1806 2647 Flor.
1821 2612 1899 2648 482.

1170 2671 1264 2715 Lips.
1299 2671 1376 2705 492.
1412 2671 1468 2704 98.
1501 2671 1557 2704 99.
1592 2670 1670 2704 516.
1693 2669 1798 2703 Loch.
1823 2668 1900 2711 (de-

1169 2728 1328 2770 duxisse)
1352 2727 1431 2762 498.
1450 2727 1526 2760 Asc.
1545 2725 1636 2769 519„
1660 2726 1784 2770 probat
1797 2724 1900 2757 Bers-

1168 2795 1329 2827 mannus,
1363 2783 1414 2817 ita
1440 2782 1510 2826 legi
1540 2781 1669 2816 mavult
1690 2779 1898 2824 Rutgersius

1169 2842 1221 2886 (p.
1246 2841 1325 2876 432.
1350 2840 1403 2873 ed.
1429 2839 1562 2882 Burm.)
1596 2828 1637 2871 ut
1658 2837 1704 2870 sit
1725 2835 1897 2877 occidisse,

1170 2898 1296 2942 quippe
1322 2896 1381 2941 qui
1404 2895 1465 2930 dil.
1491 2906 1554 2940 pro
1578 2894 1674 2928 illuc.
1697 2891 1767 2937 legi
1781 2894 1898 2935 neget,
