2028 3268
156 251 189 306 θ’

226 377 320 427 Cur
351 381 415 426 ita
447 379 727 441 crediderim,
762 381 843 425 nisi
880 380 978 440 quid
1012 384 1059 428 te
1093 380 1286 440 detinet,
1326 379 1442 425 audi.

622 265 764 303 LIBRI
791 263 824 303 Ι.
880 262 1149 304 EPISTULA
1178 266 1230 303 ΙΙ.

1635 264 1718 307 109

222 459 415 522 Fabula,
453 474 536 519 qua
574 459 746 505 Paridis
780 465 958 522 propter
992 465 1194 506 narratur
1232 472 1421 505 amorem

223 538 410 584 Graecia
448 540 687 586 Barbariae
721 542 841 589 lento
876 542 1030 587 coIIIsa
1064 540 1229 600 duello,

223 616 468 665 Stultorum
502 635 656 682 regum
689 626 735 668 et
773 622 1029 684 populorum
1072 622 1262 667 contiuet
1296 625 1460 667 aestus.

153 795 303 842 Aligem.
322 798 467 834 Schulz.
484 799 535 834 11.
555 801 657 838 1828.
684 813 721 848 p.
741 800 844 836 1067.
869 803 907 836 et

155 853 212 888 ed.
236 855 485 891 Schmidianae
507 857 544 891 in
568 858 694 904 Leipz.
719 858 792 893 Lit.
810 858 906 894 Zeit.

155 913 258 948 1830.
286 926 324 960 p.
352 916 434 951 651.
485 917 680 952 Pulchr-ius
706 921 742 951 et
766 916 905 950 melius.

155 970 219 1004 Sic
241 971 278 1006 h.
302 971 328 1006 l.
359 972 483 1009 laudat
515 975 671 1009 fortasse
701 974 806 1020 lapsu
830 986 905 1008 me-

154 1028 287 1063 moriae
301 1030 427 1066 Joann.
453 1032 728 1067 Sarisberiensis
751 1033 789 1066 in
806 1031 903 1077 Nug.

155 1086 243 1120 Cur.
277 1088 320 1132 7,
353 1089 389 1123 9.
421 1101 460 1135 p.
491 1087 572 1126 438.
637 1090 711 1124 Sed
743 1089 836 1124 idem
869 1090 908 1124 in

154 1143 325 1190 Metalog.
352 1145 380 1180 l.
403 1147 463 1182 22.
489 1159 526 1194 p.
555 1148 643 1184 779:
681 1148 831 1182 Plenius
858 1153 906 1182 et.

154 1202 315 1237 Rectius.
349 1204 511 1250 Conject.
545 1217 604 1251 ap.
636 1205 758 1240 Jones.
784 1225 832 1231 —
864 1218 908 1240 ac

157 1261 349 1296 Crantore.
403 1262 500 1297 Edd.
526 1263 629 1310 Lips.
654 1264 737 1299 508.
765 1264 822 1299 10.
848 1262 906 1299 14.

154 1319 214 1354 19.
238 1319 285 1353 al.

197 1376 246 1411 V.
271 1375 305 1411 5.
353 1376 592 1412 crediderim?
624 1378 686 1412 Sic
711 1378 792 1413 edd.
810 1379 903 1414 Ven.
926 1406 929 1409 .

153 1432 235 1470 479.
259 1435 318 1470 83.
346 1434 399 1479 (a.
423 1435 480 1480 b.)
505 1437 563 1470 86.
596 1435 697 1471 Flor.
715 1436 783 1472 482
800 1437 905 1472 al.—

151 1492 194 1527 πί
226 1492 327 1537 quid.
376 1491 448 1526 Ed.
479 1492 633 1539 Cuning.
682 1494 801 1529 Verba
834 1495 905 1529 nisi

154 1550 230 1595 (ni)
261 1568 310 1575 —
339 1550 475 1585 detinet
514 1552 679 1597 parenth.
719 1552 904 1588 includunt

151 1607 243 1642 Ven.
268 1608 349 1643 481.
388 1608 501 1643 Chab.
532 1609 654 1644 Burm.
688 1610 780 1644 Cun.
814 1610 902 1644 San.

151 1664 307 1700 Mervill.
341 1666 412 1707 nisi
441 1667 515 1711 qui.
564 1667 634 1701 Ms.
659 1668 726 1702 Bn.
751 1667 799 1701 E.
847 1668 902 1702 De

151 1723 264 1758 forma
295 1723 337 1757 πί
371 1728 408 1758 et
436 1725 508 1759 nisi
548 1725 727 1760 maximam
766 1730 902 1771 partem

150 1781 274 1816 valent
298 1781 342 1815 de
363 1781 527 1827 Horatio,
553 1795 645 1828 quae
668 1785 759 1818 bene
777 1783 901 1830 dispu-

150 1839 243 1875 tavit
257 1840 430 1885 Wagner.
457 1840 503 1874 ad
525 1841 629 1887 Virg.
658 1842 747 1876 Aen.
776 1841 810 1886 5,
840 1841 900 1876 49.

149 1897 267 1932 Locos
282 1897 500 1933 Horatianos
525 1910 722 1945 quanquam
747 1911 791 1933 ex
803 1899 901 1944 judi-

152 1955 208 1989 cio
226 1955 359 1990 aurium
381 1956 590 1992 constitutos
614 1957 748 1991 indicat
764 1957 900 1991 Cunin-

151 2023 247 2058 gam.
278 2012 315 2046 in
346 2012 532 2048 AnimadV.
566 2026 598 2048 c.
625 2014 661 2049 4.
685 2027 723 2061 p.
757 2015 815 2050 41.
852 2014 900 2048 cf.

151 2070 270 2106 Bentl.
287 2069 332 2103 ad
347 2070 427 2104 Sat.
443 2072 478 2114 2,
496 2072 537 2115 3,
557 2073 636 2107 154.
664 2084 712 2098 -—
739 2072 900 2107 distinet.

152 2129 240 2164 Mss.
264 2126 378 2161 Pulm.
405 2129 441 2162 2.
467 2129 503 2163 3.
528 2129 639 2174 Cruq.
670 2131 702 2174 1,
729 2129 832 2163 a—d.
866 2132 903 2163 et

153 2185 274 2220 Schol.
297 2185 335 2219 in
358 2185 532 2230 lemmate,
557 2186 679 2221 Comb.
701 2186 744 2220 A.
762 2187 830 2220 Bn.
858 2187 900 2220 C.

151 2244 251 2279 Feae
266 2244 300 2287 2,
317 2243 354 2277 b.
384 2242 486 2289 Lips.
510 2245 533 2278 2
557 2244 599 2288 (a
617 2245 650 2278 1.
667 2243 732 2287 m.)
765 2245 900 2278 Graev.

151 2301 314 2346 Mentel.,
337 2301 591 2335 restituendum
614 2305 718 2347 putat
741 2301 900 2336 Torren-

151 2361 241 2404 tius,
274 2358 358 2404 quia
382 2370 500 2393 omnes
534 2358 590 2392 sui
625 2359 778 2393 habeant
807 2360 899 2394 dest.

151 2418 211 2453 vel
238 2417 321 2452 dist.
345 2421 452 2462 atque
478 2416 516 2450 in
540 2427 609 2450 uno
627 2416 817 2462 ascriptum
834 2417 900 2451 sit:

153 2474 319 2510 Distineo
334 2474 360 2509 i.
380 2486 412 2508 e.
431 2484 565 2519 occupo
583 2473 640 2508 vel
657 2486 796 2520 separo,
814 2486 899 2520 pro-

151 2533 258 2568 batur
280 2532 430 2566 Heinsio
456 2531 502 2566 ad
527 2531 637 2565 ovid.
657 2532 802 2566 Remed.
820 2531 900 2566 Am.

151 2589 248 2633 486„
281 2590 418 2635 recepit
437 2590 638 2633 Potterius,
666 2590 762 2624 nulla
784 2595 901 2624 tamen

151 2646 327 2682 varietate
352 2647 548 2693 scripturae
571 2647 703 2682 addita.
736 2649 901 2683 destinet.

151 2703 224 2738 Ms.
240 2703 363 2738 Lamb.
382 2706 414 2748 1,
431 2716 491 2738 un.
515 2705 614 2739 Feae
630 2706 664 2749 2,
682 2717 702 2739 e
726 2705 765 2750 (a
785 2707 816 2741 1.
837 2708 900 2750 m.)

153 2761 256 2795 Gott.
282 2762 316 2795 1.
341 2761 464 2795 Jaeck.
488 2761 524 2796 4.
551 2762 620 2797 Bn.
644 2763 692 2796 Ε.
728 2763 898 2797 destinat.

152 2817 222 2852 Ms.
241 2818 339 2852 Feae
355 2820 388 2863 2,
407 2819 444 2853 d.
461 2820 496 2863 6,
519 2821 555 2854 b.
574 2821 719 2856 detinet.
752 2820 841 2856 Mss.
865 2824 902 2856 et

154 2875 235 2909 edd.
261 2875 359 2920 vulg.
394 2876 537 2921 Ubique
559 2877 646 2912 haec
667 2880 794 2913 vocab.
816 2891 900 2924 per-

154 2937 344 2977 mutantur,
369 2933 443 2967 vid.
469 2934 608 2970 Janium
637 2936 683 2970 ad
706 2937 778 2971 Od.
798 2936 837 2981 4,
864 2936 899 2980 5,

156 2990 215 3025 12.
231 2990 364 3036 Wagn.
382 2990 426 3025 ad
442 2990 544 3038 Virg.
563 2994 618 3039 11,
636 2994 718 3030 381.
750 2995 899 3040 Forbig.

963 799 1009 835 ad
1024 798 1171 835 Lucret.
1199 799 1240 845 5,
1265 798 1347 838 204.
1381 800 1511 835 Heius.
1535 798 1580 834 ad
1604 798 1715 835 Ovid.

961 857 1083 904 Epist.
1101 859 1134 903 8,
1151 858 1209 893 69.
1242 858 1343 892 Cort.
1369 858 1413 891 ad
1429 857 1565 892 Lucan.
1582 858 1616 902 4,
1634 858 1715 893 675.

961 928 1033 951 van
1057 917 1200 950 Staver.
1235 915 1281 950 ad
1303 916 1438 961 Nepot.
1462 915 1572 950 Attic.
1608 916 1651 959 9,
1678 915 1715 950 4.

961 974 1042 1018 qui,
1068 974 1153 1019 quid
1175 973 1269 1008 inter
1288 983 1369 1007 voc.
1387 972 1546 1007 detinere
1563 978 1599 1007 et
1614 973 1717 1008 disti-

959 1042 1046 1066 nere
1066 1031 1209 1066 intersit
1233 1030 1516 1076 significationis,
1536 1033 1627 1066 bene
1649 1031 1715 1066 do-

964 1094 1033 1124 cet.
1057 1109 1106 1115 —
1135 1090 1181 1124 V.
1208 1090 1244 1124 6.
1277 1101 1352 1135 qua
1376 1094 1528 1134 propter
1557 1089 1715 1124 Paridis.

963 1146 1035 1181 Ms.
1056 1147 1157 1181 Feae
1178 1148 1212 1191 2,
1230 1159 1267 1192 g.
1294 1159 1399 1192 quae.
1447 1147 1601 1182 Varians
1625 1146 1715 1182 scri-

962 1210 1070 1251 ptura
1091 1216 1150 1251 ap.
1178 1205 1344 1241 Minoem.
1375 1216 1470 1249 quae
1483 1224 1532 1230 -—
1549 1216 1716 1252 amorem,

963 1263 1017 1297 sic
1042 1262 1098 1296 ed.
1121 1261 1272 1307 Dorigh.

1009 1321 1056 1355 V.
1074 1321 1110 1355 7.
1159 1320 1373 1365 Barbariae,
1395 1319 1451 1354 lit.
1467 1318 1616 1365 majusc.
1633 1318 1715 1354 edd.

959 1390 1034 1413 rec.
1060 1379 1157 1424 vulg.
1186 1383 1331 1425 praeter
1361 1378 1466 1412 Jahn.
1496 1383 1532 1413 et
1563 1378 1714 1413 Passov.

960 1437 1159 1471 barbarico.
1206 1436 1296 1470 Mss.
1313 1437 1413 1471 Feae
1431 1437 1462 1480 1,
1481 1447 1518 1480 g.
1547 1436 1584 1480 (a
1603 1435 1714 1479 2.m.)

958 1506 996 1529 n.
1023 1495 1064 1539 (a
1086 1496 1122 1529 2.
1139 1493 1204 1538 m.)
1233 1513 1283 1520 -
1306 1494 1416 1528 lente.
1459 1493 1531 1527 Ms.
1555 1494 1654 1528 Feae
1679 1495 1713 1538 1,

958 1562 996 1596 g.
1032 1551 1072 1595 (a
1090 1551 1123 1585 2.
1141 1550 1209 1595 m.)
1237 1551 1339 1586 lecto.
1368 1550 1439 1585 Ms.
1464 1551 1586 1586 Jaeek.
1614 1552 1650 1586 6.
1666 1571 1715 1578 —-

958 1608 1107 1642 conlisa.
1156 1608 1219 1641 Sic
1242 1618 1326 1642 mss.
1351 1607 1474 1642 Guelf.
1497 1609 1529 1643 3.
1554 1608 1658 1654 LiPS.
1678 1610 1711 1644 1.

955 1667 993 1702 Ξ.
1017 1667 1054 1702 3.
1089 1666 1224 1700 Graev.
1251 1665 1348 1699 Edd.
1370 1665 1524 1711 Cuning.
1546 1666 1712 1701 Praedic.

958 1723 1042 1758 vid.
1062 1723 1108 1758 ad
1130 1735 1167 1758 v.
1187 1724 1244 1758 11.
1279 1723 1464 1758 commissa
1487 1724 1558 1759 Ms.
1583 1725 1629 1760 F.
1652 1737 1711 1771 ap.

958 1782 1082 1816 Comb.
1101 1786 1137 1815 et
1153 1781 1206 1815 sic
1222 1781 1291 1815 loc.
1309 1781 1433 1816 laudat
1449 1781 1621 1825 (fortasse
1637 1795 1711 1817 me-

957 1840 1120 1883 moriter)
1153 1839 1319 1874 vorstius
1351 1839 1395 1874 de
1420 1838 1571 1875 Latinit.
1596 1840 1714 1875 merit.

957 1903 1124 1944 suspecta
1149 1908 1180 1931 c.
1207 1896 1263 1931 14.
1290 1908 1327 1942 p.
1353 1897 1433 1932 111.
1459 1916 1508 1923 -—
1538 1898 1582 1933 V.
1608 1900 1642 1934 8.
1669 1911 1712 1934 ae

954 1957 1084 2002 popul.
1132 1955 1227 1988 Edd.
1245 1954 1336 1988 Cun.
1354 1953 1441 1988 San.
1460 1954 1619 1991 Mervill.
1634 1955 1710 1990 Do-

958 2013 1052 2058 righ.
1078 2012 1126 2047 cf.
1143 2024 1181 2047 v.
1197 2012 1257 2047 35.
1282 2031 1331 2037 —-
1354 2012 1490 2048 detinet
1522 2014 1605 2057 (sed
1629 2025 1709 2048 cor-

957 2075 1046 2105 rect.
1070 2071 1108 2104 in
1132 2071 1244 2114 cont.)
1269 2081 1334 2105 ms.
1357 2070 1463 2105 Dess.
1488 2071 1524 2105 3.
1557 2071 1712 2106 sustinet

958 2127 1159 2161 Ms.Jaeck.
1178 2128 1272 2161 6.-—
1288 2133 1439 2162 aestum.
1457 2126 1578 2160 Schol.
1596 2127 1709 2172 Cruq.

957 2185 996 2219 in
1019 2184 1198 2228 lemmate,
1224 2196 1308 2219 mss.
1331 2184 1445 2218 Pulm.
1469 2185 1504 2218 2.
1523 2185 1558 2219 3.
1595 2184 1708 2230 Cruq.

959 2243 992 2286 1,
1018 2241 1123 2276 a—d.
1147 2242 1184 2277 3.
1202 2242 1237 2276 7.
1269 2241 1316 2275 al.
1337 2253 1395 2287 ap.
1412 2241 1535 2275 Lamb.
1560 2241 1629 2275 duo
1647 2253 1707 2288 ap.

957 2299 1094 2333 Bersm.
1119 2310 1178 2332 un.
1205 2298 1329 2333 Oberl.
1356 2299 1399 2333 C.
1424 2299 1524 2332 Feae
1548 2299 1581 2344 1,
1607 2310 1641 2334 a.
1671 2301 1707 2345 2,

957 2357 993 2391 d.
1019 2356 1053 2401 5,
1078 2368 1111 2390 e.
1136 2356 1163 2390 f.
1193 2357 1227 2400 6,
1260 2367 1293 2389 a.
1327 2356 1367 2400 (a
1386 2357 1418 2390 1.
1437 2357 1504 2401 m.)
1542 2357 1578 2391 b.
1603 2358 1644 2402 7,
1668 2358 1706 2393 b.

956 2418 1114 2448 notatum
1135 2413 1174 2447 in
1197 2425 1260 2447 ora
1283 2414 1340 2448 ed.
1357 2413 1438 2447 Ald.
1455 2414 1536 2448 509.
1554 2415 1592 2448 in
1610 2415 1706 2451 Bibl.

954 2471 1165 2506 Barberina.
1189 2470 1309 2505 Jaeck.
1325 2471 1361 2505 4.
1381 2471 1416 2506 6.
1433 2471 1501 2506 Bn.
1522 2473 1570 2507 G.
1583 2473 1705 2509 Guelf.

956 2531 992 2566 3.
1017 2529 1120 2563 Dess.
1145 2530 1168 2563 2
1191 2527 1304 2572 (estu)
1330 2528 1433 2564 Gott.
1451 2530 1485 2563 1.
1503 2529 1603 2576 Lips.
1624 2531 1705 2567 1.2.

958 2588 1094 2621 Graev.
1117 2585 1264 2623 Mentel.
1290 2592 1426 2621 extum.
1462 2587 1532 2621 Ms.
1558 2588 1703 2624 Corvei.

956 2645 1051 2679 Sane
1066 2644 1270 2690 mirandum,
1298 2648 1354 2679 tot
1367 2646 1478 2679 bonos
1494 2644 1603 2680 libros
1619 2657 1703 2681 mss.

955 2702 1086 2736 habere
1124 2701 1334 2747 singularem
1363 2714 1429 2748 pro
1462 2703 1612 2748 plurali,
1643 2707 1704 2750 qui

956 2761 1046 2795 bene
1070 2771 1109 2794 se
1132 2759 1238 2794 habet
1267 2760 1306 2794 in
1336 2771 1417 2795 voc.
1444 2766 1559 2796 motus
1583 2763 1702 2809 animi,

955 2815 1089 2862 πάθη,
1130 2817 1208 2852 sive
1241 2817 1346 2852 unius
1376 2817 1435 2853 vel
1475 2819 1703 2866 complurium

956 2875 1130 2910 hominum
1161 2879 1200 2910 ut
1229 2874 1266 2909 h.
1298 2875 1322 2909 l.
1353 2875 1617 2920 indicantibus3
1649 2879 1703 2912 sie

957 2935 1035 2969 Sat.
1073 2937 1103 2979 1,
1130 2935 1162 2978 2,
1199 2934 1279 2969 110.
1310 2939 1347 2970 et
1381 2934 1527 2969 timores
1559 2941 1594 2970 et
1624 2937 1702 2972 iras

955 2992 1074 3038 Epist.
1097 2992 1140 3035 4,
1164 2992 1221 3027 12.
1262 2997 1378 3027 metus
1414 2993 1560 3037 sepositi
1589 2993 1699 3029 ovid.

1202 3037 1230 3079 8
1244 3038 1267 3065 *
1324 3040 1367 3088 (1
1384 3042 1422 3088 ια)
