2028 3268
399 245 479 291 186
506 252 868 290 COMMENTARII
893 250 948 288 IN
965 250 1183 288 HORATII
1210 250 1380 293 EPIST.
1402 251 1617 296 SECUND,
1645 254 1743 293 LIB.
1767 255 1801 292 1.
1856 254 1911 294 80

397 362 577 400 tunditur
607 375 678 400 ora
709 361 869 411 &ipati-5.
896 382 952 389 —-
973 361 1176 412 magister,
1198 367 1244 399 ut
1261 361 1370 412 Virg.
1394 362 1464 400 Ge.
1484 362 1523 412 3,
1547 362 1641 404 185.
1672 361 1909 416 ἱππόδαμος,

396 426 672 481 πωλοδαμνης,
701 429 866 466 domitor
880 441 1066 479 equorum
1085 441 1148 480 ap.
1168 427 1249 466 Cic.
1271 427 1320 465 de
1337 427 1447 468 Offic.
1473 432 1510 478 1,
1536 431 1601 480 16,
1629 433 1711 480 90.,
1734 432 1912 469 domator

396 509 459 548 ap.
485 497 577 534 Tib.
601 493 640 544 4,
667 495 704 543 1,
740 495 834 535 116.
889 495 949 531 De
978 508 1020 532 re
1043 495 1143 546 ipsa,
1173 507 1294 547 quam
1318 501 1470 533 veteres
1502 497 1564 533 illi
1591 510 1711 549 equos
1748 497 1911 537 edocete

395 563 502 601 soliti
528 569 631 610 sunt,
660 560 740 599 vid.
769 562 938 612 interpp.
971 559 1022 598 ad
1050 563 1158 613 Virg.
1181 563 1251 602 Ge.
1273 562 1313 610 3,
1348 560 1427 601 115
1447 574 1534 614 sqq.
1565 564 1646 605 190
1666 577 1753 617 sqq.
1782 566 1910 602 Beier.

397 629 447 667 ad
473 629 552 666 Cic.
575 630 604 666 l.
626 629 669 676 l.,
694 626 883 665 Wernsd.
915 625 966 664 ad
995 627 1114 678 Salej.
1141 630 1252 666 Bass.
1275 628 1316 665 C.
1340 627 1390 665 ad
1407 630 1539 666 Pison.
1556 628 1609 670 49
1625 630 1758 672 —54.
1782 633 1848 671 IV.
1868 645 1910 683 p.

394 695 488 736 246.
519 696 691 732 Gronov.
720 693 771 731 ad
798 694 897 732 Stat.
924 694 1024 733 silv.
1051 697 1083 732 I.
1105 709 1146 746 p.
1169 693 1265 738 471.
1300 694 1517 735 Weichert·
1539 696 1588 733 de
1610 697 1713 735 Luc.
1742 698 1857 736 Varii
1877 704 1914 734 et

400 763 509 800 Cass.
532 763 671 799 Par-m.
700 763 769 802 vit.
791 769 826 798 et
843 775 965 799 earm.
996 774 1037 812 p.
1065 763 1159 803 109.
1181 769 1219 799 et
1238 769 1328 800 ante
1352 776 1489 801 omnes
1517 765 1567 800 H.
1589 765 1694 801 Hase
1720 764 1763 800 in
1784 765 1911 810 „Pa-

394 828 624 880 laeologo.“
649 831 760 881 Lpz.·,
791 828 1000 867 Hinrich’s.
1030 829 1150 870 1837.
1176 844 1214 881 p.
1234 830 1288 870 53
1307 843 1395 882 sqq.
1425 831 1579 879 „Ueber
1608 828 1911 881 Dressurpferde

393 894 478 933 und
501 897 783 933 Kunstreiterei
806 896 872 933 bei
898 895 974 934 den
1003 897 1165 935 Alten.“
1221 899 1268 933 In
1298 896 1438 934 eadem
1463 911 1504 934 re
1524 896 1665 935 eodem
1686 897 1811 934 utitur
1836 908 1911 933 ex-

395 964 525 1015 emplo
555 961 757 1001 Plutarch.
786 962 835 1001 de
860 965 978 1002 Puer.
1006 966 1103 1003 Inst.
1120 963 1160 1012 3,
1180 964 1249 1004 26.
1283 964 1395 1012 Τίνες
1415 958 1454 1004 δ’
1484 963 1601 1005 ἵπποι
1625 966 1754 1012 καλῶς
1772 966 1911 1015 πωλη-

393 1030 663 1084 δαμνηθὲντες
695 1027 769 1071 οὐκ
796 1026 999 1080 εὐπειθεῖς
1024 1029 1202 1084 ἐγένοντο
1228 1034 1311 1079 τοῖς
1332 1027 1548 1083 ἀναβάταις
1557 1045 1568 1080 3
1604 1030 1716 1078 Τίνες
1745 1026 1786 1070 δ’
1811 1026 1911 1071 οἶδά·

393 1114 506 1150 ματοι
535 1098 738 1151 μείναντες
767 1094 815 1138 οὗ
847 1094 1131 1152 σκληραύχενες
1155 1096 1223 1138 καὶ
1245 1099 1474 1152 θυμοειδεῖς
1498 1097 1668 1151 ἕβησανῑ
1695 1098 1755 1135 Cf·
1780 1096 1835 1136 id·
1861 1096 1910 1135 de

392 1165 529 1205 Audit.
549 1168 615 1206 vl.
639 1179 679 1217 p.
707 1162 801 1206 141.
822 1167 870 1203 R.

500 1300 547 1338 V.
569 1297 687 1340 65-
701 1300 769 1340 67.
805 1298 1018 1338 Venaticus
1035 1320 1090 1327 —
1109 1297 1278 1336 catulus.
1328 1299 1438 1337 Cerv.
1464 1298 1614 1349 pellem
1649 1297 1814 1336 latravit
1846 1297 1910 1336 di-

392 1366 493 1404 citur
516 1373 561 1404 ut
581 1365 710 1418 Epod.
736 1367 773 1416 5,
810 1366 877 1406 58.
908 1366 1133 1404 adulterum
1167 1367 1334 1404 Latrent
1369 1365 1605 1404 Suburanae
1628 1378 1769 1413 canes;
1810 1378 1910 1418 qua-

390 1443 550 1486 propter
578 1433 836 1486 improbanda
862 1432 1019 1472 videtur
1040 1446 1192 1473 ,eorum
1218 1434 1508 1485 interpretatio,
1547 1433 1615 1486 qui
1638 1445 1710 1484 per
1738 1433 1910 1471 brevilo-

392 1503 616 1553 quentiam:
655 1501 839 1539 latrando
872 1501 1100 1551 discerpsit,
1148 1501 1319 1551 intelligi
1354 1502 1521 1538 malunt.
1589 1500 1772 1537 Ceterum
1804 1496 1909 1550 pelle

392 1570 550 1606 cervina
580 1570 756 1620 aliquam
777 1569 883 1606 ferae
912 1567 1078 1605 indicari
1097 1569 1326 1605 simulatam
1351 1568 1580 1618 imaginem,
1611 1580 1688 1619 qua
1706 1574 1908 1605 venatores

391 1635 540 1672 catulos
566 1636 767 1672 venaticos
792 1634 842 1672 ad
870 1635 972 1672 feras
994 1636 1036 1671 in
1063 1636 1173 1673 silvis
1204 1633 1410 1672 sectandas
1434 1634 1668 1671 exercitasse
1693 1641 1811 1685 atque
1842 1647 1909 1672 ac·-

391 1701 568 1739 cendisse
588 1702 694 1739 soliti
715 1703 806 1749 sint,
834 1708 923 1752 post
939 1701 1168 1753 Cruquium,
1198 1703 1432 1740 Turuebum
1452 1699 1571 1752 (Adv.
1589 1701 1656 1748 26,
1675 1698 1774 1751 27·),
1797 1700 1908 1748 alios,

389 1769 491 1805 bene
520 1769 739 1806 observavit
764 1769 811 1805 B.
846 1768 1059 1818 Klippgen.
1092 1768 1176 1813 „de
1207 1769 1420 1806 Venatione
1446 1768 1640 1804 Romanis
1662 1766 1847 1804 solenni“
1866 1768 1910 1803 in

389 1834 645 1873 Bidermauni
674 1835 819 1872 Select.
849 1833 1060 1872 Scholiast.
1084 1835 1171 1874 Vol.
1195 1837 1246 1872 II.
1274 1836 1371 1872 fasc.
1394 1836 1445 1871 II.
1467 1847 1506 1885 p.
1527 1834 1622 1873 762.
1678 1835 1764 1870 Huc
1783 1834 1909 1884 respi-

391 1916 478 1940 cere
506 1901 663 1939 videtur
691 1899 892 1938 Plutarch.
914 1900 963 1938 de
985 1900 1119 1941 Audit.
1139 1904 1204 1940 VI.
1223 1916 1262 1953 p.
1286 1902 1377 1942 175.
1399 1903 1446 1938 R.
1478 1894 1590 1940 οὗτοι
1615 1897 1688 1951 μὲν
1711 1900 1798 1952 (qui
1818 1913 1910 1951 gar-

390 1971 547 2007 rulitate
565 1970 773 2020 magIStros
792 1967 1030 2021 obtundunt>
1051 1963 1125 2009 οὖν
1148 1966 1245 2008 nocto}
1266 1966 1332 2009 τὸν
1353 1963 1583 2021 Ἱερώνυμον
1608 1963 1735 2019 ὥςπερ
1761 1966 1803 2006 οἱ
1827 1967 1911 2007 δει-

389 2035 451 2077 λοὶ
470 2035 535 2076 καὶ
560 2036 733 2089 γλίσχροι
757 2031 945 2082 σκύλακες
971 2032 1019 2074 τοὶ
1039 2033 1207 2086 δέρματα
1235 2031 1444 2080 δάκνοντες
1474 2033 1574 2073 οἴκοι
1599 2032 1666 2072 καὶ
1684 2030 1732 2072 τὰ
1749 2034 1911 2085 τίλματα

389 2103 580 2150 τίλλοντες
603 2105 684 2142 τῶν
714 2101 871 2154 θηρίων
891 2097 1026 2141 αὐτῶν
1053 2098 1125 2154 οὐχ
1150 2098 1348 2141 ἅπτονται.
1363 2122 1419 2129 -
1447 2101 1506 2137 De
1527 2099 1626 2137 aula
1648 2098 1740 2138 vide
1754 2102 1849 2138 Ulit.
1871 2108 1910 2139 et

389 2172 525 2208 Burm.
566 2168 616 2207 ad
644 2170 751 2207 Grat.
786 2169 933 2221 Cyneg.
959 2169 1054 2209 167.
1097 2169 1178 2205 Sed
1205 2180 1396 2218 praeceps
1427 2168 1553 2206 virtus
1584 2168 1671 2217 ipsa
1702 2166 1910 2204 venabitur

389 2238 500 2275 aula.
523 2260 579 2266 ——
605 2237 768 2282 militat,
798 2237 974 2287 apposite
999 2234 1047 2272 de
1065 2236 1283 2283 venatione,
1312 2241 1358 2271 ut
1377 2234 1489 2272 miles
1513 2233 1692 2272 Phoebes
1713 2247 1773 2286 ap.
1794 2233 1906 2273 Ovid.

390 2306 431 2342 in
450 2306 544 2343 Met.
564 2306 603 2354 2,
627 2301 721 2345 415.
743 2304 839 2356 ibiq.
861 2304 1007 2354 Gierig.
1035 2301 1123 2342 Vid.
1146 2300 1290 2339 Heind.
1314 2300 1364 2339 ad
1383 2301 1465 2339 Sat.
1485 2302 1525 2350 2,
1546 2302 1585 2350 2,
1613 2301 1678 2342 10.

500 2440 545 2480 V.
563 2440 629 2480 67.
648 2438 714 2479 68.
743 2436 868 2476 Nunc
885 2436 1027 2475 adhibe
1040 2457 1096 2464 —
1114 2434 1221 2487 offer.
1279 2434 1380 2472 Sunt
1407 2434 1475 2485 qui
1500 2431 1604 2471 hanc
1632 2433 1908 2486 metaphoram

392 2520 414 2544 a
438 2507 674 2544 lactentibus
702 2506 767 2543 vel
785 2505 946 2542 omnino
970 2517 992 2540 a
1019 2502 1241 2540 sitientibus
1262 2502 1446 2552 sitimque
1471 2502 1722 2552 explentibus
1750 2501 1907 2540 ductam

391 2575 612 2625 opinentur.
653 2572 734 2611 Sed
761 2574 904 2610 rectius
924 2585 969 2608 ea
989 2571 1156 2608 aliorum
1183 2565 1321 2622 (etiam
1342 2569 1573 2620 Hieronymi
1601 2568 1653 2606 ad
1670 2582 1708 2606 v.
1731 2569 1799 2609 70.
1817 2570 1908 2606 lau-

393 2640 491 2691 dati)
510 2642 606 2679 locis
631 2642 703 2678 rite
723 2640 926 2692 perpensis
945 2651 968 2676 a
985 2639 1076 2676 lana
1098 2634 1287 2687 fingenda
1302 2642 1510 2687 repetetur.
1567 2637 1626 2673 Ita
1647 2636 1727 2673 cic.
1750 2635 1799 2673 de
1817 2637 1905 2673 Fin.

391 2708 431 2757 3,
455 2710 494 2757 2,
517 2709 557 2747 9.
585 2708 723 2760 (quem
741 2708 876 2745 locum
895 2719 986 2744 cum
1005 2705 1217 2742 Horatiano
1236 2705 1475 2755 comparavit
1493 2702 1683 2741 Matthiae
1707 2703 1750 2739 in
1765 2703 1908 2748 „Ver-

391 2775 552 2812 misebte
575 2776 811 2827 Schri‘slen‘s
833 2788 873 2826 p.
899 2774 981 2822 19.)
1014 2771 1134 2811 Video
1156 2770 1350 2822 equidem,
1379 2773 1561 2823 inquam,
1592 2769 1664 2807 sed
1674 2776 1803 2806 tamen
1811 2771 1908 2816 jam

392 2843 503 2892 infici
527 2842 638 2880 debet
666 2843 715 2880 iis
736 2841 905 2887 artibus,
936 2854 1036 2892 quas
1058 2839 1110 2884 si,
1137 2837 1232 2875 dum
1251 2845 1306 2875 est
1329 2845 1451 2886 tener,
1480 2837 1720 2882 combiberit,
1747 2835 1806 2874 ad
1819 2850 1908 2873 ma-

381 2914 477 2958 jora
506 2912 653 2948 venerit
669 2912 864 2961 paratior.
924 2910 1038 2946 Hunc
1059 2907 1191 2944 locum
1213 2918 1444 2958 expressum
1469 2918 1553 2944 esse
1573 2918 1593 2942 e
1613 2905 1714 2943 Plat.
1734 2903 1907 2955 Republ.
