2054 3268
288 257 659 296 COMMENTARII
687 257 741 293 IN
768 253 990 293 HORATII
1018 250 1192 290 EPIST.
1219 250 1364 289 PRIM.
1394 250 1495 288 LIB.
1525 250 1557 286 1.
1645 244 1698 288 37

150 376 415 425 interpretans
435 382 575 407 verum
591 369 716 406 animi
734 368 886 406 bonum
898 397 908 415 ,
939 361 985 407 τό
1003 360 1129 405 καλόν
1145 365 1220 405 τοῦ
1240 362 1351 418 βίου,
1370 364 1478 402 vitae
1495 361 1698 411 decormn,

150 449 196 480 ut
217 437 398 491 Euripid.
419 436 718 490 ἐπιμεληθῆναί
740 451 849 484 τινος
868 435 998 475 καλοῦ
1015 432 1085 474 καὶ
1104 427 1279 486 ἇγαθοῦ.
1324 433 1430 471 Usus
1451 429 1617 484 quidem
1635 431 1699 468 lo·-

150 506 300 561 quendi
319 506 424 545 hanc
450 506 763 558 explicationem
793 503 897 555 (Sat.
921 503 970 551 2,
994 502 1043 550 3,
1078 498 1149 541 43.
1174 500 1272 542 208.
1310 501 1440 554 Epist.
1465 501 1488 540 1
1503 529 1514 548 ,
1529 501 1556 540 7
1573 528 1584 548 ,
1609 497 1698 549 98.)

149 574 260 614 haud
280 588 376 614 sane
401 575 580 624 damnat,
600 576 752 613 sirecte
771 570 1020 610 intellexeris
1030 569 1293 607 Horatianum
1308 570 1455 608 similia
1477 569 1564 606 sine
1583 567 1699 620 pleo-

148 657 290 682 nasmo
320 642 589 695 conjungendi
610 653 783 688 morem,
821 637 871 676 de
894 652 975 691 quo
999 638 1081 676 vid.
1102 636 1156 676 ad
1177 639 1306 691 Epist.
1336 640 1384 688 1,
1421 638 1471 686 2,
1502 639 1573 679 60.
1639 638 1699 675 Ne

151 719 287 750 autem
303 710 470 750 haereas
489 713 533 749 in
561 709 759 763 particula
783 714 932 758 atque,
965 720 1069 760 quae
1098 721 1162 746 res
1194 707 1372 746 diversas
1403 706 1470 744 vel
1499 718 1628 758 genus
1658 711 1699 743 et

149 782 303 832 species
327 780 568 832 conjungere
588 779 638 816 ab
660 775 895 815 Hochedero
922 775 1090 825 dicitur,
1111 774 1195 814 vid.
1218 775 1363 815 Hand.
1385 775 1427 812 in
1458 774 1629 812 Tursell.
1658 776 1698 815 1.

149 863 190 901 p.
209 845 306 889 464.
330 870 388 876 —-
419 862 511 886 curo
530 847 732 900 apposite,
768 851 966 898 quatenus
994 845 1082 897 ipse
1102 858 1241 884 secum
1267 843 1485 882 meditatur
1506 842 1556 882 de
1580 844 1699 882 rebus

149 915 342 966 honestis,
371 924 415 955 ut
435 917 562 969 Epist.
587 917 633 964 1,
653 913 692 964 4,
723 913 763 954 5.
786 915 852 963 12,
879 913 943 954 15.
989 913 1157 965 Cf.VSat.
1173 915 1215 962 2,
1236 914 1275 962 6,
1297 915 1415 954 72—
1429 913 1500 953 76.
1523 913 1560 961 1,
1580 913 1620 961 3,
1641 913 1698 953 76

149 998 240 1038 sqq,
257 1007 308 1013 —-
337 999 451 1038 rogo,
466 990 662 1037 quatenus
686 981 735 1019 ab
757 981 847 1018 aliis
862 994 904 1018 se
926 983 1013 1020 vult
1034 981 1206 1032 edoceri,
1227 982 1358 1033 Epist.
1381 983 1420 1029 1,
1445 979 1512 1028 18,
1538 981 1593 1020 96
1608 993 1698 1032 sqq.

148 1054 277 1092 Aliter
290 1059 427 1091 tamen
445 1053 507 1091 vir
530 1050 668 1089 doctus
692 1048 859 1103 quidam
876 1051 917 1086 in
934 1051 1026 1089 Jen.
1040 1052 1120 1089 Lit.
1131 1053 1178 1090 Ζ.
1205 1050 1330 1090 1829.
1353 1062 1415 1087 nr.
1428 1049 1522 1090 110.
1539 1062 1579 1100 p.
1592 1047 1698 1088 396:

148 1135 242 1160 euro
251 1149 269 1168 ,
290 1120 423 1174 quoad
434 1122 559 1159 Poeta
578 1117 652 1158 has
682 1133 744 1157 res
766 1118 871 1156 dicat
893 1132 955 1157 res
975 1122 1148 1158 maximi
1166 1118 1362 1157 momenti
1382 1129 1566 1170 quaeque
1582 1116 1634 1154 ad
1655 1130 1698 1155 se

147 1191 327 1228 maxime
355 1190 604 1244 pertineant,
635 1202 757 1240 rogo,
788 1186 923 1240 quoad
955 1187 1004 1226 de
1035 1189 1084 1226 iis
1124 1187 1343 1225 meditetur
1379 1192 1418 1223 et
1458 1186 1620 1236 cogitet.
1641 1207 1698 1212 —

147 1260 276 1297 omnis
297 1260 341 1296 in
364 1259 440 1297 hoc
451 1271 542 1296 sum
552 1285 569 1303 ,
603 1263 648 1294 ut
673 1258 838 1294 LuGIan.
863 1258 1046 1295 Hermot.
1072 1270 1106 1294 c.
1127 1258 1170 1297 2.
1202 1253 1288 1307 (IV.
1312 1268 1352 1306 p.
1368 1254 1410 1294 3.
1434 1253 1544 1306 Bip.)
1569 1249 1699 1302 οὕτως

148 1323 243 1374 ὅλος
264 1323 367 1367 εἶναι
389 1326 434 1368 ἐν
460 1329 518 1381 τῷ
537 1325 750 1379 πράγματι.
819 1326 879 1362 De
901 1323 978 1362 hoc
998 1326 1243 1362 Graecorum
1266 1337 1343 1361 usu
1365 1321 1448 1361 vid.
1474 1335 1575 1375 quos
1606 1322 1698 1359 lau-

148 1394 218 1432 dat
237 1394 379 1433 Stallb.
400 1392 452 1431 ad
471 1394 576 1431 Plat.
592 1391 746 1430 Phaed.
767 1407 799 1433 c.
819 1394 889 1435 35.
920 1407 961 1445 p.
991 1395 1086 1434 112.
1119 1400 1159 1430 et
1184 1391 1234 1430 de
1252 1392 1521 1429 imitatoribus
1542 1391 1697 1428 Latinis

146 1462 293 1502 Heind.
323 1462 375 1501 ad
401 1463 486 1501 Sat.
516 1463 563 1511 1,
596 1463 644 1512 9,
667 1463 708 1502 2.
782 1460 949 1500 Lachm.
981 1460 1032 1499 ad
1055 1463 1176 1514 Prop.
1202 1464 1251 1510 2,
1286 1462 1331 1509 1,
1366 1460 1433 1500 10.
1492 1457 1616 1499 Bach.
1645 1457 1696 1496 ad

146 1531 264 1573 Ovid.
285 1533 383 1570 Met.
410 1530 476 1580 13,
501 1529 599 1571 546.
668 1530 783 1578 Quod
807 1530 875 1568 hic
898 1530 1002 1568 dixit
1032 1532 1161 1568 omnis
1182 1544 1255 1582 pro
1278 1537 1383 1568 totus
1392 1558 1410 1576 ,
1440 1527 1579 1567 dubito
1598 1541 1698 1565 num

146 1600 339 1652 distingui
360 1601 554 1648 voluerit,
583 1606 630 1637 ut
651 1597 932 1637 Doederlinius
955 1611 1070 1636 meus
1087 1599 1130 1636 in
1156 1599 1306 1650 Synon.
1330 1600 1398 1637 IV.
1419 1611 1460 1650 p.
1475 1597 1582 1646 358,
1603 1609 1696 1634 vere

144 1668 331 1723 quidem,
348 1666 477 1706 docet.
534 1668 682 1706 Poetae
698 1669 856 1720 singula
876 1659 995 1719 saepe
1016 1668 1137 1706 verba
1160 1681 1244 1706 non
1270 1674 1423 1705 curant.
1482 1667 1550 1706 Sic
1574 1667 1697 1704 etiam

144 1751 227 1776 non
247 1736 364 1776 video
383 1737 520 1785 illam,
564 1748 686 1788 quam
702 1738 939 1775 Torrentius
965 1735 1066 1774 vidit
1080 1767 1090 1786 ‚
1124 1738 1168 1774 in
1196 1737 1458 1787 ambiguitate
1480 1735 1696 1773 verborum

145 1806 260 1845 cond.
280 1812 320 1843 et
334 1819 461 1856 comp.
483 1805 633 1857 pariter
656 1803 705 1842 de
729 1806 910 1844 versibus
926 1805 1121 1843 faciendis
1136 1812 1418 1857 usurpatorum
1438 1805 1694 1857 elegantiam.

144 1875 358 1926 Eleganter
374 1875 492 1911 vertit
512 1873 648 1911 Gener
658 1880 786 1911 totum
805 1872 849 1912 h.
870 1875 971 1912 loc.:
1005 1875 1144 1928 τοίγαρ
1162 1872 1217 1914 ἐῶ
1236 1869 1286 1914 τά
1315 1888 1358 1915 τε
1381 1869 1502 1916 λοιπά
1524 1890 1576 1915 νυ
1598 1874 1696 1915 παί-

145 1959 258 1998 γνια,
280 1943 356 1996 τήν
379 1957 421 1983 τε
443 1942 630 1994 ποίησιν,
653 1938 754 1982 ἀλλὰ
779 1939 825 1983 τὸ
847 1939 947 1984 ’ὄντε
966 1941 1122 1996 πρέπον
1145 1957 1185 1983 τε
1221 1940 1341 1995 μέλει·
1370 1941 1463 1993 ὅλος
1494 1943 1576 1998 εἰμὶ
1596 1941 1696 1997 πρὸς

146 2007 298 2059 αὐτοῖς,
320 2006 381 2058 οἷς
401 2025 443 2051 τε
462 2005 544 2062 τάχ’
564 2006 616 2050 ἂν
631 2013 810 2063 χρῶμαι,
834 2011 1123 2063 ταμιευόμενος
1146 2011 1380 2065 συναγείρω.

258 2081 308 2118 V.
327 2078 506 2119 13-15.
534 2077 604 2116 Ac
624 2092 672 2115 ne
689 2100 747 2106 ——
770 2078 936 2129 defletur.
999 2081 1085 2117 Hoc
1107 2081 1232 2117 Poeta
1257 2080 1432 2118 irrisioni
1450 2082 1693 2120 Maecenatis

147 2148 211 2186 sui
229 2158 462 2186 occursurus
481 2147 605 2198 (recte
626 2146 860 2185 observante
880 2145 1137 2198 Wielandio)
1156 2146 1307 2185 dixisse
1330 2148 1502 2187 videtur.
1551 2147 1694 2187 Philo-

146 2213 311 2267 sophiae
331 2226 563 2266 quanquam
584 2213 692 2266 apud
712 2215 915 2252 Romanos
945 2227 1040 2252 suus
1060 2228 1132 2266 per
1148 2215 1357 2267 Scipiones
1381 2224 1420 2255 et
1443 2218 1602 2255 Laelios
1629 2231 1694 2254 re-

145 2285 308 2323 stitutus
329 2288 413 2320 erat
439 2280 592 2331 honor,
618 2283 738 2320 multi
755 2289 891 2320 tamen
905 2312 916 2330 ‚
959 2283 1030 2334 qui
1048 2283 1119 2319 illo
1134 2289 1315 2335 tempore
1336 2287 1374 2323 ei
1397 2299 1546 2323 nomeu
1567 2285 1693 2324 dede—

146 2358 256 2400 rant,
281 2351 500 2403 sapientiae
530 2351 595 2388 vel
623 2364 706 2389 non
727 2364 819 2388 vere
843 2350 1011 2388 studiosi
1035 2350 1137 2402 (Cic.
1162 2351 1211 2389 de
1233 2360 1334 2391 orat.
1355 2355 1396 2403 2,
1421 2355 1461 2403 5,
1485 2354 1558 2406 21)
1574 2368 1692 2407 repe-

144 2421 348 2458 riebantur
368 2419 434 2457 vel
456 2425 650 2471 tanquam
670 2421 919 2472 interpretes,
939 2418 1013 2457 sub
1030 2419 1167 2457 aliena
1181 2420 1326 2459 umbra
1345 2422 1510 2460 latentes
1526 2423 1688 2477 (Senec.

142 2490 270 2541 Epist.
284 2487 359 2540 33)
387 2487 507 2526 verba
538 2490 722 2540 magistri
745 2487 948 2526 mordicus
972 2488 1185 2538 tenebant,
1215 2496 1262 2527 ut
1289 2489 1521 2544 philosophi
1540 2506 1689 2531 nomen

143 2557 239 2595 viris
259 2557 569 2608 elegantioribus
603 2563 642 2595 et
666 2556 873 2607 delicasss,
914 2560 1044 2610 qualis
1078 2567 1161 2598 erat
1188 2561 1423 2609 Maecenas,
1457 2569 1689 2614 suspectum

144 2622 323 2677 quodam
341 2623 463 2663 modo
486 2632 603 2664 esset.
644 2627 734 2663 Huc
756 2624 984 2676 accedebat,
1010 2627 1119 2680 quod
1138 2630 1271 2678 multi,
1294 2629 1365 2681 qui
1387 2628 1688 2683 philosophiam

143 2699 232 2731 tum
250 2692 553 2744 profitebantur,
582 2694 783 2746 imprimis
807 2695 949 2733 Graeci
971 2698 1124 2735 Romae
1152 2703 1376 2747 versantes,
1410 2706 1499 2736 tmn
1525 2713 1687 2739 morum

142 2762 210 2798 vel
230 2762 460 2799 morositate
491 2763 557 2800 vel
586 2764 824 2802 scurrilitate
863 2763 1055 2817 (Boettig.
1090 2766 1230 2805 Sabin.
1258 2779 1299 2818 p.
1320 2766 1419 2807 286.
1446 2767 1568 2820 312),
1600 2777 1686 2808 tum

141 2829 338 2868 inanitate
378 2830 614 2882 opinionum
656 2831 1056 2887 disputationumque
1089 2841 1129 2872 et
1161 2834 1350 2873 futilitate
1381 2834 1686 2877 distinctionum

141 2898 276 2936 labem
296 2896 500 2950 quandam
517 2897 799 2952 philosophiae
819 2909 1082 2953 asperserant.
1114 2905 1181 2941 Ex
1197 2903 1341 2956 quibus
1357 2905 1474 2944 rebus
1496 2905 1685 2945 effectum

141 2971 222 3016 est,
262 2972 307 3004 ut
336 2967 609 3006 Romanorum
631 2970 751 3008 multi
777 2967 1057 3022 philosophiae
1086 2970 1219 3010 studia
1240 2979 1286 3010 ut
1310 2974 1530 3013 otiosorum
1557 2975 1685 3013 Grae-
