2028 3268
418 260 501 303 310
556 262 925 302 COMMENTARII
953 262 1009 300 IN
1037 261 1252 302 HORATII
1278 262 1376 301 LlB.
1395 264 1426 301 Ι.
1446 264 1607 303 EPIST.
1629 264 1778 303 SEXT.
1861 266 1917 308 88

413 385 640 435 relinquatur
667 385 797 434 locus,
827 383 1026 421 afferamus
1053 382 1195 434 aliquot
1219 385 1404 435 exempla:
1445 386 1555 424 Ovid.
1587 399 1631 425 ex
1658 387 1768 424 Pont.
1800 389 1847 436 1,
1875 388 1917 437 3,

410 454 478 494 61.
535 453 567 490 I
587 465 693 488 nune
722 457 757 486 et
785 456 956 487 veterum
983 448 1092 487 nobis
1121 451 1296 501 exempla
1324 452 1517 503 virorum,
1554 453 1633 504 Qui
1649 454 1757 506 jbrti
1783 466 1919 491 casum

410 527 534 556 mente
560 519 706 563 tulere,
753 517 866 567 refer.
925 517 1078 554 Petron.
1108 517 1202 557 115.
1259 518 1319 555 Ite
1355 531 1462 555 nunc
1496 520 1677 559 mortales
1701 528 1739 558 et
1762 521 1919 571 magnis

410 584 710 636 cogitationibus
734 591 894 633 pectora
922 584 1089 634 implete.
1146 583 1296 622 Anthol.
1325 584 1389 623 lat.
1417 585 1458 636 3,
1484 586 1553 636 61,
1583 588 1646 630 12.
1701 587 1734 626 I
1753 601 1860 625 nunc
1884 594 1922 623 et

409 654 514 689 vitae
539 651 749 702 fugientia
777 658 951 700 tempora
977 651 1101 689 vende
1127 651 1333 688 Divitibus
1370 653 1509 694 coenis.
1565 651 1675 704 (Vide
1701 654 1751 692 ad
1777 659 1920 692 utrum-

409 731 482 768 que
505 717 628 755 locum
655 717 923 769 Burmannos.)
978 719 1112 756 Senec.
1143 720 1190 756 de
1215 719 1356 756 Brevit.
1384 720 1450 756 vit.
1482 720 1548 761 12.
1607 719 1640 757 I
1655 733 1762 757 nunc
1788 726 1826 756 et
1847 721 1921 756 mi-

409 798 491 821 mos
515 785 643 822 multa
671 787 827 822 mentiri
853 786 910 823 ad
936 784 1246 835 exprobrandam
1270 785 1470 823 luxuriam
1489 792 1602 836 puta.
1657 786 1715 824 ld.
1733 786 1782 824 de
1798 774 1921 824 Beile-

408 853 469 890 fic.
491 853 531 901 6,
557 852 625 893 35.
685 853 716 890 I
736 867 842 890 nunc
871 860 908 890 et
934 853 1008 890 hoc
1036 867 1114 889 esse
1137 853 1248 903 grati
1266 860 1384 902 puta,
1416 853 1523 903 quod
1551 866 1600 889 ne
1627 853 1811 904 ingratus
1836 853 1924 903 qui-

409 919 497 956 dem
512 919 684 969 faceret.
744 921 800 959 Id.
828 921 951 971 Epist.
981 922 1048 962 88.
1106 920 1133 958 Ι
1157 934 1263 957 nunc
1299 927 1336 957 et
1362 919 1524 970 longam
1553 932 1631 956 esse
1655 921 1778 957 vitam
1806 932 1920 969 nega.

408 987 466 1024 Id.
496 986 650 1024 Consol.
680 988 728 1025 ad
748 988 856 1026 Helv.
884 990 923 1029 6.
956 989 1023 1028 10.
1082 987 1179 1025 Plin.
1195 987 1317 1038 Epist.
1347 984 1388 1036 4,
1419 988 1487 1035 27,
1516 985 1555 1027 4.
1613 986 1641 1025 I
1664 1000 1783 1036 nunc,
1813 987 1924 1037 quis-

409 1054 498 1104 quis
533 1067 675 1100 amas,
724 1069 860 1093 amare
895 1056 990 1092 noli.
1050 1055 1154 1093 Fons
1194 1059 1252 1092 est
1291 1054 1474 1093 Homerus
1516 1055 1555 1091 in
1582 1054 1698 1092 Iliade
1727 1054 1776 1105 3,
1827 1054 1923 1096 432.

409 1121 582 1158 laudatus
612 1133 635 1158 a
661 1121 850 1172 Wagnero
886 1125 925 1160 in
952 1122 1122 1160 Horatio
1157 1134 1176 1157 e
1213 1121 1376 1158 Graecis
1411 1120 1618 1160 illustrato.
1674 1121 1734 1159 De
1765 1121 1925 1159 formula

407 1188 491 1238 ipsa
511 1193 683 1226 accurate
703 1190 793 1227 dixit
812 1189 1052 1234 Lambinus,
1075 1202 1188 1239 quem
1213 1188 1381 1238 sequitur
1406 1186 1602 1234 Orellius;
1631 1188 1730 1226 adde
1758 1187 1923 1225 Schmid.

409 1256 458 1292 ad
485 1255 523 1292 h.
556 1255 581 1292 l.
611 1256 742 1293 Heius.
773 1257 822 1294 ad
849 1257 962 1294 Ovid.
994 1254 1122 1294 Amor.
1138 1256 1180 1305 3,
1209 1255 1250 1305 3,
1283 1257 1321 1295 1.
1378 1253 1514 1292 Loers.
1544 1255 1593 1292 ad
1621 1256 1739 1305 ejusd.
1767 1255 1924 1292 Heroid.

408 1321 450 1371 4,
481 1322 575 1363 127.
633 1323 763 1361 Barth.
786 1325 835 1362 ad
859 1325 975 1375 Prop.
1007 1327 1054 1373 2,
1085 1325 1159 1373 29,
1190 1325 1256 1365 22.
1314 1321 1423 1360 Web.
1457 1325 1496 1359 et
1514 1320 1644 1359 Heinr.
1666 1322 1716 1359 ad
1741 1321 1824 1359 Juv.
1855 1322 1925 1371 10,

410 1388 506 1428 166.
565 1389 680 1426 Bach.
710 1393 760 1428 ad
793 1393 904 1430 Ovid.
936 1391 1028 1429 Met.
1067 1391 1143 1440 12,
1194 1388 1288 1430 475.
1346 1388 1486 1426 Hauth.
1523 1389 1572 1425 ad
1611 1387 1718 1426 Pers.
1759 1402 1797 1439 p.
1830 1389 1924 1431 233.

409 1456 564 1507 Forbig.
594 1458 644 1495 ad
671 1457 774 1508 Virg.
803 1457 899 1496 Aen.
931 1460 979 1508 7,
1030 1456 1125 1500 425.
1189 1457 1233 1494 C.
1267 1457 1315 1495 F.
1344 1456 1556 1492 Hermann
1581 1455 1621 1492 in
1647 1453 1747 1505 Aug.
1775 1454 1924 1506 Schulz.

416 1524 534 1564 1833.
564 1537 602 1574 p.
637 1524 732 1564 337.
791 1525 944 1562 Omissa
976 1529 1066 1575 post
1101 1537 1208 1561 nuno
1242 1522 1424 1573 particula
1459 1528 1495 1558 et
1533 1521 1593 1573 (ut
1614 1521 1729 1572 Prop.
1759 1521 1807 1571 3,
1856 1522 1926 1570 16,

410 1589 502 1640 (17)
542 1590 608 1629 17.
647 1591 720 1628 vid.
751 1590 922 1629 Huschk.
951 1592 999 1630 ad
1038 1591 1125 1628 Tib.
1157 1590 1202 1629 ΙΙ.
1232 1604 1271 1640 p.
1303 1588 1402 1641 532)
1436 1601 1512 1626 non
1550 1593 1610 1626 est
1646 1589 1726 1625 sine
1767 1589 1927 1638 quadam

409 1655 568 1694 acerbae
611 1657 903 1706 adhortationis,
951 1659 976 1696 i.
1005 1671 1038 1696 e.
1065 1658 1319 1707 castigationis
1341 1657 1506 1694 notione.
1541 1677 1597 1682 —
1633 1661 1841 1705 argentum
1870 1677 1927 1684 —-

408 1735 594 1772 aeraque.
653 1723 823 1762 Eandem
851 1737 930 1762 rem
955 1726 1078 1775 tangit
1105 1725 1185 1761 Sat.
1217 1725 1266 1772 1,
1291 1721 1332 1772 4,
1359 1725 1425 1763 28.
1483 1722 1608 1758 Hunc
1636 1722 1744 1771 capit
1771 1724 1929 1772 argenti

407 1788 616 1838 splendor,
646 1796 774 1840 stupet
799 1789 950 1827 Albius
975 1803 1090 1836 aere,
1129 1789 1192 1826 ubi
1222 1789 1306 1826 vide
1332 1788 1528 1827 Heindorf.
1559 1793 1597 1825 et
1624 1789 1673 1825 ad
1697 1788 1778 1826 Sat.
1804 1790 1853 1838 2,
1884 1788 1925 1838 3,

409 1857 478 1898 21.
535 1857 592 1894 Ita
619 1857 741 1906 Epist.
773 1859 823 1906 2,
854 1859 903 1906 2,
934 1858 1029 1897 180.
1095 1857 1306 1902 Gemmas,
1335 1868 1526 1903 marmor,
1557 1853 1679 1899 ebur,
1725 1854 1928 1905 Tyrrhena
2008 1845 2010 1847 ¹

407 1923 563 1973 sigilla,
593 1922 777 1967 tabellas,
805 1923 1032 1974 Argentum
1057 1928 1130 1962 etc.
1192 1923 1296 1960 Sunt
1324 1924 1395 1974 qui
1421 1936 1500 1959 non
1520 1920 1706 1958 habeant.
1765 1921 1849 1958 Vid.
1877 1920 1927 1958 ibi

409 1990 534 2028 Schm.
555 1994 594 2027 et
620 1991 669 2026 ad
687 1989 812 2040 Epist.
834 1991 873 2039 1,
904 1991 971 2038 16,
1001 1992 1067 2032 76.
1124 1991 1206 2028 Cic.
1226 1990 1412 2028 Paradox.
1443 1991 1484 2039 5,
1514 1992 1554 2038 2,
1583 1989 1651 2028 36.
1672 1988 1764 2038 ibiq.
1783 1987 1926 2025 Gernh.

403 2059 501 2106 pari
527 2056 695 2093 stultitia
723 2063 842 2101 sunt,
872 2069 968 2106 quos
996 2059 1143 2108 signa,
1172 2070 1268 2108 quos
1297 2055 1485 2101 tabulae,
1514 2068 1611 2106 quos
1639 2054 1835 2091 caelatum
1862 2066 1929 2089 ar·-

405 2131 588 2176 gentum,
619 2135 715 2173 quos
745 2122 949 2160 Corinthia
975 2137 1110 2173 opera,
1140 2137 1239 2174 quos
1267 2123 1451 2171 aedificia
1477 2121 1693 2173 magnifica
1721 2120 1926 2157 delectant.

408 2192 465 2229 Id.
495 2203 551 2241 pr.
580 2190 696 2229 Rosc.
728 2189 854 2228 Amer.
884 2187 953 2240 46,
985 2191 1078 2231 133.
1107 2191 1199 2241 ibiq.
1226 2189 1353 2228 Moeb.
1383 2189 1521 2226 domus
1543 2189 1686 2239 referta
1713 2188 1820 2225 vasis
1852 2187 1928 2224 Co-

408 2258 567 2295 rinthiis
597 2265 633 2294 et
656 2257 835 2295 Deliacis
863 2279 918 2288 --
953 2257 1064 2306 Quid
1085 2264 1289 2308 praeterea
1317 2256 1462 2294 caelati
1487 2255 1671 2307 argenti?
1700 2255 1799 2305 quid
1823 2261 1928 2290 stra-
2003 2281 2006 2283 Α

405 2326 530 2377 gulae
557 2325 705 2363 vestis?
751 2315 851 2376 qziid
870 2326 1076 2375 pictarum
1114 2323 1372 2360 tabularum?
1423 2323 1522 2374 quid
1546 2320 1781 2373 signorum?
1829 2319 1931 2371 quid

409 2394 616 2431 marmoris
644 2393 759 2442 apud
783 2393 900 2429 illum
922 2392 1078 2442 putatis
1108 2390 1214 2427 esse?
1240 2391 1296 2429 Id.
1325 2390 1432 2428 Verr.
1461 2391 1501 2440 4,
1531 2391 1598 2438 27,
1628 2389 1694 2430 62.
1752 2387 1869 2425 Tusc.
1885 2386 1925 2436 5,

410 2461 478 2510 35,
510 2462 604 2503 102.
660 2461 767 2499 Lael.
801 2460 866 2510 15,
896 2461 963 2500 55.
1020 2460 1177 2498 Sueton.
1208 2459 1321 2496 Caes.
1350 2454 1419 2497 46.
1477 2457 1610 2494 Senec.
1641 2456 1689 2492 de
1716 2455 1828 2492 Brev.
1860 2455 1924 2493 vit.

397 2529 479 2569 -12.
507 2529 554 2566 de
585 2528 793 2578 Tranquill.
822 2541 882 2565 an.
914 2530 950 2567 1.
1009 2526 1162 2565 Consol.
1191 2527 1238 2563 ad
1267 2524 1376 2564 Helv.
1399 2525 1462 2564 11.
1484 2528 1523 2562 et
1547 2535 1641 2573 quos
1669 2522 1799 2560 laudat
1816 2522 1923 2559 Cort.

412 2596 460 2632 ad
487 2596 578 2633 Sall.
608 2597 693 2633 Cat.
725 2598 792 2645 11,
821 2598 860 2636 6.
891 2596 971 2644 20,
1019 2597 1083 2636 12,
1138 2592 1365 2642 Argentum
1393 2594 1519 2628 autem
1552 2589 1717 2639 intellige
1745 2601 1836 2627 vasa
1863 2600 1925 2625 ar-

410 2667 548 2710 gentea
565 2675 587 2700 a
615 2668 742 2702 vetere
770 2663 934 2712 quodam
952 2663 1095 2700 artifice
1123 2662 1238 2708 facta,
1267 2662 1309 2695 ut
1327 2658 1461 2698 Juven.
1484 2660 1522 2706 1,
1553 2658 1618 2697 76.
1640 2655 1746 2708 (ibiq.
1763 2656 1922 2707 Rupert.

411 2732 450 2765 et
477 2729 626 2780 Heinr.)
681 2730 842 2767 Martial.
863 2731 929 2778 11,
959 2730 1027 2777 71,
1057 2730 1112 2776 8.,
1142 2738 1330 2770 marmor,
1358 2723 1567 2774 anaglypha
1595 2728 1634 2761 et
1662 2727 1807 2761 statuas
1835 2726 1923 2770 etc„

410 2799 452 2832 ut
479 2801 582 2833 recte
613 2798 814 2835 observant
838 2796 970 2834 Schm.
998 2801 1037 2834 et
1065 2794 1248 2834 Orellius.
1304 2792 1364 2830 De
1391 2792 1515 2829 studio
1543 2790 1747 2827 marmoris
1768 2787 1925 2827 Schmi-

411 2861 500 2898 dius
527 2862 656 2902 laudat
683 2864 779 2902 Plin.
807 2863 857 2903 H.
885 2863 937 2901 N.
967 2864 1044 2911 36,
1093 2860 1132 2901 5.
1159 2862 1221 2909 6.‚
1266 2861 1304 2896 in
1331 2860 1545 2896 universum
1574 2858 1672 2895 conf.
1698 2856 1847 2894 Dissen.
1876 2854 1925 2890 ad

413 2927 501 2966 Tib.
530 2930 572 2978 3,
601 2930 642 2978 3,
674 2931 738 2970 13.
795 2929 930 2968 Loers.
959 2930 1007 2966 ad
1031 2928 1144 2966 Ovid.
1165 2927 1201 2965 T
1204 2927 1284 2964 rist.
1304 2926 1346 2974 3,
1376 2928 1416 2976 1,
1444 2927 1510 2966 61.
1568 2925 1744 2963 Ceterum
1769 2921 1924 2971 Epithe-
