2054 3268
420 246 473 286 10

992 249 1381 286 HORATII

486 361 622 404 Vilius
652 363 874 418 argenium
903 364 968 403 est
995 374 1122 418 auro,
1158 362 1376 405 virtutibus
1405 375 1564 406 aurum.

483 436 560 492 „0
585 437 730 491 cives,
768 437 915 487 cives,
953 438 1236 495 quaerenda
1251 439 1458 498 pecunia
1470 440 1680 499 primum
1701 448 1799 494 est3

493 515 536 558 V
531 515 594 558 ir!
600 530 653 558 us
665 519 780 574 post
800 515 1042 558 nummos!
1052 518 1079 540 ‘⁶
1113 516 1219 560 haec
1234 517 1372 561 Janus
1393 533 1576 562 summus
1595 520 1645 562 ab
1665 520 1747 563 imo

480 594 713 651 prodocet,
747 592 854 634 haec
879 594 1068 637 recinunt
1090 596 1272 650 juvenes
1302 596 1457 640 dictata
1486 610 1710 656 senesque,

413 767 576 801 sennem.
601 767 736 801 Elnnrl.
762 778 797 811 p.
822 756 1034 811 25o,2›r0b.
1059 767 1143 800 Lin-

411 826 498 858 dem.
517 825 560 857 ad
576 824 689 857 Plaut.
707 819 810 872 Trfn.
827 825 860 867 3,
878 825 912 866 3,
933 825 988 858 18.
1014 824 1144 867 5Vagn.

411 882 456 914 ad
472 881 571 924 Virg.
590 880 677 914 Aen.
698 881 750 922 12,
768 880 847 914 880.
864 880 978 912 Kritz.
997 880 1041 912 ad
1058 880 1144 912 Sall.

412 939 492 970 Cat.
510 938 566 980 20,
582 937 617 971 4.
665 936 776 969 Miror
792 937 880 970 hanc
895 935 1069 970 scribendi
1086 947 1143 969 ra-

411 993 538 1026 tionem
556 994 658 1026 hodie
671 1005 691 1026 a
702 998 754 1026 tot
766 993 941 1036 tantisque
954 992 1039 1025 viris
1053 1003 1142 1025 com-

411 1049 572 1094 probari3
604 1050 634 1082 si
659 1054 850 1092 sequuntur
877 1055 997 1083 vetera
1024 1059 1143 1081 monu-

410 1111 545 1147 menta,
578 1105 621 1138 iis
648 1118 715 1139 non
741 1106 843 1138 valde
868 1106 1144 1151 repugnaverim,

411 1162 464 1194 sin
489 1162 748 1206 etymologiam,
781 1161 899 1195 dubito
931 1173 1010 1194 num
1040 1161 1077 1194 id
1103 1173 1145 1194 ex

410 1218 488 1261 lege
502 1218 640 1261 linguae
655 1219 740 1258 fiat3
759 1229 835 1251 nam
851 1229 872 1251 a
888 1217 1091 1251 condicendo
1107 1218 1147 1249 fit

409 1273 588 1316 condictio,
616 1286 638 1307 a
654 1274 830 1307 condendo
847 1274 1006 1308 conditio.
1040 1274 1144 1307 Cete-

410 1341 482 1363 rum
499 1330 580 1363 libri
597 1342 677 1364 mss.
695 1331 771 1364 fere
787 1332 915 1375 ubique
932 1343 950 1364 c
965 1342 1028 1375 pro
1047 1335 1061 1363 t
1073 1356 1081 1372 ,
1108 1335 1146 1363 ut

412 1386 567 1430 plerique
584 1391 692 1419 nostr.
710 1388 853 1431 tociens,
878 1387 1055 1428 avaricia,
1076 1398 1145 1430 pa-

409 1442 552 1477 cientem
570 1449 604 1476 et
615 1443 745 1477 similia
763 1444 939 1477 exhibent.
964 1462 1009 1468 —
1037 1442 1145 1476 dulcis

410 1503 446 1532 et
466 1511 495 1533 s.
528 1499 596 1532 Ms.
617 1499 735 1534 Guelf.
753 1501 788 1535 2.
820 1500 905 1533 Post
918 1500 1040 1544 palma
1055 1511 1143 1544 pun-

410 1562 466 1590 cto
482 1556 624 1590 distinx.
642 1556 847 1599 Ascensius,
881 1562 919 1590 ut
935 1557 1020 1590 haec
1037 1559 1146 1590 verba

410 1613 641 1657 respondeant
681 1614 725 1647 ad
755 1613 952 1658 superioraz
1001 1613 1084 1655 Quis
1099 1633 1145 1638 —

410 1669 596 1713 Olympia?
626 1669 652 1703 i.
672 1681 703 1703 e.
721 1669 873 1714 sapiens,
899 1670 959 1713 qui
975 1670 1050 1703 sine
1065 1670 1143 1714 pul—

409 1737 494 1758 vere
518 1731 553 1758 et
566 1725 693 1759 sudore
708 1727 855 1771 palmam
873 1726 1021 1759 obtinuit
1033 1751 1043 1768 ,
1076 1737 1145 1759 non

409 1781 590 1825 cupiendo,
608 1782 669 1815 sed
686 1783 931 1817 contemnendo
947 1787 1015 1816 etc.

454 1893 500 1927 V.
518 1894 575 1929 53.
613 1895 679 1931 Vil.
703 1906 784 1940 arg.
808 1899 857 1930 cst
873 1905 969 1928 auro.
1001 1893 1089 1927 Mss.
1109 1899 1144 1926 et

410 1950 517 1983 nostri
529 1956 563 1984 et
573 1951 663 1995 pqu.
681 1952 837 1985 aliorum.
854 1951 946 1984 Edd.
960 1950 1054 1994 vulg.
1072 1950 1140 1982 Vil.

409 2010 458 2039 est
473 2017 552 2050 arg.
570 2018 644 2043 aur.
671 2008 757 2040 Mss.
775 2008 932 2041 meliores
949 2006 1141 2048 Torrentii,

408 2074 466 2095 un.
478 2062 609 2097 Bersm.
621 2064 714 2097 Pott.
729 2064 783 2098 13.
792 2064 912 2097 Jaeck.
923 2064 956 2098 5.
970 2069 1004 2097 et
1014 2075 1070 2096 un.
1082 2074 1140 2108 ap.

408 2120 566 2153 Hoched.
579 2120 666 2153 [cdd.
679 2121 794 2154 Maitt.
807 2121 892 2155 San.
903 2119 1055 2154 Men-vill.
1068 2119 1141 2152 Do-

408 2175 497 2219 righ.
519 2177 584 2209 Vil.
602 2181 649 2210 est
664 2188 749 2211 auro
765 2187 845 2222 arg.
868 2177 936 2210 Ms.
954 2175 1068 2209 Bentl.
1087 2174 1143 2209 15.

409 2233 448 2275 [c
473 2245 530 2277 ap.
548 2234 736 2268 Hoched.?
749 2234 778 2278 Ε]
811 2233 902 2266 Edd.
920 2232 1035 2266 Bentl.
1054 2232 1143 2265 con.

411 2289 511 2322 Both.
553 2309 598 2315 —
638 2291 740 2324 Hanc
769 2290 976 2335 scripturam
1009 2288 1143 2321 dulcius

408 2346 490 2388 quid
516 2351 549 2379 et
572 2347 784 2381 numerosius
808 2347 844 2380 in
866 2358 905 2380 se
920 2346 1049 2379 habere
1066 2344 1142 2388 opi-

410 2408 508 2435 natus
526 2408 579 2436 est
596 2404 785 2449 Bentlejus,
802 2415 902 2448 quem
919 2413 973 2435 me
989 2401 1066 2434 olim
1084 2412 1141 2433 se-

410 2463 520 2491 cutum
539 2471 614 2492 esse
630 2460 733 2494 hodie
750 2461 859 2506 piget.
905 2457 1044 2492 Etenim
1060 2457 1141 2499 ista,

410 2524 511 2555 quam
527 2525 615 2547 nunc
632 2518 766 2562 recepi,
791 2516 943 2550 inversio
961 2514 1140 2560 opposito-

411 2581 483 2602 rum
506 2573 680 2605 veteribus
705 2574 808 2606 valde
823 2572 954 2606 usitata
971 2571 1007 2604 in
1023 2581 1062 2604 se
1078 2570 1140 2602 ha-

410 2626 469 2658 bet
485 2625 676 2668 elegantiae
692 2630 773 2671 quid
791 2636 825 2663 et
841 2628 933 2673 grati
950 2627 1044 2668 soni3
1067 2625 1141 2659 vid.

410 2683 528 2727 Epist.
545 2684 578 2726 7,
596 2686 652 2718 86.
684 2685 790 2719 Plura
807 2686 962 2730 exempla
976 2681 1140 2728 suppedi-

411 2744 486 2773 tant
502 2740 600 2773 Cort.
620 2741 662 2773 ad
680 2742 764 2774 Sall.
784 2743 863 2775 Cat.
880 2743 902 2775 9
914 2767 923 2783 ,
944 2742 976 2775 1.
1024 2739 1142 2773 Beier.

411 2796 455 2829 ad
472 2795 546 2829 Cic.
574 2796 617 2828 de
634 2797 738 2829 Offic.
755 2798 789 2839 3,
806 2798 862 2839 33,
883 2799 949 2831 118
975 2801 1010 2830 et
1025 2795 1142 2829 Klotz.

411 2852 446 2885 in
470 2851 587 2885 Jahnii
612 2852 660 2886 N.
686 2853 828 2887 Jahrbb.
855 2853 954 2888 1833.
983 2851 1082 2886 VIII.
1110 2852 1142 2886 1.

411 2921 446 2954 p.
464 2909 519 2942 29.

1880 600 1932 640 55

1245 770 1291 803 V.
1310 769 1367 805 53.
1405 770 1553 814 primum
1579 774 1636 804 est.
1680 770 1767 804 Mss.
1795 774 1831 804 et
1853 771 1931 804 edd.

1200 826 1295 870 vulg.
1304 827 1455 870 primum
1471 827 1596 860 omisso
1613 831 1674 861 est.
1695 827 1885 861 NIs-Gueff.
1899 830 1930 861 1.

1199 881 1268 914 Ed.
1281 882 1392 926 princ.
1406 882 1677 927 ap.Feam,Cun.
1687 883 1930 917 San.Mervill.

1198 937 1346 981 Dorigh.
1373 939 1467 972 Sivr.
1493 939 1603 972 Hunt.
1633 939 1750 983 prima
1767 943 1829 973 est.
1862 939 1931 972 Ms.

1199 993 1295 1026 Feae
1314 995 1350 1036 1,
1377 1006 1412 1038 g.
1445 995 1639 1028 Omissione
1655 995 1753 1028 verbi
1772 995 1931 1028 substan-

1199 1049 1266 1083 tivi
1293 1050 1376 1083 nihil
1403 1051 1618 1094 frequentius
1636 1056 1689 1084 est
1704 1051 1739 1084 in
1755 1050 1853 1084 libris
1870 1061 1931 1083 an-

1199 1106 1318 1150 tiquis,
1337 1106 1399 1139 sed
1416 1111 1517 1140 caute
1532 1107 1568 1140 in
1585 1107 1650 1140 hac
1665 1117 1703 1139 re
1714 1107 1930 1140 versandum.

1201 1162 1341 1195 Falsum
1358 1162 1445 1195 enim
1462 1167 1527 1205 est,
1545 1163 1636 1206 quod
1652 1163 1880 1207 praecipiunt,
1896 1162 1931 1195 in

1202 1222 1353 1252 extremo
1378 1229 1481 1251 versu
1507 1225 1586 1264 post
1605 1219 1741 1262 longam
1765 1219 1931 1263 syllabam

1201 1280 1252 1308 est
1268 1274 1388 1307 melius
1404 1275 1537 1316 omitti;
1569 1275 1671 1309 etiam
1688 1285 1772 1308 sono
1788 1285 1931 1318 praece-

1200 1331 1315 1364 dentis
1339 1331 1436 1364 vocis
1461 1341 1525 1364 sua
1549 1336 1602 1364 est
1617 1331 1671 1364 vis
1687 1341 1798 1374 eaque
1813 1331 1932 1374 major,

1201 1399 1301 1431 quam
1332 1387 1402 1420 ista
1430 1398 1543 1420 rerum
1583 1391 1799 1420 externarum
1829 1385 1931 1420 ratio.

1201 1443 1283 1477 Vid.
1310 1443 1354 1476 ad
1378 1455 1414 1476 v.
1432 1443 1490 1477 76.
1523 1443 1617 1476 Male
1640 1443 1743 1476 etiam
1765 1442 1933 1476 omittitur

1200 1512 1236 1533 v.
1253 1501 1296 1534 62
1313 1506 1348 1533 et
1363 1499 1482 1544 Epist.
1502 1501 1555 1542 16,
1575 1500 1631 1534 79.
1659 1500 1692 1541 2,
1712 1500 1743 1542 l,
1763 1498 1840 1533 124.
1870 1498 1931 1531 cf.

1199 1557 1328 1589 Heind.
1355 1562 1390 1590 et
1413 1555 1557 1589 Kirchn.
1582 1555 1626 1588 ad
1652 1555 1729 1588 Sat.
1757 1556 1789 1598 1,
1816 1556 1849 1598 9,
1874 1554 1931 1588 42.

1200 1613 1275 1647 Fea
1300 1613 1343 1646 ad
1368 1613 1444 1645 Sat.
1473 1613 1512 1653 1,
1538 1611 1579 1654 5,
1606 1612 1682 1645 104.
1723 1610 1865 1644 Lachm.
1888 1611 1931 1644 ad

1199 1669 1304 1714 Prop.
1323 1681 1358 1713 p.
1379 1669 1458 1703 122.
1494 1667 1601 1701 Bach.
1619 1666 1662 1700 ad
1680 1666 1762 1700 Tib.
1784 1668 1800 1700 1
1813 1691 1822 1708 ‚
1839 1667 1878 1708 6,
1895 1667 1931 1700 7.

1198 1726 1336 1760 Dissen.
1362 1725 1407 1758 ad
1425 1724 1526 1757 eund.
1544 1725 1577 1766 2,
1594 1724 1627 1766 3,
1643 1723 1702 1757 31.
1742 1723 1869 1766 Wagn.
1889 1723 1933 1757 ad

1198 1782 1298 1826 Virg.
1318 1782 1381 1814 IV.
1398 1793 1434 1825 p.
1451 1779 1519 1814 437
1535 1791 1612 1824 sqq.
1660 1779 1776 1812 Klotz.
1795 1778 1838 1811 ad
1855 1778 1932 1811 Cic.

1198 1839 1297 1872 Lael.
1314 1839 1348 1880 8,
1365 1837 1421 1871 26.
1462 1836 1515 1869 De
1531 1835 1700 1870 vocabulo
1717 1839 1768 1869 est
1783 1846 1805 1868 a
1821 1835 1930 1879 parti-

1198 1895 1290 1939 cipio
1321 1905 1383 1926 suo
1416 1892 1629 1937 interpositis
1661 1891 1738 1925 aliis
1777 1892 1931 1934 sejuncto

1197 1951 1360 1984 dixerunt
1383 1949 1500 1982 Beier.
1527 1948 1572 1981 ad
1597 1947 1673 1981 Cic.
1699 1947 1806 1981 offic.
1823 1949 1856 1990 2,
1877 1948 1930 1989 18,

1199 2008 1243 2042 63
1261 2011 1296 2040 et
1307 2006 1424 2039 Klotz.
1442 2004 1486 2038 ad
1498 2004 1594 2037 Lael.
1612 2003 1668 2047 25,
1683 2004 1741 2037 90.
1757 2022 1804 2028 —
1820 2003 1929 2038 v.54.

1197 2073 1327 2097 numos.
1359 2061 1391 2094 E
1417 2061 1543 2094 nostris
1569 2071 1648 2094 mss.
1676 2065 1771 2093 certe
1798 2060 1930 2093 Graev-

1197 2119 1268 2153 Ed.
1284 2118 1438 2152 Meinek.
1483 2117 1666 2161 Scriptura
1691 2115 1846 2159 vulgaris
1872 2126 1930 2148 sa-

1196 2177 1242 2210 tis
1269 2175 1484 2216 defenditur,
1518 2173 1590 2206 vid.
1617 2172 1746 2206 Cellar.
1765 2171 1930 2215 Orthogr.

1196 2244 1232 2277 p.
1250 2232 1329 2266 298.
1348 2231 1402 2264 ed.
1419 2228 1519 2262 Harl.
1554 2228 1601 2261 cf.
1619 2227 1729 2262 Orell.
1747 2227 1859 2261 Inscr.
1876 2228 1930 2260 nr.

1194 2287 1299 2323 4831.
1316 2287 1406 2321 3226
1422 2297 1476 2329 sq.

1240 2343 1288 2377 V.
1319 2342 1378 2377 55.
1425 2341 1600 2375 Prodocet.
1648 2339 1734 2372 Mss.
1769 2339 1838 2383 alq.
1871 2351 1929 2384 ap.

1194 2400 1316 2434 Lamb.
1333 2409 1422 2431 omn.
1433 2397 1609 2442 ap.Pulm.
1620 2395 1738 2439 optim.
1752 2406 1809 2440 ap.
1821 2396 1929 2439 Cruq.

1196 2462 1232 2490 et
1247 2455 1363 2489 Schol.
1381 2455 1466 2498 ejus,
1483 2452 1603 2496 quinq.
1620 2451 1751 2485 Bersm.
1769 2450 1927 2485 totidem-

1196 2523 1264 2557 que
1279 2523 1336 2556 ap.
1355 2510 1462 2543 Torr.
1492 2508 1538 2541 al.
1566 2518 1623 2551 ap.
1643 2507 1748 2540 Talb.
1764 2511 1800 2540 et
1814 2507 1928 2541 Bentl.

1196 2569 1272 2602 fere
1296 2579 1397 2601 omn..
1414 2570 1563 2610 quatuor
1580 2567 1615 2597 et
1629 2562 1752 2606 vigint.
1772 2574 1828 2607 ap.
1849 2564 1929 2597 Val.

1197 2626 1287 2670 pqu.
1304 2624 1411 2665 Feae,
1429 2622 1496 2654 duo
1508 2619 1641 2653 Barthii
1658 2619 1766 2663 (Adv.
1782 2620 1837 2663 37,
1857 2619 1930 2662 19.)

1197 2691 1271 2714 cum
1288 2679 1494 2722 glossemate
1510 2678 1545 2710 in
1562 2677 1690 2709 altero:
1705 2677 1854 2720 primum
1869 2675 1931 2708 do-

1197 2741 1260 2778 cet,
1276 2734 1429 2769 Franek.
1447 2746 1505 2779 ap.
1519 2733 1602 2766 Bos.
1619 2745 1654 2777 p.
1668 2733 1724 2766 66.
1742 2731 1802 2776 qui
1818 2732 1928 2776 prob„

1198 2804 1279 2827 mss.
1303 2790 1399 2826 a—i
1425 2802 1481 2835 ap.
1501 2789 1657 2822 Hoched.
1689 2787 1809 2821 Guelf.
1835 2787 1868 2821 2.
1891 2786 1928 2820 4.

1197 2850 1298 2884 Dess.
1316 2859 1405 2881 omn.
1423 2852 1459 2879 et
1475 2846 1571 2890 Lips.
1601 2844 1708 2878 Goth.
1726 2844 1824 2877 Gott.
1844 2845 1877 2877 1.
1893 2843 1927 2877 2.

1201 2906 1332 2940 GraeV.
1358 2902 1501 2936 Mentel.
1547 2901 1639 2935 Edd.
1667 2901 1786 2934 Lamb.
1820 2899 1927 2942 Cruq.
