2028 3268
404 267 484 309 124

977 270 1368 309 HORATII

1865 271 1916 313 18

469 382 631 428 Invidia
668 380 803 429 Siculi
839 395 925 426 non
961 383 1162 427 invenere
1199 384 1371 441 tyranni

473 461 616 517 MaJus
654 465 921 505 tormentum.
990 461 1071 517 Qui
1106 476 1190 507 non
1226 461 1510 507 moderabitur
1545 462 1649 518 irae,

469 538 675 583 Infectum
709 539 826 582 volet
863 551 984 598 esse,
1021 539 1144 584 dolor
1182 540 1291 598 quod
1319 540 1501 583 suaserit
1537 543 1580 600 et
1612 552 1748 597 mens⁷

1864 541 1919 580 60

469 617 580 661 Dum
614 630 774 675 poenas
811 616 907 661 odio
940 630 1018 675 per
1050 618 1135 661 vim
1170 617 1344 662 festinat
1380 617 1529 660 inulto.

469 695 540 738 Ira
574 694 695 739 furor
724 695 866 739 brevis
899 698 991 738 est:
1025 696 1206 741 animum
1240 710 1375 756 rege3
1413 696 1480 753 qui
1513 696 1591 738 nisi
1624 697 1762 752 paret,

467 773 676 832 Imperat3
713 773 825 817 hunc
857 772 1013 834 frenis,
1047 774 1160 819 hunc
1189 779 1235 819 tu
1270 787 1489 833 compesce
1523 777 1686 816 catena.

400 954 474 988 vid.
510 954 663 989 Schmid.
700 957 743 991 ad
770 956 889 1001 Epist.
913 957 954 1000 2,
985 957 1026 998 2,
1056 958 1132 991 176.

399 1010 454 1044 De
476 1012 671 1055 quantitate
694 1013 902 1058 penultimae
932 1012 1022 1046 dixit
1045 1013 1132 1046 idem

401 1067 447 1101 ad
471 1066 506 1100 h.
534 1067 558 1101 l.
584 1073 619 1102 et
641 1068 744 1102 Jahn.
773 1069 817 1102 ad
840 1069 946 1102 Ovid.
965 1068 1076 1103 Trist.
1099 1070 1132 1112 5,

399 1124 434 1166 2,
452 1123 505 1156 10.
521 1142 567 1148 —
583 1125 775 1158 marcersit.
806 1125 875 1158 Ms.
893 1125 957 1158 Bn.
975 1125 1021 1158 G.
1040 1137 1134 1159 mar-

398 1179 514 1212 cescit.
573 1180 642 1215 Ms.
669 1182 803 1214 Bersm.
828 1192 886 1214 un.
913 1181 1008 1214 Feae
1032 1183 1071 1224 1,
1095 1194 1131 1226 q.

398 1236 434 1278 2,
456 1237 492 1269 b.
527 1236 566 1280 (a
593 1239 625 1270 1.
649 1238 712 1281 m.)
743 1249 779 1281 g.
807 1237 849 1280 5,
881 1249 914 1271 a.
950 1238 988 1280 (a
1016 1237 1050 1271 2.
1069 1238 1133 1280 m.)

398 1292 433 1334 7,
451 1292 486 1325 b.
516 1292 581 1325 Bn.
600 1292 645 1325 F.
677 1293 770 1326 Edd.
787 1292 886 1338 Lips.
903 1293 983 1328 508.
1003 1295 1056 1327 10.
1077 1293 1132 1327 14.

398 1347 543 1381 Erford.
561 1349 641 1382 517.
659 1348 704 1382 al.
730 1350 835 1383 rebus
851 1350 1042 1383 marcescit.
1065 1349 1133 1383 Ms.

401 1403 521 1438 Jaeck.
535 1403 568 1438 5.
593 1404 659 1438 Bn.
676 1405 721 1438 D.
738 1404 808 1439 Ed.
826 1405 1002 1440 Thanner.
1020 1407 1067 1450 (s.
1081 1406 1135 1450 a.)

405 1465 441 1493 et
461 1459 603 1494 Hildeb.
628 1460 694 1494 col.
711 1462 791 1497 979.
823 1464 927 1496 rebus
943 1463 1135 1497 macrescit.

400 1515 472 1549 Ms.
497 1515 608 1551 Pulm.
631 1518 662 1550 1.
687 1517 821 1551 Bersm.
847 1518 928 1553 duo.
954 1518 1075 1552 Guelf.
1102 1520 1133 1552 1.

397 1572 434 1604 2.
452 1571 485 1605 4.
521 1571 586 1605 Bn.
614 1572 642 1605 f.
673 1573 776 1607 Dess.
804 1575 835 1607 1.
866 1575 935 1608 Ed.
961 1575 1132 1608 Piscator.

398 1639 563 1661 macresc.
581 1629 652 1662 reb.
670 1641 726 1673 op.
759 1629 846 1663 Mss.
875 1634 911 1663 et
933 1630 1010 1664 edd.
1035 1630 1132 1674 vulg.

398 1684 452 1718 De
478 1686 586 1719 verbo
619 1697 784 1719 macresc.
813 1697 882 1719 non
905 1691 958 1719 est
981 1686 1132 1729 dubium,

399 1740 484 1784 quin
510 1740 640 1775 festive
663 1746 860 1786 opponatur
888 1743 991 1775 rebus
1017 1742 1133 1786 apim„

400 1802 436 1830 et
460 1808 671 1831 marcescere
695 1803 734 1832 ut
757 1795 942 1841 τήκεσθαι
980 1797 1134 1831 Theocr.

399 1852 434 1895 5,
454 1854 507 1887 12.
531 1852 712 1897 dicuntur,
750 1853 812 1898 qui
837 1859 978 1898 torpent
1000 1859 1036 1887 et
1056 1854 1133 1888 lan-

399 1914 520 1954 guent.
567 1910 624 1943 Cf.
650 1911 767 1944 Burm.
792 1909 835 1943 ad
850 1908 990 1943 Anthol.
1005 1910 1067 1944 lat.
1085 1910 1134 1943 II.

399 1978 437 2010 p.
470 1966 550 1999 669.
615 1966 709 1999 Hinc
739 1977 876 2000 sensum
905 1966 974 1999 loci
1006 1967 1136 2011 optime

400 2027 579 2056 assecutus
620 2023 729 2057 vertit
766 2022 1010 2057 Wielandius=
1062 2023 1135 2056 Der

398 2077 491 2111 Neid
516 2078 606 2111 wird
632 2090 760 2123 mager,
785 2079 852 2112 wie
878 2079 953 2112 sein
968 2080 1134 2113 Nachbar

399 2134 506 2167 fetter
528 2134 630 2167 wird.
665 2135 806 2179 Camp.:
832 2133 1025 2170 L'envieux
1047 2137 1133 2170 mai—

398 2190 471 2235 grit
491 2190 535 2223 de
550 2190 797 2236 l'embonpoint
819 2191 881 2226 des
900 2198 1030 2229 autres.
1062 2193 1135 2234 Qui

399 2257 479 2279 voc.
510 2247 614 2280 rebus
646 2254 883 2292 praeponunt,
918 2261 977 2284 eos
1011 2250 1134 2295 fugere

398 2302 538 2337 videtur
554 2303 692 2347 elegans
709 2304 946 2348 oppositorum
962 2306 1028 2350 vis,
1045 2318 1134 2351 quae

399 2364 454 2393 est
468 2360 505 2392 in
520 2371 629 2394 macr.
653 2364 689 2393 et
712 2361 781 2392 reb.
806 2371 875 2405 op„
898 2374 1005 2407 quare
1030 2365 1134 2397 rebus

398 2415 532 2449 intendi
557 2428 627 2450 non
649 2417 811 2451 debebat.
866 2418 937 2452 Sed
970 2419 1041 2453 dici
1065 2431 1135 2454 non

400 2478 529 2516 potest,
554 2483 654 2517 quam
678 2485 858 2518 perperam
873 2474 1009 2510 librarii
1031 2486 1135 2521 saepe

400 2529 638 2572 quaesiverint
660 2529 935 2564 concinnitatem.

446 2585 491 2618 V.
520 2585 576 2619 58.
624 2586 764 2619 Invidia
783 2586 903 2620 sceleri
918 2597 955 2619 π.
970 2586 995 2620 ἱ.
1011 2591 1134 2630 tyran-

400 2639 468 2672 nis.
514 2640 585 2674 Ms.
606 2641 726 2676 Jaeck.
753 2643 787 2676 ὁ.
812 2660 859 2668 ——
884 2643 930 2676 V.
953 2642 1009 2677 59.
1046 2643 1134 2677 Tor-

401 2701 555 2729 mentum
571 2700 699 2740 majtts.
723 2698 899 2733 Ms.Feae
915 2700 946 2743 1,
965 2709 998 2733 o.
1013 2699 1133 2734 Jaeck.

402 2752 436 2786 6.
470 2752 528 2785 cf.
545 2765 580 2787 v.
599 2754 656 2788 52.
672 2773 719 2780 —
743 2757 845 2798 Quod
861 2766 944 2789 non.
975 2755 1046 2789 Ed.
1062 2757 1132 2790 Co-

401 2808 471 2841 lon.
503 2808 581 2842 510.
613 2829 659 2836 —
698 2811 802 2848 iram.
849 2811 937 2846 Mss.
971 2815 1044 2846 tres
1072 2823 1131 2858 ap.

402 2865 535 2899 Valart.
570 2865 677 2910 [Pott.
696 2870 728 2902 1.
745 2868 781 2903 2.
809 2868 872 2912 6.].
913 2868 1008 2903 Feae
1034 2870 1070 2912 1,
1094 2869 1131 2903 d.

401 2920 442 2966 (a
468 2923 500 2956 1.
518 2922 580 2965 m.)
604 2923 637 2966 Ξ,
654 2924 689 2957 b.
715 2924 756 2969 (a
766 2925 799 2959 1.
818 2926 882 2970 m.)
906 2924 942 2960 d.
958 2924 1078 2960 Jaeck.
1094 2926 1129 2960 6.

1191 959 1372 1004 Scriptura
1388 958 1523 992 minime
1538 954 1802 995 contemnenda3
1826 954 1917 999 opti-

1190 1016 1236 1049 mi
1261 1015 1347 1048 enim
1370 1014 1558 1058 scriptores
1581 1024 1651 1054 non
1673 1015 1816 1045 servant
1836 1010 1919 1043 illud

1190 1071 1375 1104 discrimen
1414 1080 1557 1112 sensus,
1597 1068 1687 1113 quod
1726 1079 1790 1112 pro
1822 1067 1919 1100 varia

1189 1127 1290 1171 hujus
1323 1127 1421 1160 verbi
1453 1130 1626 1160 structura
1657 1127 1832 1164 statuunt3
1869 1123 1920 1156 sic

1189 1188 1284 1217 recte
1318 1181 1471 1215 Kritzius
1509 1182 1551 1214 ad
1575 1179 1719 1229 Sallust.
1752 1181 1832 1223 Jug.
1861 1180 1918 1219 82,

1187 1241 1223 1273 2.
1270 1238 1444 1271 moderari
1474 1239 1651 1282 linguam.
1698 1235 1755 1269 Cf.
1787 1235 1918 1268 ochsn.

1189 1295 1231 1327 ad
1257 1294 1363 1328 ovid.
1389 1295 1474 1327 Met.
1497 1295 1530 1336 8,
1554 1294 1635 1328 797.

1235 1351 1279 1383 V.
1311 1351 1367 1384 60.
1421 1361 1573 1383 emmens.
1629 1347 1699 1381 Ms.
1731 1345 1849 1380 Jaeck.
1883 1346 1917 1379 5.

1190 1406 1251 1439 Sic
1296 1407 1365 1451 legi
1407 1406 1524 1440 maluit
1560 1405 1608 1438 H.
1649 1403 1845 1448 Stephanus
1883 1401 1918 1435 in

1188 1463 1299 1496 Diatr.
1318 1474 1388 1496 sec.
1406 1475 1442 1507 p.
1463 1462 1553 1504 117„
1572 1465 1611 1494 ut
1633 1471 1775 1504 exspes,
1793 1459 1918 1498 eaeleae3

1188 1519 1336 1564 improb.
1353 1518 1542 1562 Bentlejus‚
1559 1528 1659 1561 quem
1675 1516 1768 1550 vide.
1794 1516 1920 1548 Amcns

1191 1575 1400 1620 approbavit
1421 1574 1596 1615 Muretus,
1620 1571 1712 1616 quod
1735 1583 1773 1605 se
1796 1571 1832 1605 in
1857 1584 1917 1605 ve-

1189 1631 1378 1665 tustissimo
1414 1631 1504 1664 libro
1537 1629 1709 1663 Vaticano
1745 1629 1919 1673 reperisse

1188 1692 1337 1721 testatur
1360 1687 1396 1720 in
1421 1687 1504 1719 Var.
1529 1685 1642 1719 Lectt.
1669 1685 1728 1728 18,
1753 1685 1806 1727 3.;
1835 1697 1917 1719 ean-

1189 1743 1264 1776 dem
1288 1744 1491 1788 scripturam
1515 1740 1731 1786 amplectitur
1749 1741 1783 1774 J.
1805 1741 1917 1775 Cleri-

1190 1808 1250 1830 cus
1287 1797 1324 1830 in
1354 1797 1527 1831 Friedem.
1570 1803 1604 1830 et
1618 1797 1782 1831 ‘Seebod.
1814 1798 1917 1832 Misc.

1190 1854 1284 1888 critt.
1307 1854 1337 1886 I.
1359 1854 1394 1888 3.
1418 1867 1454 1899 p.
1479 1854 1577 1895 543„
1602 1858 1641 1887 ut
1664 1853 1718 1887 ira
1741 1854 1916 1888 describa-

1188 1915 1258 1944 tur.
1281 1910 1443 1954 „Mensf‘
1467 1910 1591 1954 inquit,
1618 1906 1727 1952 „nivel
1750 1910 1817 1943 τοῦ
1832 1911 1919 1950 νοῦς

1188 1965 1352 2009 sumitur,
1391 1966 1452 2010 qui
1485 1966 1666 2000 affectibus
1699 1966 1916 2000 adversatur.

1188 2023 1316 2056 Amens
1339 2024 1459 2056 dolore
1481 2024 1644 2069 frequens
1667 2021 1812 2056 locutio.
1835 2023 1917 2056 Vid.

1190 2078 1289 2114 Curt.
1314 2078 1354 2122 4,
1381 2080 1439 2122 10,
1465 2081 1553 2114 29.“
1598 2091 1641 2113 ac
1673 2089 1781 2112 mens.
1823 2078 1916 2113 Edd.

1190 2135 1278 2168 Cun.
1296 2135 1379 2168 San.
1395 2135 1508 2170 Merv.
1527 2136 1633 2170 Bask.
1650 2135 1796 2179 Dorigh.
1821 2135 1917 2170 Sivr.

1190 2192 1247 2225 cf.
1274 2198 1392 2226 annot.
1417 2193 1461 2226 ad
1483 2205 1520 2226 v.
1538 2193 1594 2227 51.
1627 2197 1693 2227 aut
1708 2202 1815 2225 mens.
1848 2191 1916 2226 Ms.

1189 2248 1290 2282 Gott.
1311 2251 1343 2282 1.
1367 2254 1400 2282 et
1415 2249 1528 2293 μην’ς.
1560 2249 1629 2282 Ed.
1653 2247 1855 2282 Praedicov.
1872 2267 1918 2273 —

1188 2304 1234 2338 V.
1259 2305 1315 2339 61.
1347 2304 1444 2338 Dum
1469 2316 1507 2349 p.
1534 2305 1592 2338 od.
1617 2305 1702 2338 dnm
1723 2303 1802 2337 vim.
1847 2303 1916 2338 Ms.

1188 2360 1338 2395 Franek.
1364 2372 1421 2406 ap.
1445 2362 1528 2395 Bos.
1556 2373 1592 2406 p.
1618 2361 1674 2395 66.
1695 2379 1724 2388 ν
1757 2361 1916 2404 festinet.

1190 2416 1260 2450 Ms.
1286 2417 1406 2450 Oberl.
1428 2418 1473 2451 D.
1492 2429 1512 2451 a
1530 2418 1562 2451 1.
1580 2429 1625 2451 m.

1235 2472 1280 2505 V.
1307 2472 1363 2506 62.
1410 2474 1521 2507 brevis
1551 2476 1676 2517 furor.
1728 2473 1816 2508 Mss.
1852 2474 1916 2508 Bn.

1189 2529 1234 2563 D.
1259 2530 1303 2565 F.
1327 2549 1374 2555 —-
1397 2530 1443 2563 V.
1471 2530 1528 2564 63.
1569 2531 1726 2574 Imperat.
1772 2530 1833 2564 Sic
1853 2543 1916 2565 ms.

1188 2585 1290 2620 Dess.
1313 2587 1347 2620 Ξ.
1383 2586 1438 2619 Cf.
1462 2598 1498 2619 v.
1519 2588 1573 2620 11.
1599 2587 1738 2631 Impera
1761 2591 1795 2620 et
1809 2587 1916 2620 hunc.

1190 2642 1251 2675 Sic
1274 2654 1316 2675 ex
1342 2642 1575 2676 vetustissimo
1598 2643 1718 2676 codice
1739 2642 1918 2688 legendum

1189 2697 1274 2731 dicit
1298 2698 1344 2730 H.
1364 2699 1560 2742 Stephanus
1582 2699 1619 2732 in
1640 2699 1793 2733 Praefat.
1809 2699 1865 2733 ed.
1881 2701 1916 2734 2.

1189 2753 1214 2789 i.
1226 2765 1257 2787 e.
1273 2754 1335 2798 qui
1350 2755 1418 2787 nisi
1430 2760 1546 2799 paret,
1564 2761 1687 2800 sponte
1701 2759 1814 2800 paret,
1828 2760 1870 2789 tu
1886 2756 1918 2789 ei

1190 2810 1323 2854 impera
1335 2823 1347 2849 ;
1368 2812 1429 2844 sed
1452 2813 1540 2845 bene
1563 2817 1683 2846 contra
1705 2823 1780 2846 eum
1796 2811 1915 2856 dispu-

1186 2869 1241 2903 tat
1264 2867 1460 2912 Bentlejus‚
1494 2867 1554 2912 qui
1576 2868 1718 2902 eundem
1741 2879 1783 2902 eo
1808 2867 1915 2901 addu-

1186 2929 1275 2958 ctum
1299 2935 1376 2958 esse
1404 2924 1566 2970 opinatur
1589 2936 1632 2959 ex
1661 2935 1771 2970 prava
1792 2922 1915 2968 vulga-
