2028 3268
218 196 300 238 131
506 195 781 236 EXCURSUS
811 194 1201 237 GRAMMATICUS
1229 195 1302 236 AD
1331 195 1377 237 V.
1410 200 1476 240 18.
1677 198 1762 241 403

217 319 354 358 labore
388 319 496 370 Quos
523 319 599 357 tibi
626 320 699 358 dat
725 321 918 373 (intellige
947 321 1123 374 amicos)
1134 351 1150 369 ,
1199 323 1364 360 retinere
1399 322 1507 360 velis.
1525 337 1760 376 servareque

217 388 395 434 amicos,
427 387 534 426 simili
562 389 647 427 loco
674 390 811 429 collato
838 391 918 431 Sat.
952 393 999 442 1,
1040 390 1091 440 4,
1122 391 1216 431 106.
1285 391 1340 428 Ut
1357 388 1544 443 fugerem
1573 393 1762 443 exemplis

216 457 403 495 vitiorum
433 471 614 509 quaeque
637 458 831 505 notando,
861 460 909 496 ad
946 472 1057 510 quem
1087 459 1214 498 locum
1242 459 1372 511 lapsus
1403 464 1485 498 erat
1513 460 1549 498 J.
1578 461 1630 499 H.
1661 459 1760 499 Vos-

214 525 308 563 sius.
365 525 460 564 Inde
489 527 601 564 etiam
620 528 767 577 judices
788 528 835 565 de
858 527 982 578 Epist.
1008 529 1046 576 1,
1076 527 1143 578 19,
1177 528 1243 569 19.
1274 535 1319 565 ιιι
1345 528 1447 565 milzi
1469 542 1586 580 saepe
1605 529 1760 577 Bilem,

215 606 333 644 saepe
348 596 493 642 jocum
521 596 642 632 vestri
665 609 818 633 movere
846 595 1071 633 tumultus!
1096 609 1171 646 quo
1201 595 1286 633 loco
1315 596 1540 648 Cuningam.
1572 602 1612 637 et
1639 598 1759 636 Sana-

216 661 307 699 don.
348 663 603 714 scripserunt:
652 672 699 702 ιιι
726 665 826 703 milzi
854 663 996 711 bilem,
1057 665 1110 702 Ut
1135 663 1237 701 mihi
1264 678 1381 715 saepe
1407 667 1551 713 jocum
1584 671 1658 705 etc.
1717 666 1761 704 In

216 730 378 768 eundem
416 744 570 770 censum
606 733 708 772 venit
734 733 858 786 Epist.
891 734 967 783 18,
1014 733 1079 775 16.
1138 733 1381 784 Propugnat
1410 736 1530 786 nugis
1559 741 1759 780 armatus,

214 798 279 837 ubi
325 799 501 838 Orellius
533 808 774 853 propugnat
812 802 984 840 absolute
1026 801 1200 853 usurpari
1244 802 1364 838 minus
1403 807 1508 841 recte
1547 803 1650 840 dicit.
1709 801 1761 839 At

213 867 343 905 similis
373 872 432 906 est
461 871 692 908 constructio
719 870 795 909 Od.
824 871 876 921 3,
916 868 968 921 4,
1010 871 1077 912 50.
1095 869 1235 918 sidens
1251 872 1450 918 juventus
1472 870 1637 908 horrida
1669 869 1760 907 hra-

214 935 334 983 chiis,
363 949 438 987 quo
467 937 506 974 in
529 937 615 975 loco
641 950 764 988 aeque
789 937 989 990 religiosus
1015 940 1209 990 conjungit
1241 938 1438 987 oremus,
1469 940 1572 990 quod
1598 951 1676 976 non
1699 938 1759 975 fu-

213 1007 270 1057 git
311 1005 376 1042 Jo-
425 1005 539 1045 Guil.
582 1006 805 1044 Steinerum
817 1036 834 1053 ‚
882 1010 944 1058 qui
990 1009 1029 1046 in
1075 1007 1210 1058 Progr.
1259 1008 1339 1045 sch.
1383 1008 1590 1046 Crucenac.
1635 1003 1757 1047 1841.

211 1087 250 1126 p.
279 1074 407 1115 18—
425 1075 491 1116 21.
520 1073 629 1125 hujus
659 1077 810 1126 generis
841 1076 958 1114 multa
987 1089 1032 1114 ex
1060 1075 1219 1115 Horatio
1249 1076 1414 1127 collegit.
1473 1074 1566 1126 (De
1592 1074 1760 1111 Horatii

211 1155 337 1179 carm.
369 1155 472 1183 saec.
517 1142 777 1180 commentat.
840 1144 1130 1183 Confluentibus
1157 1146 1257 1196 typis
1289 1145 1350 1183 Jo.
1380 1144 1447 1185 Fr.
1476 1143 1617 1194 Kehr.)
1674 1141 1758 1180 Alia

210 1211 300 1250 talia
329 1212 577 1263 suppeditant
602 1211 832 1249 Musa-herl.
863 1218 902 1252 et
929 1213 1052 1253 Jahn.
1088 1215 1137 1251 ad
1168 1215 1244 1252 Od.
1276 1216 1323 1264 2,
1358 1213 1431 1263 13,
1466 1215 1504 1254 2.
1571 1210 1751 1249 Schmid.

209 1280 259 1318 ad
289 1280 414 1331 Epist.
445 1280 511 1329 18,
542 1277 611 1323 42.
641 1281 710 1320 99.
743 1286 782 1320 et
810 1279 1111 1332 Dillenburger.
1140 1296 1179 1334 p.
1211 1281 1411 1324 27—29.
1470 1279 1647 1318 Similiter
1677 1279 1756 1317 Ta—

209 1349 271 1387 cit.
301 1348 399 1387 Hist.
431 1349 478 1398 1,
515 1346 581 1389 64.
616 1351 662 1387 ni
699 1349 848 1388 Valens
877 1350 1223 1388 animadversione
1244 1363 1472 1400 paucorum
1501 1347 1642 1386 oblitos
1659 1350 1756 1396 jam

208 1417 393 1454 Batavos
414 1418 573 1467 imperii
600 1419 892 1468 admonuisset,
923 1419 986 1456 ubi
1012 1420 1172 1470 imperii
1198 1432 1269 1470 per
1291 1422 1490 1468 utrumque
1518 1417 1584 1455 fit:
1614 1415 1756 1454 oblitos

208 1490 247 1524 et
271 1485 556 1523 admonuisset.
615 1487 679 1524 Sic
709 1492 749 1526 et
773 1487 859 1526 Liv.
892 1490 941 1538 2,
979 1488 1032 1538 3,
1069 1490 1108 1528 6.
1137 1487 1355 1525 ambientes
1384 1486 1581 1524 nobilium
1618 1484 1756 1522 adole-

205 1556 401 1592 scentium
426 1555 582 1592 animos
604 1562 854 1606 pertentant,
883 1571 959 1608 quo
992 1559 1030 1595 in
1059 1558 1145 1599 loco
1161 1556 1356 1594 Kloekius
1380 1555 1529 1593 inutiles
1563 1555 1755 1604 conjectu—

205 1637 268 1662 ras
295 1624 476 1676 profudit.
534 1623 618 1662 Huc
649 1637 799 1675 quoque
825 1626 1016 1664 retulerim
1041 1627 1123 1664 Set.
1144 1625 1248 1663 Paul.
1279 1626 1316 1662 in
1337 1624 1460 1675 Epist.
1491 1623 1541 1661 ad
1561 1623 1753 1662 Romanos

205 1696 257 1743 2,
286 1694 326 1735 8.
385 1688 444 1734 Ου’
472 1689 548 1747 γάρ
579 1691 623 1732 ἒν
651 1695 709 1748 τῷ
734 1696 921 1750 φανερῷ,
949 1689 1141 1741 Ἰουδαῖος
1170 1694 1300 1742 ἔστιν,·
1332 1692 1487 1730 verbum
1516 1692 1615 1728 enim
1640 1686 1753 1731 Ἱουδ.

204 1761 262 1799 bis
298 1762 516 1799 sumendum
557 1775 669 1812 esse,
719 1763 858 1801 docent
893 1774 990 1812 quae
1020 1765 1228 1812 sequuntur
1267 1755 1350 1800 ἀλλ’
1379 1758 1403 1800 ὅ
1433 1759 1477 1800 ἔν
1505 1761 1560 1814 τῷ
1589 1762 1756 1814 κρυπτῷ

200 1825 406 1879 Ἰουδαῖος.
466 1828 550 1867 Alia
576 1832 671 1869 ratio
702 1836 763 1869 est
788 1832 827 1868 in
847 1831 995 1882 Evang.
1027 1831 1088 1868 Jo.
1117 1831 1157 1880 8,
1188 1828 1270 1878 15.‚
1300 1829 1339 1866 id
1363 1829 1466 1878 quod
1490 1831 1594 1865 recte
1619 1828 1752 1866 obser-

202 1900 302 1937 vavit
327 1911 516 1935 sacrarum
545 1899 736 1937 literarum
766 1901 930 1951 optimus
961 1900 1175 1950 interpres,
1208 1897 1402 1935 VVinerus
1431 1898 1470 1934 in
1500 1897 1668 1938 Gramm.
1700 1897 1751 1937 Ν,

203 1965 253 2003 Τ.
293 1979 334 2017 p.
366 1964 461 2006 523.
534 1967 657 2011 Quam
695 1979 811 2018 saepe
847 1966 1074 2005 Criticorum
1115 1979 1247 2003 manus
1285 1979 1353 2003 suo
1395 1978 1562 2016 gausape
1599 1978 1750 2003 mensas

201 2037 470 2086 pertergeant,
503 2037 545 2069 ut
578 2045 674 2082 quae
698 2035 885 2071 servanda
912 2035 988 2072 sint
1013 2035 1112 2073 humi
1148 2034 1336 2071 decidisse
1364 2034 1570 2082 postmodo
1602 2034 1750 2079 doleas,

201 2106 362 2141 testatur
387 2101 494 2138 locus
520 2113 606 2138 mea
635 2102 786 2151 quidem
816 2103 1003 2141 sententia
1032 2101 1217 2152 genuinus
1245 2101 1347 2150 apud
1366 2098 1471 2151 Virg.
1491 2102 1529 2137 in
1548 2101 1630 2138 Cul.
1656 2101 1748 2141 157.

201 2171 332 2209 lentus
356 2171 399 2207 in
427 2168 560 2207 herbis
586 2169 733 2206 Securo
758 2183 916 2219 pressos
945 2183 1080 2206 somno
1109 2167 1377 2204 mandaverat
1400 2177 1540 2214 artus,
1588 2170 1649 2206 ubi
1680 2172 1749 2207 mi-

200 2253 278 2289 ror,
313 2237 523 2290 Sillcgrium
537 2265 550 2282 ,
580 2237 711 2275 Virum
741 2242 867 2275 cetera
898 2238 1223 2288 diligentissimum
1253 2237 1633 2288 sagacissimumque,
1662 2239 1747 2276 No—

199 2306 312 2346 dellio
342 2307 392 2344 ita
416 2307 532 2344 fuisse
563 2306 663 2344 dicto
693 2307 921 2356 audientem,
952 2310 992 2344 ut
1022 2307 1102 2356 ejus
1124 2304 1377 2353 conjecturam
1398 2306 1528 2356 fessos
1547 2308 1745 2357 reciperet.

200 2374 249 2413 At
285 2374 412 2412 similis
443 2379 500 2412 est
529 2374 634 2412 loeus
662 2388 723 2426 ap.
759 2373 845 2412 Liv.
877 2376 927 2423 2,
971 2374 1048 2423 30,
1096 2371 1136 2410 4.
1174 2372 1281 2422 (ibiq.
1312 2371 1453 2425 Drak.)
1516 2374 1599 2411 Sed
1628 2388 1746 2412 curae

188 2443 282 2494 suit
306 2442 535 2481 consulibus
565 2451 601 2479 et
628 2442 849 2480 senioribus
873 2444 1047 2480 Patrum
1062 2470 1074 2490 ‚
1123 2447 1169 2477 ιιι
1194 2442 1406 2490 imperium
1439 2455 1510 2479 suo
1540 2442 1744 2480 vehemens

200 2519 406 2550 mansueto
428 2514 724 2563 permitteretur
750 2511 938 2563 ingenio,
979 2523 1102 2560 neque
1125 2509 1235 2547 aliter
1263 2509 1463 2546 Sallustius
1493 2512 1531 2548 in
1555 2511 1641 2549 Cat.
1673 2512 1742 2561 39,

199 2580 266 2630 3.,
315 2592 428 2630 quem
459 2592 554 2616 unus
585 2580 747 2616 omnium
777 2582 881 2616 recte
912 2580 1180 2628 interpretatus
1219 2582 1278 2615 est
1308 2576 1506 2615 Fabrius:
1566 2580 1648 2617 Sed
1675 2580 1745 2618 ubi

197 2649 374 2699 primum
402 2645 535 2684 dubiis
558 2645 675 2685 rebus
703 2645 900 2684 novandis
927 2659 1016 2695 spes
1044 2643 1180 2682 oblata
1206 2651 1286 2691 est5
1316 2644 1378 2682 ubi
1404 2644 1598 2686 Ablativus
1627 2647 1742 2686 rebus

198 2717 247 2754 ad
281 2715 458 2754 Dativum
493 2716 669 2753 novand.
714 2716 917 2767 cogitando
957 2714 1185 2765 repetendus
1227 2712 1426 2752 videbitur.
1484 2715 1627 2754 Eadem
1660 2718 1740 2755 fere

199 2785 285 2834 lege
313 2783 408 2820 Plin.
440 2782 562 2832 Epist.
594 2785 645 2834 7,
678 2786 755 2834 26,
794 2787 832 2826 2.
893 2782 958 2820 Ne
986 2780 1231 2819 sermonibus
1260 2781 1420 2832 quidem
1447 2784 1640 2836 malignis
1667 2793 1741 2822 aut

199 2850 369 2887 attendit
394 2857 467 2886 aut
494 2850 631 2893 alitur,
688 2852 773 2891 Huc
802 2865 951 2902 quoque
982 2851 1072 2888 facit
1091 2850 1183 2890 Sall.
1205 2852 1293 2902 Jug.
1317 2851 1384 2903 14,
1415 2853 1481 2894 16.
1528 2853 1577 2890 Si
1603 2855 1737 2890 onmia

202 2932 304 2970 quae
340 2925 413 2956 aut
450 2919 596 2966 amisi,
643 2927 718 2958 aut
755 2933 800 2958 ex
835 2918 1066 2958 necessariis
1102 2920 1272 2959 adversa
1296 2920 1422 2972 sacta
1454 2928 1548 2960 sunt
1558 2950 1575 2969 2
1626 2923 1742 2959 inco->

1280 2975 1336 3018 26
1355 2976 1457 3030 (9)*
