2028 3268
379 238 458 283 156
487 243 850 281 COMMENTARII
876 243 929 279 IN
955 239 1173 278 HORATH
1196 238 1367 278 EPIST.
1388 239 1603 278 SECUND.
1631 241 1729 278 LIB.
1750 242 1782 280 Ι.
1838 242 1893 283 50

377 353 512 391 Sullae
532 354 616 391 fore
633 353 827 404 sperabat,
856 351 926 390 sed
945 349 1270 389 consuetudinem
1289 352 1416 402 stupri
1433 363 1466 388 s.
1489 349 1672 388 adulterii
1691 351 1890 402 exprimit,

375 428 420 458 ut
446 423 602 472 saepius
622 421 709 458 aliis
730 419 1080 468 consanguinitatis
1107 425 1148 455 et
1175 418 1376 455 affinitatis
1397 418 1557 456 vocibus
1575 417 1674 456 haec
1693 420 1803 456 notio
1824 419 1890 455 in-

374 486 521 526 haeret.
578 486 773 535 Penelope
791 492 927 522 autem
951 491 1009 522 est
1033 486 1262 536 exemplum
1279 483 1504 536 pudicitiae.
1561 485 1633 524 Od.
1654 486 1694 534 3,
1727 486 1791 534 10,
1826 486 1889 526 11.

377 556 414 602 1,
437 556 502 602 17,
524 555 588 594 19.
613 554 695 591 Sat.
721 554 760 600 2,
785 551 824 600 5,
844 555 914 593 77.
969 553 1028 589 De
1047 554 1175 604 procis
1194 553 1416 603 Penelopae
1436 551 1516 590 vid.
1536 552 1674 604 Odyss.
1695 553 1759 600 16,
1796 553 1889 592 121.

374 635 434 674 sq.
464 623 545 660 Sat.
567 624 605 668 2,
629 620 666 668 5,
688 620 728 659 7.
751 620 818 660 79.
836 641 893 648 -
923 619 1163 670 Alcinoique
1170 621 1266 666 juv.
1293 618 1504 668 Phaeaces,
1527 632 1696 672 quorum
1718 632 1791 656 rex
1807 624 1890 655 erat

373 690 586 735 Alcinous,
615 688 758 724 famosi
785 687 1088 737 intemperantia
1115 693 1154 723 et
1184 687 1305 734 luxu,
1331 698 1452 738 quem
1476 688 1599 724 Poeta
1623 695 1734 726 notat
1759 688 1796 735 1,
1824 687 1889 734 15,

374 754 441 795 24.
466 754 556 793 Vid.
579 753 718 805 Odyss.
741 754 780 802 8,
802 755 864 793 11.
886 767 946 806 sq.
967 752 1065 795 248.
1095 753 1172 793 αἰεὶ
1201 749 1243 793 δ’
1261 751 1358 805 ἡμῖν
1376 753 1463 801 δαίς
1481 768 1523 793 τε
1546 754 1643 805 φίλη
1672 754 1834 805 κίθαρίς
1851 766 1892 793 τε

372 823 485 874 χοροί
498 837 552 862 τε.
578 819 724 859 Athen.
746 821 784 868 1,
807 818 872 859 14.
893 835 933 871 p.
955 821 1020 860 60.
1049 819 1250 871 Schwgh.,
1279 822 1318 868 8,
1341 821 1381 861 3.
1401 834 1440 871 p.
1463 821 1571 870 238„
1592 822 1657 870 12,
1678 824 1718 862 7.
1737 835 1776 872 p.
1795 818 1891 861 472.

373 890 422 931 cf.
455 891 520 938 12,
548 891 585 929 1.
618 903 659 940 Ρ.
679 887 777 929 407.
808 893 847 924 et
876 889 1039 938 Rupert.
1071 886 1122 924 ad
1147 889 1240 925 Juv.
1277 887 1341 935 15,
1371 886 1437 926 23.
1463 900 1513 925 SS.
1556 889 1621 924 Fr.
1651 888 1808 926 Jacobs.
1836 885 1889 923 ad

370 958 527 993 Lucret.
559 957 598 1003 2,
631 955 700 995 25.
726 956 768 991 in
797 955 998 991 Blumenl.
1030 956 1080 991 ΙΙ.
1113 968 1154 1005 p.
1185 953 1280 994 315.
1317 955 1491 991 Macrob.
1519 955 1676 993 Saturn.
1702 957 1743 1003 7,
1773 955 1812 995 1.
1846 967 1887 1004 p.

373 1023 468 1063 625.
487 1025 532 1061 Z.
553 1045 607 1050 -
627 1024 670 1059 in
686 1029 772 1058 cute
792 1022 983 1058 curanda.
1021 1022 1109 1059 Cat.
1134 1034 1218 1058 cur.
1231 1048 1248 1066 ,
1277 1027 1322 1058 ut
1341 1022 1581 1059 Graecorum
1600 1019 1700 1074 χρώς
1715 1023 1890 1074 amotis,

373 1089 422 1127 de
449 1091 496 1128 iis
520 1088 619 1137 dici,
650 1090 719 1140 qui
739 1090 856 1139 genio
874 1087 1126 1137 indulgentes
1147 1100 1288 1138 corpus
1310 1089 1429 1126 lautis
1457 1090 1583 1140 epulis
1603 1095 1760 1136 curant,
1790 1088 1892 1124 bene

372 1157 488 1195 docet
515 1157 693 1194 Turneb.
715 1154 816 1193 Adv.
835 1157 904 1204 26,
924 1157 1006 1202 27·‚
1037 1154 1088 1190 cf·
1108 1153 1251 1194 Heiud.
1276 1153 1328 1191 ad
1347 1155 1427 1193 Sat.
1451 1156 1492 1203 2,
1515 1154 1554 1204 5,
1582 1155 1663 1203 38.,
1692 1157 1768 1206 ΕΡ.
1793 1155 1830 1203 1,
1849 1152 1890 1202 4,

374 1225 440 1265 15.
469 1225 563 1263 Juv.
584 1226 625 1271 2,
649 1222 713 1263 15.
741 1223 863 1271 Alibi,
892 1228 937 1260 ut
955 1222 1043 1258 Liv.
1061 1222 1101 1268 2,
1122 1221 1189 1268 31,
1213 1222 1250 1260 1.
1270 1234 1411 1270 corpus
1430 1235 1582 1259 curare.
1641 1223 1743 1260 Hinc
1764 1222 1892 1260 omnis

372 1291 491 1342 hujus
519 1292 576 1328 rei
601 1290 812 1340 descriptio
836 1287 989 1341 aliquid
1013 1286 1224 1325 hilaritatis
1254 1289 1336 1325 sive
1355 1289 1482 1325 mavis
1499 1289 1742 1339 petulantiae
1759 1287 1892 1336 habet,

374 1357 482 1410 quod
502 1365 541 1395 et
561 1357 711 1395 indicat
729 1357 865 1396 vocab.
888 1363 1066 1407 operata,
1089 1368 1167 1406 quo
1188 1367 1270 1392 non
1286 1362 1370 1392 tam
1389 1367 1508 1406 opera
1524 1356 1649 1392 nimia
1661 1357 1705 1393 in
1721 1353 1892 1393 fovendo

373 1440 444 1464 seu
468 1424 641 1463 curando
670 1437 831 1475 corpore
858 1425 987 1475 posita
1012 1423 1247 1474 exprimitur
1268 1434 1389 1473 quam
1408 1423 1518 1460 notio
1538 1421 1734 1474 quaedam
1751 1423 1809 1460 rei
1828 1434 1894 1460 sa-

374 1507 461 1531 crae
474 1521 485 1541 ,
516 1493 579 1530 cui
597 1493 763 1542 juvenes
782 1491 849 1528 isti
868 1491 1024 1540 operari
1046 1491 1088 1527 in
1116 1491 1305 1528 conviviis
1326 1488 1519 1527 dicuntur.
1577 1490 1639 1527 ef.
1657 1489 1806 1526 Nonius
1827 1484 1893 1536 12,

372 1562 440 1600 21.
470 1567 509 1598 et
537 1561 711 1598 Brisson.
735 1558 784 1596 de
801 1560 932 1596 Form.
953 1559 984 1598 Ι.
1012 1571 1054 1607 Ρ.
1079 1557 1144 1598 19.
1200 1557 1266 1595 Sic
1285 1558 1408 1594 Poeta
1427 1555 1499 1594 Od.
1518 1557 1558 1604 3,
1593 1557 1658 1604 17,
1689 1553 1754 1596 14.
1782 1555 1894 1592 illam

374 1634 501 1664 eutem
531 1626 701 1664 curandi
731 1624 947 1662 dictionem
970 1625 1104 1673 jocose
1124 1623 1324 1661 transtulit
1351 1622 1402 1660 ad
1431 1623 1601 1660 Genium
1620 1623 1775 1671 ipsum.-
1806 1635 1895 1659 eras

379 1695 553 1732 Genium
587 1706 690 1730 mero
723 1691 908 1736 curabis,
946 1690 1053 1742 quod
1087 1691 1188 1727 bene
1221 1690 1443 1728 observavit
1470 1686 1722 1739 Peerlkampi
1751 1689 1895 1725 miram
1924 1721 1931 1728 ,

365 1761 490 1811 -hujus
515 1761 594 1799 loci
623 1760 988 1810 interpretationem
1015 1757 1200 1795 refellens
1228 1754 1480 1793 Eichstadius
1514 1757 1558 1792 in
1587 1754 1727 1792 Parad.
1756 1757 1894 1793 Horat.

373 1830 457 1867 VH.
479 1841 520 1879 p.
547 1825 613 1867 14.
672 1827 855 1863 ceterum
884 1825 933 1863 de
961 1825 1141 1862 convivio
1170 1821 1398 1860 Phaeacum
1418 1821 1679 1861 moderatiore
1703 1823 1775 1860 illo
1802 1823 1894 1874 qui—

374 1895 489 1943 dem,
519 1906 641 1946 quam
663 1906 896 1945 procorum,
925 1890 998 1930 sed
1026 1897 1161 1928 tamen
1183 1890 1404 1941 voluptario
1439 1889 1521 1928 vid.
1548 1887 1694 1926 Athen.
1719 1889 1758 1938 5,
1786 1888 1826 1929 3.
1855 1903 1892 1940 p,

320 1978 322 1980 ·
374 1962 469 2003 205.
499 1960 537 2008 5,
558 1961 600 1999 9.
632 1974 673 2011 Ρ.
698 1961 795 2000 216.
833 1959 873 2008 5,
908 1960 972 1999 19.
1005 1972 1044 2009 Ρ.
1069 1956 1166 1998 242.
1207 1956 1394 2008 Schwgh.
1437 1958 1586 2006 Tangit
1613 1962 1746 1993 autem
1773 1958 1896 1994 Po'e'ta

374 2029 631 2079 gulositatem
657 2033 696 2063 et
725 2026 938 2063 mollitiem
960 2027 1254 2073 Romanorum,
1282 2030 1327 2061 ut
1351 2024 1434 2062 Sat.
1455 2026 1496 2072 2,
1527 2025 1566 2063 2.
1588 2029 1627 2060 et
1645 2023 1770 2073 Epist.
1790 2023 1827 2071 1,
1855 2022 1894 2070 6,

375 2094 445 2135 56.
469 2107 522 2135 ss.
577 2095 659 2131 Hos
682 2105 820 2131 versus
851 2093 1046 2144 expressit
1071 2093 1221 2132 Auson.
1251 2092 1378 2142 Epist.
1399 2091 1438 2139 9,
1467 2087 1530 2138 14,
1555 2089 1619 2130 15.
1647 2091 1736 2140 Bip.
1784 2089 1896 2139 Qua-

376 2162 453 2199 lem
469 2161 691 2211 Penelopae
715 2159 954 2198 nebulonum
973 2171 1109 2196 mensa
1118 2172 1331 2209 procorum
1340 2186 1358 2204 ,
1384 2157 1624 2207 Alcinoique
1639 2156 1780 2195 habuit
1802 2157 1896 2194 niti-

375 2229 451 2266 dae
475 2230 574 2266 cutis
592 2235 713 2266 uncta
717 2230 926 2275 juventus.
986 2227 1058 2263 Est
1080 2239 1172 2277 ergo
1193 2225 1434 2276 Alcinoique
1451 2237 1563 2263 casus
1581 2222 1788 2271 secundus,
1804 2235 1916 2279 cum·

376 2296 539 2333 vocibus
567 2308 631 2346 op.
648 2298 843 2344 juventus
869 2300 952 2331 arte
984 2293 1301 2345 conjungendus3
1328 2291 1435 2345 quod
1459 2290 1714 2329 durissimum
1740 2288 1897 2327 videtur

377 2363 596 2414 Doeringio
606 2390 624 2408 ,
651 2375 738 2401 voc.
766 2362 1008 2412 Alcinoique
1035 2374 1107 2412 pro
1139 2361 1390 2399 Nominativo
1419 2358 1584 2410 plural.,
1614 2357 1683 2408 qui
1707 2357 1897 2394 similitu-

378 2429 514 2468 dinem
533 2427 733 2482 quandam
760 2427 858 2479 (vid.
885 2434 1058 2466 annotat.
1086 2427 1138 2466 ad
1157 2430 1283 2479 Epist.
1303 2429 1340 2475 1,
1365 2423 1433 2466 64.
1451 2438 1494 2476 p.
1515 2423 1603 2476 79.)
1631 2422 1792 2472 indicet,
1820 2421 1897 2460 ha-

378 2497 500 2534 benti.
538 2498 702 2543 „Totus
717 2509 851 2534 versus
852 2523 869 2541 ,
879 2500 894 2518 ‘
898 2499 915 2518 c
942 2495 1094 2547 inquit,
1123 2495 1176 2533 In
1194 2502 1280 2533 cute
1299 2491 1477 2531 curanda
1487 2490 1584 2540 plus
1599 2503 1724 2542 aequo
1738 2498 1899 2542 operata

367 2566 561 2611 juventus
578 2576 650 2614 per
668 2565 957 2614 appositionem
975 2561 1037 2613 (ut
1054 2560 1263 2599 nebulones
1271 2559 1438 2597 Alcinoi
1438 2562 1476 2606 ,)
1493 2557 1722 2596 referendus
1736 2559 1897 2596 omnino

380 2637 440 2667 est
465 2630 516 2667 ad
539 2631 684 2680 Sponsi
703 2630 921 2681 Penelopes
930 2645 948 2678 ,·
976 2628 1070 2667 huic
1094 2627 1315 2678 juventuti,
1344 2625 1407 2664 his
1429 2627 1557 2677 procis
1573 2624 1793 2675 pulchrum
1807 2624 1902 2676 suit

381 2698 424 2733 in
445 2696 599 2735 medios
627 2697 711 2736 dies
735 2704 921 2746 stertere3
951 2702 991 2733 et
1019 2696 1076 2734 sic
1094 2694 1210 2745 proci
1227 2693 1441 2743 Penelopes
1468 2693 1700 2744 simpliciter
1712 2697 1901 2730 vocantur.

370 2765 564 2811 juventus
587 2777 694 2815 supr.
720 2765 805 2805 Sat.
834 2766 877 2813 2,
905 2764 945 2813 5,
978 2763 1048 2804 79.
1099 2762 1215 2800 Venit
1241 2762 1345 2798 enim
1370 2774 1563 2813 magnum
1584 2758 1761 2798 donandi
1773 2770 1902 2808 parea

372 2833 594 2881 juventus,
631 2832 719 2868 Nec
760 2837 916 2869 tantum
964 2829 1148 2875 Veneris,
1188 2834 1383 2880 quantum
1412 2826 1588 2864 studiosa
1629 2825 1814 2872 eulinae;
1849 2825 1902 2862 cf.

383 2897 555 2946 ejusdem·
580 2899 722 2937 satirae
747 2911 850 2938 νοτε.
879 2899 949 2942 7.“
1005 2899 1085 2947 At,
1112 2909 1165 2935 ne
1192 2901 1391 2948 repetam,
1423 2906 1524 2947 quae
1549 2906 1670 2946 supra
1697 2893 1741 2930 in
1766 2897 1898 2931 annot.
