2028 3268
186 275 242 316 37

650 272 794 312 LIBRI
823 273 856 312 Ι.
913 271 1177 312 EPISTOLA
1210 271 1275 313 IV.

1660 270 1743 311 227

260 400 400 446 Grata
434 402 734 461 superveniet,
769 415 878 461 quae
912 415 999 447 non
1034 401 1272 461 sperabitur
1305 398 1427 444 hora.

258 479 335 525 Me
361 481 564 541 pinguem
594 485 638 526 et
670 481 845 527 nitidum
874 483 984 526 bene
1018 484 1166 526 curata
1199 484 1296 526 cute
1325 482 1465 540 vises,

1686 481 1740 523 15

257 559 398 616 Quum
426 560 571 606 ridere
604 562 728 608 voles
762 561 939 623 Epicuri
969 561 1023 606 de
1055 575 1197 623 grege
1227 574 1418 620 porcum.

182 714 337 761 itemque
359 715 565 762 Dorighello
579 742 590 760 ,
629 718 722 763 quod
746 729 849 764 quam
871 717 936 752 fal-

182 783 259 807 sum
281 772 350 817 sit,
373 774 477 808 hodie
501 775 631 809 docent
654 775 787 810 Lexica
814 775 934 811 latina.

181 830 262 864 Hoc
284 834 401 864 tamen
423 831 597 867 interesse
625 833 721 867 inter
754 837 936 878 utramque

181 890 328 923 formam
365 888 526 933 videtur,
568 891 662 935 quod
700 891 736 925 in
778 891 936 925 dilucere

181 945 278 980 notio
302 946 465 992 primaria
486 946 581 981 inest
597 947 752 993 caliginis
770 947 935 982 veniente

182 1003 255 1037 sole
288 1003 488 1048 discussae,
526 1004 563 1038 in
598 1005 698 1040 illuc.
736 1017 805 1039 non
836 1006 931 1040 item.

179 1060 274 1094 Hinc
297 1061 512 1096 diluculum.
560 1061 617 1096 Ita
651 1063 727 1098 Cic.
760 1063 849 1100 Phil.
877 1067 932 1107 12,

179 1120 223 1162 2,
249 1117 283 1154 5.
333 1117 508 1154 Discussa
534 1126 587 1155 est
614 1121 681 1155 illa
708 1122 849 1167 caligo,
880 1122 934 1155 di-

179 1176 295 1221 luxit,
322 1182 427 1222 patet
443 1183 511 1213 etc.
562 1179 620 1214 Cf.
647 1179 756 1215 Drak.
783 1179 827 1213 ad
849 1179 931 1215 Liv.

178 1234 220 1279 8,
244 1236 310 1279 27,
337 1237 392 1271 11.
433 1234 596 1270 Rosellus
619 1243 724 1282 putat
747 1237 933 1283 legendum

178 1292 392 1335 άὶεῑιιωίεεες
434 1293 599 1327 Muretus
645 1295 795 1339 conjecit
828 1295 931 1339 (Var.

177 1349 295 1385 Lectt.
330 1349 394 1394 15,
431 1351 504 1395 19.)
534 1351 624 1386 tibid
650 1352 838 1394 illuxisse5
879 1353 933 1386 ita

178 1406 289 1441 edidit
313 1408 520 1444 Chabotius.
561 1409 684 1444 Talem
706 1409 932 1444 archaismum

172 1465 246 1510 Jam
259 1466 361 1500 obelo
378 1470 547 1501 notarunt
561 1467 772 1513 Rutgersius
797 1472 834 1502 et
846 1468 932 1502 Tal-

177 1523 307 1559 botius.
346 1523 428 1558 Huc
452 1525 608 1569 accedit,
633 1525 726 1571 quod
751 1530 930 1570 receptam

176 1591 244 1616 scr.
269 1581 392 1616 laudat
413 1582 469 1618 J0.
493 1582 669 1618 Sarisber.
700 1583 738 1617 in
760 1583 928 1618 Policrat.

176 1641 220 1683 2,
245 1639 303 1674 26.
326 1659 371 1664 —-
389 1652 612 1686 ‘supr-emam.
653 1640 723 1674 Ms.
749 1639 866 1674 Guelf.
892 1638 926 1673 4.

221 1697 267 1733 V.
293 1696 350 1733 14.
398 1698 500 1732 deest
532 1699 568 1733 in
596 1699 782 1740 Gothano3
816 1702 926 1742 grate

175 1754 257 1799 alii,
295 1759 389 1790 teste
421 1757 606 1792 Ascensio.
632 1776 677 1782 —
708 1755 925 1801 sperabitur,

173 1813 277 1848 hora.
324 1813 385 1849 Sic
413 1814 637 1860 distinguunt
669 1814 788 1859 vulgo.
847 1824 926 1858 spe—

173 1872 318 1906 rabitur
339 1872 431 1906 lwra
466 1877 522 1907 est
544 1871 727 1906 distinctio
752 1870 922 1914 Talbotii,

172 1929 315 1976 Jahnii,
339 1931 506 1976 Passov.‚
531 1930 712 1974 Meinek.‚
738 1929 783 1964 al.
809 1941 924 1975 eaque

982 717 1093 762 magis
1116 717 1225 752 latina
1250 728 1353 763 quam
1369 717 1521 761 usitata,
1546 716 1576 750 si
1595 719 1735 762 specta-

983 775 1078 810 veris
1101 775 1136 809 id
1154 786 1266 820 genus
1289 776 1466 821 exempla,
1504 785 1593 820 quae
1629 785 1735 820 expo-

982 837 1071 867 nunt
1093 832 1246 868 Schmid.
1273 833 1318 867 ad
1333 832 1452 878 Epist.
1478 831 1523 875 5,
1549 832 1619 874 27.‚
1644 831 1736 865 Doe-

982 890 1075 935 ring.
1108 890 1152 924 ad
1177 889 1246 926 Od.
1271 889 1313 933 4,
1342 890 1402 933 10,
1441 890 1474 924 4.
1510 889 1668 924 Huschk.
1693 889 1736 923 ad

982 948 1064 983 Tib.
1091 951 1129 991 2,
1156 947 1198 992 5,
1216 948 1288 992 69„
1309 947 1412 982 Jahn.
1431 947 1474 981 ad
1492 946 1601 982 Ovid.
1620 946 1733 983 Trist.

980 1006 1022 1049 5,
1050 1007 1089 1049 1,
1115 1005 1172 1041 75.
1197 1025 1240 1030 —-
1277 1005 1511 1050 spectabitur.
1550 1004 1618 1039 Ed.
1645 1004 1734 1039 Ven.

978 1062 1058 1098 481.
1083 1062 1295 1107 spir-abitur.
1321 1063 1389 1099 Ed.
1413 1062 1539 1097 Irenic.
1562 1061 1642 1097 567.
1672 1073 1735 1096 su-

975 1121 1164 1166 perabitur
1179 1141 1225 1147 —
1242 1133 1319 1156 ora.
1351 1121 1422 1156 ΜΒ.
1447 1122 1595 1157 Santen.

1025 1179 1070 1214 V.
1096 1179 1152 1215 15.
1180 1180 1235 1215 16.
1271 1191 1315 1213 ac
1330 1179 1499 1214 nitidum.
1524 1178 1616 1212 Edd.
1641 1177 1732 1212 Cun.

978 1237 1063 1272 San.
1099 1237 1216 1272 Merv.
1249 1237 1355 1273 Bask.
1392 1238 1471 1273 777.
1512 1236 1645 1270 Versus
1676 1234 1731 1269 15.

981 1296 1036 1330 16.
1075 1294 1162 1330 citat
1195 1295 1429 1340 Hieronymus
1473 1296 1595 1328 contra
1634 1290 1733 1326 Jovi-

978 1352 1070 1389 nian.
1095 1355 1115 1390 2
1130 1381 1139 1397 ‚
1165 1355 1221 1390 12.
1247 1354 1302 1389 ed.
1327 1353 1427 1388 Frkf.
1452 1355 1489 1386 et
1510 1350 1608 1396 Lips.
1628 1346 1731 1384 1684.

977 1410 1027 1446 II.
1053 1424 1088 1458 p.
1114 1411 1171 1446 55.
1199 1411 1239 1446 B.
1267 1431 1311 1436 —
1348 1411 1390 1446 V.
1417 1410 1472 1445 16.
1497 1409 1611 1451 voles,
1640 1406 1732 1452 Epi-

977 1468 1068 1504 curi.
1093 1468 1155 1502 Sic
1169 1469 1311 1514 disting.
1326 1468 1455 1514 Despr.
1483 1466 1587 1500 Talb.
1612 1464 1729 1498 Bentl.

975 1526 1092 1562 Maitt.
1117 1526 1251 1563 Sandb.
1273 1526 1380 1562 Bask.
1408 1525 1550 1559 Wakef.
1578 1521 1728 1557 Haberf.

974 1583 1140 1629 Doering.
1160 1585 1356 1630 Charpent.
1374 1581 1430 1617 ed.
1449 1580 1564 1616 Paris.
1583 1581 1666 1617 752.
1692 1584 1730 1613 et

973 1641 1054 1686 Bip.
1071 1642 1151 1677 828.
1176 1642 1221 1677 al.
1248 1639 1431 1675 sententia
1454 1639 1560 1685 paulo
1584 1638 1729 1672 diversa

973 1710 1076 1744 quam
1099 1698 1136 1732 in
1158 1698 1443 1746 interpunctione
1464 1696 1561 1742 vulg.
1574 1716 1620 1722 -—
1635 1707 1727 1740 par—

972 1768 1065 1792 cum.
1101 1757 1160 1792 Ita
1184 1756 1337 1801 conjecit
1358 1755 1527 1790 Meibom.
1551 1753 1595 1788 ad
1618 1753 1723 1798 Diog.

970 1814 1092 1850 Laert.
1111 1818 1156 1851 10
1168 1841 1178 1859 ,
1202 1815 1295 1859 131.,
1310 1825 1412 1860 quam
1422 1812 1608 1847 lectionem
1623 1821 1726 1845 omne

970 1877 1098 1918 poetae
1134 1873 1278 1907 auferre
1309 1883 1454 1907 acumen
1488 1873 1587 1905 recte
1631 1867 1726 1903 dixit

975 1930 1138 1966 Ouwens.
1162 1930 1197 1965 in
1213 1930 1338 1966 Noctt.
1354 1927 1502 1975 Hag.3,
1527 1926 1560 1963 5,
1585 1933 1622 1966 P.
1640 1925 1722 1962 355.
