2028 3268
165 246 248 290 129
300 229 307 232 “
452 244 727 284 ExcURsus
758 208 1148 284 GRAMMATICUS
1175 243 1247 282 An
1277 243 1322 281 v.
1351 244 1417 285 18.
1620 242 1705 285 401

152 374 186 411 .i.
209 383 244 411 e.
267 370 388 420 coelo,
418 369 519 420 quod
538 382 678 420 capere
700 369 954 416 conabantur3
983 370 1032 407 ad
1052 382 1165 420 quem
1184 367 1307 407 locum
1329 369 1483 420 Gierig.
1508 374 1547 408 et
1565 369 1701 407 Baclz.

165 453 247 480 eam
273 439 452 490 loquendi
488 439 799 477 consuetudinem
833 437 1111 486 observarunt,
1156 450 1268 488 quam
1299 438 1348 476 ad
1377 450 1413 476 v.
1437 437 1503 480 82.
1535 437 1706 489 pluribus

162 509 358 549 illustravi.
418 505 476 545 Ab
500 507 571 546 hac
599 507 848 558 explicatione
878 518 954 542 non
974 504 1130 544 multum
1155 507 1318 544 discedit
1354 505 1527 544 Orellius
1537 534 1553 552 ‚
1591 520 1706 558 quum

161 577 279 616 verba
307 576 372 614 illa
397 578 450 614 ita
470 578 761 627 interpretatur:
787 572 925 623 „Tam
953 573 1142 623 obligatus
1169 575 1237 612 tibi
1260 588 1343 613 sum
1363 576 1466 613 dono
1475 603 1493 622 ,
1525 576 1627 626 quod
1648 574 1708 612 of-

160 648 255 697 fers,
278 645 419 697 quam“
441 649 516 682 etc.
558 643 637 680 Sed
658 656 700 680 re
720 641 931 679 accuratius
950 654 1141 692 perpensa
1157 647 1292 681 neutra
1311 645 1408 682 ratio
1428 644 1566 695 placet,
1587 655 1709 694 quan-

161 728 276 767 quam
303 716 389 766 ipsa
416 713 628 752 sententiae
657 711 796 749 veritas
826 709 977 747 minime
1003 709 1164 753 laborat.
1222 712 1351 750 Verba
1370 713 1468 750 enim
1488 725 1534 749 ex
1553 723 1710 749 accura-

161 785 258 822 tiore
300 781 582 821 Grammaticae
616 779 776 818 formula
810 779 1049 830 expedienda
1085 785 1124 818 et
1156 793 1202 818 ex
1236 781 1384 819 ratione
1420 780 1711 827 contrariorum,

162 860 261 903 quae
290 853 331 889 in
349 852 444 903 ipsis
463 852 588 900 inest,
622 850 677 887 ita
697 848 964 886 constituenda
983 849 1178 903 videntur:
1221 848 1322 885 Tam
1342 855 1474 886 teneor
1493 847 1595 885 dono
1615 847 1711 899 (non

161 918 370 971 accepto),
419 931 543 970 qaam
571 918 609 953 si
635 917 816 954 dimittar
853 923 1020 953 onustas
1059 915 1180 967 (dono
1209 923 1368 968 accepto
1397 916 1594 967 dimittar).
1653 915 1712 953 Ita

162 987 240 1026 od.
274 989 314 1036 1,
346 987 415 1036 28,
438 985 479 1028 4.
549 986 602 1023 Te
630 983 814 1022 cohibent
834 1007 891 1013 —-—
908 998 1045 1034 parva
1071 1007 1127 1012 —
1158 986 1355 1030 Munera,
1383 988 1408 1024 i.
1433 998 1467 1022 e.
1498 998 1578 1022 non
1606 986 1708 1022 data.

159 1057 274 1095 Hom.
303 1054 348 1094 Il.
381 1056 432 1104 1,
482 1055 551 1095 65.
591 1049 771 1106 εὐχωλῆς
804 1051 1069 1105 ἐπιμέμφεται
1094 1055 1142 1091 de
1171 1067 1282 1092 sacro
1318 1067 1395 1092 non
1421 1054 1572 1092 reddito
1600 1052 1709 1103 (ibiq.

159 1122 456 1176 Nagelsbach.)
515 1122 637 1173 Soph.
670 1121 732 1160 Ai.
771 1123 867 1163 178.
906 1124 1061 1162 κλυτῶν
1096 1120 1255 1175 ε’νοῖρων
1294 1125 1525 1174 ψευσθεῖσα
1554 1117 1713 1174 δώροις,

159 1193 225 1232 ubi
253 1194 440 1244 scriptura
469 1188 651 1243 οἷδαίροις
679 1191 1019 1229 Grammaticorum
1044 1197 1296 1230 commentum
1325 1195 1397 1229 est.
1455 1189 1541 1228 Liv.
1571 1190 1643 1239 33,
1670 1191 1713 1238 7,

160 1260 201 1300 9.
214 1263 312 1309 jam
336 1263 443 1313 juga
469 1261 666 1297 montium
694 1259 895 1297 detexerat
921 1258 1090 1308 nebula,
1134 1272 1211 1309 quo
1235 1259 1322 1297 loco
1353 1259 1490 1297 offensi
1514 1263 1602 1296 sunt
1629 1257 1712 1297 Du-

159 1331 244 1369 ker.
274 1333 314 1367 et
337 1329 510 1380 Ruperti.
567 1327 698 1366 Locus
725 1329 840 1378 igitur
867 1328 917 1366 ad
947 1342 1031 1367 eam
1058 1328 1242 1366 sermonis
1273 1328 1582 1366 consuetudinem
1610 1328 1712 1364 refe-

160 1398 303 1438 rendus
334 1402 409 1447 est,
440 1409 554 1447 quam
581 1400 670 1448 post
698 1395 861 1435 Dorvill.
887 1399 936 1435 ad
969 1397 1084 1435 Char.
1116 1396 1168 1446 3,
1197 1395 1237 1435 9.
1267 1410 1307 1447 p.
1338 1398 1406 1437 81.
1435 1394 1550 1445 410,
1578 1395 1710 1433 Valck.

160 1465 370 1517 adUEurip.
400 1465 516 1517 Hipp.
550 1463 702 1514 1402.‚
750 1465 876 1516 Heyn.
906 1466 955 1504 ad
983 1466 1097 1504 Hom.
1128 1465 1170 1502 ΙΙ.
1204 1465 1283 1515 10,
1328 1464 1424 1515 98.,
1473 1465 1645 1503 Erfurdt.
1675 1468 1715 1501 et

162 1533 316 1575 Schaef.
343 1533 393 1571 ad
421 1533 546 1584 Soph.
571 1531 631 1571 Ai.
662 1531 784 1583 674.‚
830 1533 970 1572 Matth.
1001 1534 1039 1571 in
1067 1531 1195 1570 Verm.
1227 1532 1381 1570 Schrift.
1409 1547 1449 1585 p.
1483 1535 1579 1574 167.
1611 1536 1650 1571 et
1675 1534 1715 1570 in

161 1602 233 1640 Gr.
263 1614 324 1651 gr.
353 1599 386 1647 ἕ.
416 1598 512 1642 634.
539 1615 580 1653 p.
612 1601 734 1643 1308.
766 1602 827 1639 ed.
859 1603 914 1652 2.,
944 1600 1011 1642 Fr.
1039 1591 1193 1639 Ja'cobs.
1221 1601 1248 1638 l.
1272 1601 1299 1639 l.
1331 1601 1375 1642 V.
1402 1615 1440 1652 p.
1469 1601 1592 1651 380.,
1618 1601 1712 1640 Rei-

15 1675 22 1693 '·
99 1668 102 1670 ’
159 1669 232 1721 sig.
258 1669 310 1707 ad
335 1668 457 1720 Soph.
482 1669 566 1708 Col.
587 1684 625 1721 p.
641 1670 778 1720 CXX,
804 1670 915 1720 alios,
940 1674 1117 1708 accurate
1147 1670 1197 1707 ad
1222 1669 1358 1707 Horat.
1390 1669 1466 1706 Od.
1499 1671 1538 1717 1,
1570 1670 1639 1719 28,
1671 1666 1711 1707 4.

7 2826 46 2902 11

158 1742 200 1776 et
220 1738 262 1775 in
290 1737 509 1776 Zimmerm.
537 1737 823 1788 ‚,Zeitschrift“
848 1738 970 1779 1835.
999 1751 1038 1788 p.
1069 1737 1153 1780 828
1184 1750 1272 1788 sqq.
1302 1741 1340 1775 et
1364 1738 1403 1775 111
1431 1736 1568 1787 Progr.
1592 1737 1712 1775 schol.

157 1805 418 1845 Sondershus.
454 1806 577 1847 1839.
604 1820 644 1858 p.
671 1807 698 1846 9
723 1819 811 1857 sqq.
844 1807 1024 1844 tractavit
1059 1804 1258 1843 Gerhems
1268 1834 1285 1852 ,
1333 1804 1400 1844 Vir
1422 1805 1509 1855 ille,
1560 1810 1713 1857 spectes

158 1873 239 1912 sive
262 1885 390 1911 mores
419 1874 500 1912 sive
528 1875 755 1926 doctrinam,
785 1875 941 1925 antiqua
966 1874 1105 1912 virtute
1125 1887 1171 1912 ac
1199 1873 1291 1924 fide,
1321 1874 1386 1924 qui
1405 1887 1506 1912 nunc
1524 1875 1579 1912 rei
1599 1874 1713 1912 scho-

158 1941 317 1979 lasticae
338 1941 680 1981 Sondershusanae
701 1945 742 1981 111
766 1944 848 1981 dies
875 1943 1015 1982 laetius
1044 1943 1302 1981 efflorescenti
1324 1955 1472 1980 summa
1493 1956 1578 1981 cum
1602 1943 1714 1982 laude

158 2013 327 2061 praeest.
384 2008 479 2060 Ejus
509 2011 761 2060 sententiam,
790 2024 904 2061 quam
929 2012 1102 2062 sequitur
1125 2009 1387 2055 Diintzeras,
1416 2023 1494 2047 non
1522 2011 1712 2062 improbat

166 2076 453 2124 Gernlzardus,
484 2077 550 2115 Vir
573 2089 752 2125 summm,
779 2080 817 2116 in
840 2077 977 2129 Progr.
1005 2076 1124 2115 schol.
1153 2076 1308 2114 Vinar.:
1342 2078 1410 2116 De
1433 2080 1713 2130 compositione

160 2146 389 2184 carminum
423 2145 595 2183 Horatii
635 2145 908 2196 explananda.
967 2145 1106 2184 Partic.
1143 2144 1175 2182 Ι.
1211 2142 1334 2186 1841.
1370 2159 1409 2196 p.
1443 2148 1508 2188 13.
1569 2148 1712 2188 Postea

161 2215 322 2254 eandem
354 2227 436 2253 rem
465 2213 647 2264 singulari
685 2226 804 2264 opera
836 2218 1079 2264 persecutum
1119 2225 1207 2251 esse
1245 2213 1468 2251 Kb'hlerum
1505 2216 1544 2253 in
1572 2214 1711 2268 Progr.

161 2282 282 2323 schol.
309 2282 501 2324 Zwickav.
535 2281 658 2323 1839.
697 2282 746 2319 de
773 2289 949 2319 veterum
979 2283 1216 2332 scriptoram
1243 2296 1320 2319 usu
1347 2284 1391 2319 in
1422 2284 1711 2322 enuntiationi-

162 2350 237 2389 bus
266 2349 383 2390 verbo
401 2350 721 2403 affirmantibus,
750 2365 792 2388 re
813 2349 1073 2403 negantibus,
1103 2363 1149 2388 ex
1167 2349 1292 2388 Jahnii
1311 2349 1408 2388 Ann.
1429 2351 1559 2402 philol.
1583 2353 1707 2393 1839.

159 2417 317 2461 XXVII.
348 2423 387 2462 1.
415 2434 456 2473 p.
487 2420 584 2462 110.
612 2423 850 2471 compertum
878 2419 1014 2460 habeo.
1071 2419 1299 2469 Quanquam
1322 2419 1497 2458 lubenter
1525 2422 1709 2472 concedo,

158 2486 300 2526 multos
329 2487 451 2539 locos,
482 2501 578 2540 quos
608 2489 676 2526 viri
699 2487 751 2525 illi
777 2489 816 2526 in
839 2501 947 2527 suam
974 2501 1056 2526 rem
1076 2487 1279 2537 laudarint,
1307 2487 1417 2526 aliter
1446 2501 1562 2540 saepe
1590 2490 1710 2542 expli-

163 2555 308 2594 candos
343 2558 462 2595 videri
498 2555 679 2608 (exempli
717 2569 831 2595 causa
865 2556 1020 2595 nomino
1058 2556 1261 2594 Kritzium
1300 2562 1340 2594 et
1375 2557 1625 2609 Herzogium
1658 2559 1708 2598 ad

160 2621 255 2660 Sall.
281 2623 371 2676 Jug.
396 2621 474 2675 48,
503 2625 588 2678 3.),
630 2631 758 2665 tamen
786 2638 848 2664 res
877 2626 963 2676 ipsa
986 2625 1139 2675 integra
1168 2629 1250 2674 est,
1285 2629 1325 2663 et
1349 2627 1622 2665 consuetudine
1646 2640 1708 2665 re-

163 2691 374 2731 centiorum
404 2705 556 2744 quoque
582 2693 796 2745 linguarum
827 2693 1120 2745 comprobatur,
1162 2694 1264 2743 quod
1291 2699 1397 2732 recte
1419 2699 1552 2733 contra
1573 2696 1710 2736 Reisi-

159 2758 276 2808 gium
305 2758 624 2812 (‚,Vorlesungen
635 2762 666 2785 ‘⁶
701 2768 774 2802 etc.
805 2777 844 2816 p.
868 2764 966 2804 306.
995 2761 1079 2800 coll.
1109 2775 1148 2812 p.
1181 2757 1246 2802 14.
1278 2766 1318 2800 et
1341 2762 1485 2800 Haase
1515 2762 1566 2805 N.
1590 2762 1709 2816 324.)

162 2826 292 2866 docuit
326 2827 633 2880 Dillenburger.
672 2831 712 2868 in
747 2832 822 2877 Qu.
850 2831 986 2872 Horat.
1017 2844 1056 2882 p.
1087 2831 1180 2872 121.
1240 2829 1308 2868 Sin
1339 2836 1468 2871 autem
1506 2833 1605 2871 idem
1642 2833 1709 2871 Vir

163 2893 406 2934 doctissimus
433 2909 472 2948 p.
496 2897 752 2942 120—132.
778 2913 913 2939 omnes
936 2898 1021 2936 illos
1052 2898 1157 2936 locos
1186 2898 1260 2937 alia
1280 2912 1325 2938 ac
1345 2902 1524 2952 negativa
1547 2902 1708 2952 quadam

164 2963 224 3001 via
249 2963 496 3015 explicandos
521 2971 668 3018 censet,
697 2968 874 3019 equidem
903 2979 1050 3017 vereor,
1080 2978 1128 3005 ne
1156 2979 1237 3006 rem
1265 2969 1412 3006 acutius
1441 2982 1553 3020 quam
1582 2970 1706 3008 verius

211 3027 358 3064 Eoum.
382 3029 410 3063 I.
1274 3033 1330 3075 26
1358 3032 1424 3090 (9)
