2028 3268
239 263 294 304 31
353 259 729 301 COMMENTARII
757 259 811 297 IN
840 257 1066 297 HORATII
1083 255 1258 296 EPIST.
1277 255 1499 295 SECUND.
1529 256 1630 294 LIB.
1650 256 1685 297 Ι.
1716 253 1797 297 137

353 375 398 415 V.
432 375 470 416 1.
520 375 625 421 Troj-
662 372 700 410 ἶ).
730 373 866 423 script.
900 372 1003 410 Vell.
1032 371 1119 411 Pat.
1152 371 1189 419 1,
1221 368 1260 411 5.
1291 369 1342 409 de
1364 373 1543 409 Homero
1572 368 1668 406 belli
1694 368 1805 420 qnod

242 443 461 494 composuit
503 443 636 479 Daiei
673 425 801 488 dixit,
845 441 894 478 cf.
925 437 1089 478 Ruhnk.
1124 438 1176 476 ad
1218 439 1255 488 1,
1298 439 1338 480 3.
1376 439 1568 478 Juvenali
1598 438 1666 488 11,
1705 436 1801 477 178.

242 515 439 552 Homerus
469 510 658 548 laudatur
693 509 882 547 Conditor
905 507 1090 553 Iliados,
1118 509 1298 559 itemque
1327 509 1483 547 Auson.
1513 505 1633 559 1dyll.
1661 502 1702 555 4,
1734 505 1802 547 46.

242 580 353 619 Alibi
381 578 490 632 apud
511 581 649 617 Horat.
670 591 846 629 magnii-s·
869 575 982 614 audit
1004 577 1087 616 Sat.
1112 577 1150 625 1,
1183 576 1249 625 10,
1277 577 1345 626 52,
1378 576 1550 628 insignis
1567 576 1617 614 A.
1638 576 1682 614 P.
1703 571 1803 622 401,

243 655 284 687 et
308 649 526 686 Maeonius
565 646 640 686 Od.
670 647 711 696 4,
742 648 782 695 9,
816 646 894 694 10„
924 645 997 697 qai
1017 644 1175 696 priores
1193 650 1326 681 teneat
1349 644 1459 682 sedes
1469 659 1487 692 ;
1517 645 1666 696 quique
1687 657 1805 682 mon-

241 718 381 757 strarit
394 745 410 763 ,
438 717 523 753 Res
547 722 685 767 gestae
704 727 923 766 regumque
941 714 1170 763 ducumque
1191 719 1229 749 et
1258 715 1388 750 tristia
1416 712 1523 750 bella
1569 712 1656 762 Quo
1684 710 1807 749 scribi

238 791 403 837 possent
425 798 588 822 numero
591 813 607 830 ,
636 786 684 822 A.
710 785 755 822 P.
775 780 843 825 73.
900 784 1034 834 Atque
1060 779 1172 818 haud
1200 783 1282 820 scio
1304 795 1355 819 an
1375 780 1439 820 his
1461 781 1650 819 tenuibus
1672 780 1804 819 verbis

242 855 432 893 Horatius
452 855 628 892 Homero
646 853 827 905 palmam
850 849 944 888 dare
967 851 1139 889 voluerit
1167 863 1264 902 prae
1294 851 1383 888 aliis
1413 849 1610 903 (Syagrus
1640 848 1807 902 quidam

243 924 398 975 primus
427 922 653 972 Trojanum
684 921 837 958 bellum
866 920 1057 958 cecinisse
1089 919 1235 958 dicitur
1264 920 1313 957 ab
1337 920 1506 957 Aeliano
1536 920 1579 956 iu
1598 920 1644 958 V.
1665 920 1712 957 A.
1738 918 1806 966 14,

244 990 334 1042 21),
365 992 436 1042 qui
464 991 615 1039 „Iliaca
645 1001 887 1040 componere
918 989 1006 1025 ausi
1035 995 1147 1026 erant
1169 990 1394 1040 tempora,“
1424 990 1572 1039 partim
1592 989 1806 1036 variantes,

243 1061 394 1111 partim
423 1072 470 1096 ea
498 1059 734 1109 singulatim
763 1063 1000 1106 tractantes,
1041 1069 1145 1108 quae
1174 1057 1290 1093 illam
1320 1056 1610 1094 antecedebant
1639 1064 1679 1094 et
1709 1071 1807 1095 con-

245 1127 531 1180 sequebantur.
575 1125 666 1166 Vid.
687 1128 816 1178 Heyn.
846 1126 1017 1164 Excurs.
1050 1126 1085 1166 1.
1119 1125 1170 1162 ad
1195 1126 1304 1177 Virg.
1334 1127 1436 1167 Aen.
1467 1130 1518 1167 ΙΙ.
1546 1141 1586 1179 p.
1615 1126 1711 1167 378.
1743 1126 1807 1164 ed.

245 1197 336 1235 Wr.
368 1202 407 1232 et
434 1197 478 1234 F.
504 1195 554 1234 G.
580 1194 799 1233 Welcker:
830 1198 918 1234 Der
941 1194 1097 1245 epis-elle
1119 1194 1279 1245 Rjyklus
1307 1195 1401 1232 oder
1426 1196 1492 1233 die
1518 1195 1810 1234 Homeriselzen

246 1263 418 1302 Dichter
445 1265 517 1301 in:
546 1265 650 1303 Erst.
682 1262 1059 1316 Supplementband
1093 1277 1127 1301 Z.
1152 1260 1297 1300 Rheiu.
1328 1264 1430 1304 Mus.
1463 1265 1491 1303 f.
1524 1264 1674 1305 Philol.
1701 1264 1809 1306 1835

244 1345 286 1384 p.
315 1331 472 1373 419-—
491 1332 586 1375 455.
644 1335 730 1371 Hoc
760 1334 795 1370 si
826 1340 951 1381 esset,
984 1333 1174 1370 Horatius
1203 1332 1315 1370 brevi
1345 1332 1456 1370 idem
1487 1333 1669 1383 dixisset,
1700 1332 1811 1386 quod

246 1402 426 1451 Vellejus
458 1402 487 1440 l.
517 1403 566 1442 l.:
597 1400 836 1453 (Homerus)
860 1402 1141 1453 magnitudine
1169 1402 1300 1451 operis
1329 1408 1368 1438 et
1382 1402 1556 1454 Julgore
1584 1406 1811 1440 carminum

246 1469 357 1507 solus
388 1470 594 1521 appellari
611 1470 737 1522 poe'ta
767 1471 935 1517 meruit,
966 1472 1010 1508 in
1041 1484 1118 1522 quo
1144 1470 1219 1508 hoc
1248 1471 1471 1507 maximum
1500 1478 1574 1517 est,
1604 1471 1716 1523 quod
1739 1484 1812 1508 ne-

248 1553 324 1591 que
352 1546 446 1578 ante
471 1539 593 1577 illum
603 1567 619 1586 ,
657 1553 775 1591 quem
803 1539 872 1576 ille
894 1540 1153 1585 imitaretur,
1171 1552 1298 1591 neque
1322 1546 1417 1590 post
1442 1539 1561 1576 illum
1576 1568 1591 1585 ‚
1623 1541 1695 1591 qui
1722 1553 1812 1577 elim

247 1609 401 1646 imitari
419 1615 584 1661 posset,
619 1609 806 1646 inventus
840 1615 910 1646 est.
971 1610 1194 1646 Homerum
1225 1621 1248 1645 a
1278 1609 1439 1646 Graecis
1471 1610 1708 1661 simpliciter
1743 1605 1812 1650 τὸν

247 1674 426 1730 ποιητήν
459 1678 662 1716 nominari
697 1678 878 1730 itemque
923 1675 1095 1715 scribere
1134 1675 1183 1714 de
1222 1678 1353 1728 po‘e'tis
1391 1678 1552 1729 proprie
1593 1677 1697 1727 dici,
1748 1690 1811 1715 res

250 1753 311 1785 est
334 1753 443 1785 nota.

362 1815 408 1867 2)
440 1815 557 1852 Dum
590 1820 620 1852 t.
656 1813 938 1851 declamas—⁶·
956 1812 1093 1866 relegi.
1155 1813 1352 1851 Cludius:
1384 1812 1606 1862 „wahrend
1635 1814 1678 1850 in
1708 1815 1813 1852 Rom

251 1882 308 1922 du
341 1883 529 1936 gldnzest
565 1883 624 1920 als
654 1881 836 1932 Redner,
875 1883 957 1920 Les
991 1882 1058 1919 ich
1087 1882 1174 1919 hier
1202 1884 1246 1919 in
1279 1884 1550 1920 Praeneste.“
1609 1882 1674 1921 Ad
1705 1881 1814 1920 hunc

253 1965 428 1990 errorem
456 1953 502 1991 V.
530 1952 580 1990 D.
621 1964 715 1988 cum
744 1951 866 2000 Dac.‚
904 1949 1077 1999 samad„
1121 1950 1346 2001 wieland„
1378 1953 1466 1989 aliis
1497 1950 1695 1990 adductus
1726 1965 1813 1989 esse

252 2019 413 2058 videtur
445 2020 644 2071 particula
681 2019 807 2065 dum,
853 2032 956 2071 quae
996 2019 1289 2070 significatione
1333 2019 1588 2070 „wahrend‚
1638 2019 1813 2057 indem“

253 2100 444 2139 praesens
473 2093 634 2138 tempus
663 2089 821 2125 asciscit
850 2089 973 2124 etiam
993 2095 1094 2135 tum,
1126 2101 1254 2139 quum
1273 2096 1434 2140 tempus
1450 2091 1535 2140 jam
1555 2091 1815 2141 praeteritum

254 2155 419 2205 indicat,
435 2155 612 2206 perfecto
637 2156 705 2192 vel
726 2154 990 2206 praecedente
1010 2157 1078 2193 vel
1101 2157 1393 2208 subsequente3
1426 2165 1471 2194 ut
1491 2157 1565 2195 Od.
1594 2159 1630 2204 1,
1647 2159 1716 2205 22,
1746 2157 1814 2196 10.

255 2224 296 2275 3,
325 2225 392 2273 11,
416 2223 484 2264 23.
511 2225 639 2275 Epist.
664 2224 702 2271 1,
726 2223 791 2271 19,
816 2224 880 2262 16.
907 2224 948 2271 2,
973 2224 1009 2271 1,
1028 2225 1068 2264 7.
1098 2226 1144 2261 A.
1165 2226 1210 2263 P.
1233 2223 1328 2265 465.
1357 2223 1458 2262 Vide
1475 2223 1622 2264 Heind.
1653 2224 1704 2262 ad
1730 2225 1815 2265 Sat.

258 2293 298 2342 1,
320 2291 359 2341 5,
385 2292 468 2341 72.,
499 2299 551 2341 et,
578 2292 648 2344 qui
669 2290 718 2328 de
738 2303 784 2328 ea
803 2304 845 2328 re
868 2289 1083 2342 diligenter
1100 2290 1298 2341 disseruit,
1329 2292 1536 2330 Handium
1556 2295 1599 2330 iu
1620 2293 1738 2333 Turs.
1762 2294 1816 2332 ΙΙ.

255 2374 298 2413 Ρ.
326 2361 422 2403 306.
457 2373 544 2412 sqq.
573 2360 634 2400 Cf.
661 2361 811 2411 Wagn.
836 2357 888 2396 ad
915 2361 1025 2411 Virg.
1053 2361 1124 2399 Ge.
1155 2358 1196 2409 4,
1233 2360 1329 2402 560,
1360 2360 1576 2398 declamas.
1638 2362 1705 2397 Ex
1734 2373 1814 2412 quo

255 2436 437 2481 tempore
458 2430 580 2466 etiam
606 2428 743 2466 Cicero
771 2424 969 2476 (rhetores
994 2429 1104 2464 enim
1128 2430 1266 2480 paullo
1290 2436 1382 2466 ante
1408 2428 1609 2467 Ciceronis
1631 2436 1816 2480 tempora

257 2500 461 2536 exstitisse
482 2504 618 2535 narrat
637 2503 775 2534 auctor
793 2496 897 2533 Dial.
924 2495 974 2533 de
1000 2497 1122 2537 Oratt.
1151 2510 1186 2538 c.
1209 2492 1300 2549 35.)
1321 2496 1467 2534 ludum
1483 2499 1598 2550 quasi
1617 2499 1815 2550 eloquen-

258 2567 339 2604 tiae
364 2573 573 2619 aperuerat
600 2562 750 2620 (Epist.
779 2563 832 2601 ad
860 2565 1004 2606 Famil,
1037 2567 1077 2614 7,
1103 2565 1172 2607 33,
1202 2566 1242 2614 9,
1274 2565 1338 2607 18.
1369 2567 1480 2604 Brut.
1506 2566 1575 2606 90.
1605 2568 1733 2604 Klotz.
1763 2566 1816 2604 acl

259 2634 383 2674 Tusc.
407 2635 446 2683 1,
466 2632 505 2682 4,
523 2635 563 2674 7.
593 2641 632 2672 et
650 2636 780 2673 Beier.
810 2632 862 2671 ad
880 2633 956 2675 Off.
975 2636 1016 2683 2,
1044 2630 1220 2687 13‚'47.)
1249 2631 1396 2670 harum
1429 2632 1590 2672 dicendi
1615 2636 1815 2673 exercita-

259 2704 440 2750 tionum,
476 2714 576 2754 quas
609 2702 750 2740 Graeci
785 2699 947 2756 μελέτας
982 2710 1149 2752 vocant,
1181 2700 1430 2740 consuetudo
1467 2704 1523 2740 ita
1547 2705 1739 2755 invaluit,
1770 2711 1816 2742 ut

260 2771 435 2809 Romani
460 2770 652 2820 juvenes,
683 2773 754 2823 qui
775 2772 828 2810 ad
858 2773 1152 2825 rempublicam
1181 2770 1370 2809 accedere
1395 2772 1606 2823 volebant,
1635 2772 1714 2812 hoc
1741 2772 1816 2811 de-

261 2840 550 2877 clamationum
573 2850 742 2889 genere,
772 2841 883 2893 quod
905 2855 969 2894 ap.
992 2843 1126 2888 Quint.
1149 2842 1191 2878 in
1209 2842 1306 2880 Inst.
1331 2841 1370 2889 2,
1395 2839 1461 2889 10,
1481 2841 1544 2882 12.
1562 2842 1816 2890 judiciorum

262 2909 397 2959 inmgo
417 2914 456 2944 et
476 2903 516 2952 4,
542 2907 583 2954 2,
601 2907 668 2947 29.
685 2907 916 2959 sorensium
935 2911 1140 2946 actionum
1156 2907 1360 2945 meditatio
1377 2910 1629 2960 nominatur,
1654 2912 1815 2948 muneri

263 2976 434 3014 oratorio
470 2973 752 3027 praeluderent
790 2978 970 3016 forenses
998 2978 1174 3016 actiones
1202 2975 1436 3017 meditando
1467 2978 1651 3033 fictisque
1684 2981 1815 3019 causis
