2028 3268
381 255 464 298 374
519 260 889 299 COMMENTARII
918 261 973 299 IN
1001 260 1184 300 HORAT
1185 261 1218 299 11
1245 259 1396 300 LIB.1.
1415 261 1576 302 EPIST.
1598 263 1743 303 SEPT.
1804 265 1886 308 102·

379 383 446 420 der
474 384 538 421 alt.
570 382 744 433 Geogr.“
779 396 817 432 p.
850 381 944 424 295.
981 405 1037 410 —
1073 395 1246 420 vacuum
1283 382 1418 421 flibur.
1479 386 1520 422 In
1556 387 1724 425 diversas
1755 391 1894 437 partes<

376 449 436 486 hic
463 451 661 487 discedunt
689 451 927 499 interpretes.
972 447 1044 485 Alii
1073 461 1146 486 non
1174 454 1331 500 propter
1356 450 1559 490 incolarum
1585 454 1887 504 infrequentiam,

377 516 445 554 sed
484 517 584 566 quod
622 515 671 552 ibi
708 527 731 551 a
768 515 881 553 rebus
919 515 1069 553 urbanis
1106 517 1260 554 remotis
1294 518 1332 554 in
1366 517 1466 555 bono
1494 519 1572 556 otio
1599 520 1670 558 sibi
1696 522 1820 559 vivere
1848 525 1896 559 et'

378 582 510 620 studiis
537 583 612 619 suis
641 595 785 619 vacare
812 582 979 633 licuerit,
1017 585 1055 621 in
1083 596 1194 634 quam
1221 596 1302 622 rem
1328 584 1481 624 laudant
1507 585 1629 636 Epist.
1659 589 1710 636 2,
1738 589 1788 636 2,
1818 589 1888 628 81.

377 662 528 686 vacuae
554 649 766 694 Athenae,
814 649 893 687 Sat.
923 652 971 699 2,
1009 650 1061 699 3,
1102 650 1169 690 10.
1201 664 1373 687 vacuum
1401 652 1529 702 tepido
1558 654 1717 703 cepisset
1742 653 1889 691 villula

378 722 492 760 tecto,
521 721 560 753 et
587 720 807 766 comparant
837 715 961 766 Epod.
991 716 1032 764 5,
1061 715 1128 756 43.
1183 716 1249 755 Uti
1274 718 1332 755 hic
1359 717 1551 769 Neapolis
1577 721 1725 758 dicatur
1748 720 1897 765 otiosa,

378 784 429 819 ita
456 782 527 819 hoc
554 782 638 819 loco
668 781 790 819 Tibur
818 782 1018 832 significari
1036 782 1213 820 otiosum.
1263 783 1315 822 At
1338 786 1508 837 dispares
1533 799 1624 825 sane
1654 786 1759 825 locos
1789 798 1891 824 com-

378 847 508 886 mistos
538 850 705 887 dixerim.
763 848 919 886 Adeone
945 848 1099 887 Poetam
1125 851 1398 890 inconstantem
1425 854 1565 904 fuisse,
1612 858 1655 892 ut
1681 852 1889 903 interjectis

377 914 505 964 paucis
541 916 709 953 versibus
749 916 914 953 tonsoris
951 915 1134 954 umbram
1172 917 1245 955 alia
1285 920 1472 957 sententia
1517 921 1651 958 dixerit
1691 917 1892 957 vacuam?

378 980 503 1020 Abeat
530 983 614 1020 talis
642 983 805 1021 absurda
833 984 1109 1034 interpretatio!
1148 983 1271 1021 Tibur
1299 999 1468 1023 vacuum
1491 992 1551 1024 est
1569 998 1590 1024 a
1610 986 1720 1024 turba
1738 987 1902 1024 vacuum¹

380 1053 419 1086 et
445 1050 533 1087 inde
562 1051 712 1100 quietis,
740 1051 1020 1100 tranquillitatis
1048 1051 1214 1101 plenum,
1243 1051 1292 1088 ad
1317 1051 1476 1091 Romam
1503 1054 1641 1092 incolis
1659 1054 1901 1103 frequentem>

382 1121 420 1153 et
450 1117 538 1154 inde
576 1122 808 1168 strepentem
845 1121 959 1167 atque
995 1118 1261 1156 tumultuosam
1299 1118 1470 1157 relatum.
1537 1119 1597 1159 De
1633 1120 1756 1158 Roma
1795 1118 1896 1157 conf.

380 1195 475 1232 quos
501 1183 654 1222 laudant
678 1184 820 1234 B6ttig.
843 1189 881 1222 et
907 1184 1115 1222 Mitscherl.
1145 1186 1194 1222 ad
1219 1186 1293 1223 Od.
1314 1186 1356 1234 3,
1383 1185 1451 1234 29,
1481 1188 1544 1228 12.
1572 1186 1753 1237 imprimis
1778 1186 1906 1224 Mart.

383 1250 449 1298 12,
478 1249 562 1299 57„
591 1250 725 1300 quibus
755 1252 852 1289 adde
877 1252 1037 1301 interpp.
1060 1252 1109 1288 ad
1136 1253 1217 1290 Sat.
1250 1253 1290 1301 1,
1319 1252 1360 1300 6,
1389 1251 1457 1291 79.
1488 1255 1529 1302 2,
1557 1254 1598 1302 6,
1628 1253 1695 1294 28.
1727 1253 1896 1290 Schmid.

382 1316 429 1352 ad
466 1315 588 1366 Epist.
628 1321 673 1367 1,
711 1320 787 1367 17,
826 1319 864 1358 6.
903 1320 943 1358 7.
983 1319 1032 1366 2,
1073 1321 1120 1366 2,
1162 1319 1214 1360 72
1241 1340 1296 1346 -—
1320 1318 1388 1358 80.
1444 1319 1605 1369 Rupert.
1648 1320 1696 1357 ad
1731 1319 1818 1357 Juv.
1854 1319 1898 1368 3,

384 1382 645 1426 239—259.
703 1384 762 1422 Ita
784 1398 936 1422 vacuae
962 1384 1139 1421 Acerrae
1167 1385 1270 1434 Virg.
1301 1385 1374 1422 Ge.
1405 1387 1452 1435 2,
1483 1386 1579 1428 225.
1606 1386 1750 1436 (ibique
1778 1386 1898 1424 Wun-

384 1450 512 1501 ἀει-1.),
541 1465 692 1491 vacuae
723 1451 871 1488 Cumae
903 1452 987 1490 Juv.
1010 1453 1051 1501 3,
1084 1454 1121 1493 2.
1151 1451 1258 1502 (ibiq.
1288 1451 1438 1503 Heinr.)
1467 1457 1511 1512 et
1533 1466 1685 1491 vacuae
1711 1452 1898 1509 Athenae

384 1516 409 1554 l.
435 1517 459 1554 l.
517 1519 578 1555 Sic
607 1518 813 1556 Wieland.:
851 1520 959 1568 „das
989 1519 1090 1556 leere
1117 1518 1296 1568 Tibur‚“
1332 1518 1461 1556 Pass.:
1503 1521 1581 1569 „d.
1609 1521 1774 1559 einsame
1801 1520 1900 1570 T.,“

384 1584 483 1621 Voss
512 1591 550 1623 et
578 1586 764 1623 scheller:
802 1587 910 1635 „das
937 1585 1068 1635 ruhige
1097 1585 1229 1623 Tibur.
1243 1585 1271 1609 ‘⁶
1328 1585 1562 1637 Campenon:
1598 1588 1644 1625 Je
1667 1587 1716 1625 lui
1745 1587 1895 1638 pre'fere

387 1651 443 1688 les
471 1652 603 1689 molles
630 1654 814 1690 douceurs
844 1653 891 1690 de
921 1652 1088 1690 Tarente
1117 1654 1155 1689 et
1182 1651 1219 1688 la
1248 1652 1409 1690 solitude
1434 1653 1482 1690 de
1508 1652 1640 1692 Tibur.
1653 1654 1683 1678 ‘⁶
1737 1653 1798 1692 De
1836 1654 1902 1690 Ti-

388 1717 499 1763 bure,
527 1731 602 1767 quo
631 1721 809 1757 secedere
837 1718 967 1755 solitus
995 1720 1044 1756 sit
1070 1717 1265 1766 Horatius,
1294 1718 1370 1755 vid.
1400 1718 1446 1756 C.
1475 1718 1632 1758 Passov.
1659 1718 1712 1758 N.
1743 1720 1838 1762 235.
1863 1724 1903 1758 et

389 1795 484 1833 quae
511 1784 675 1822 dicemus
702 1786 750 1822 ad
779 1786 830 1834 8,
876 1786 941 1825 12.
974 1806 1023 1812 —
1054 1783 1209 1820 imbelle
1245 1784 1483 1830 Tarentum,
1521 1786 1545 1822 i.
1577 1798 1612 1824 e.
1645 1810 1674 1835 ,,
1685 1785 1750 1824 ubi
1777 1786 1904 1824 omnia

388 1850 586 1899 tranquilla
610 1854 698 1888 sunt
724 1855 763 1888 et
786 1850 977 1901 placata.“
1032 1851 1096 1887 Sic
1123 1854 1226 1888 recte
1245 1850 1422 1888 Orellius.
1480 1851 1657 1891 Similiter
1677 1851 1795 1889 molle
1821 1853 1903 1890 Ta-

391 1924 545 1954 rentum
573 1918 653 1955 Sat.
682 1919 705 1958 2
719 1943 732 1966 ,
767 1916 817 1966 4,
852 1914 943 1967 34.‚
984 1917 1046 1954 ubi
1085 1917 1192 1968 plura
1219 1917 1331 1956 affert
1358 1919 1618 1967 Heindotfius
1646 1918 1747 1957 nulla
1774 1923 1904 1958 tamen

392 1985 506 2022 mirae
534 1985 851 2034 interpretationis
879 1996 902 2022 a
929 1983 1122 2022 Macrobio
1148 1984 1248 2035 (Sat.
1279 1987 1319 2034 2,
1350 1984 1415 2025 14.
1445 1999 1484 2036 p.
1509 1985 1606 2026 403.
1637 1986 1704 2036 Z.)
1732 1990 1907 2024 tentatae<
1975 1997 1978 2001 ’

391 2050 492 2087 facta
518 2050 719 2088 mentione.
778 2049 885 2088 Adde
919 2049 1098 2092 Prudent.
1123 2052 1206 2088 adv.
1234 2051 1376 2101 Symm.
1408 2055 1457 2102 2,
1493 2050 1588 2093 747.
1625 2065 1791 2090 amoena
1825 2054 1909 2090 Ta·-

396 2123 542 2156 rentus.
602 2117 715 2154 Conf.
745 2117 790 2154 C.
819 2116 927 2155 Pass.
952 2131 991 2169 p.
1011 2119 1075 2156 CI.
1132 2118 1293 2169 Rupert.
1323 2120 1371 2156 ad
1399 2118 1483 2155 Juv.
1515 2119 1558 2168 6,
1585 2119 1678 2163 297.
1734 2119 1906 2158 Broukh.

395 2184 444 2221 ad
465 2182 580 2234 Prop.
606 2181 647 2233 4,
677 2186 719 2234 6,
747 2185 815 2224 36.
846 2190 885 2223 et
911 2186 961 2222 ad
989 2185 1077 2227 Tib,
1106 2188 1156 2236 2,
1187 2188 1227 2236 2,
1255 2185 1295 2226 4.
1353 2185 1491 2223 Cellar.
1520 2186 1570 2223 ad
1600 2186 1681 2226 Cic.
1707 2186 1830 2237 Epist.
1858 2186 1908 2224 ad

396 2251 480 2290 Div.
510 2252 551 2299 7,
583 2253 648 2300 12,
682 2253 719 2290 1.
776 2250 913 2289 Baehr.
942 2251 992 2289 ad
1020 2251 1206 2291 Plutarch.
1234 2251 1366 2303 Pyrrh.
1391 2252 1455 2293 16.
1479 2264 1520 2302 p.
1549 2252 1641 2293 189.
1673 2257 1713 2292 et
1737 2265 1836 2303 quos
1858 2254 1909 2290 de

397 2315 554 2354 Tarenti
582 2320 621 2353 et
649 2317 841 2355 fertilitate
870 2323 908 2356 et
935 2321 1161 2358 amoenitate
1187 2320 1343 2357 laudant
1369 2318 1524 2369 Forbig.
1554 2320 1602 2356 ad
1629 2318 1731 2370 Virg.
1763 2320 1836 2358 Ge.
1867 2321 1909 2368 2,-

401 2383 493 2424 197.
525 2382 566 2432 4,
598 2383 691 2424 126.
719 2389 759 2422 et
785 2384 952 2424 Liibker.
983 2387 1032 2424 ad
1055 2387 1149 2425 Hor.
1176 2386 1252 2424 Od.
1280 2389 1321 2436 2,
1350 2387 1392 2436 6,
1420 2385 1460 2424 9.
1483 2386 1663 2437 imprimis
1687 2385 1800 2424 Rud.
1823 2385 1908 2423 Lo-
1944 2396 1948 2399 ·

398 2451 590 2487 rentzium
618 2451 666 2488 de
692 2452 840 2491 civitate
867 2457 1036 2491 veterum
1063 2453 1099 2490 Γ
1101 2454 1366 2491 arentmorum
1423 2450 1532 2502 Lips.
1560 2452 1682 2492 1833.
1906 2481 1909 2484 -

511 2517 555 2554 V.
574 2515 642 2557 46.
663 2531 748 2568 sqq.
811 2519 1002 2557 Strenuus
1020 2519 1202 2570 etjbrtis.
1256 2519 1310 2557 Ut
1327 2529 1363 2555 v.
1383 2515 1452 2558 40.
1471 2520 1519 2556 de
1538 2518 1648 2556 donis
1666 2518 1910 2557 incommodis

400 2596 476 2620 non
495 2583 729 2635 affectandis,
749 2586 802 2623 ita
819 2585 891 2624 hoc
910 2586 993 2625 loco
1013 2587 1061 2624 de
1080 2587 1134 2624 sic
1146 2585 1355 2636 impetratis
1374 2585 1576 2623 reddendis
1597 2589 1636 2623 et
1649 2597 1695 2623 ea
1707 2589 1832 2623 mente
1853 2585 1910 2622 di·-

402 2654 543 2699 sputat,
563 2655 604 2688 ut
621 2654 800 2690 mutatam
818 2657 959 2691 sortem
973 2665 1095 2704 aequo
1114 2665 1156 2690 se
1173 2652 1296 2688 animo
1314 2651 1474 2690 laturum
1491 2664 1576 2690 esse
1590 2651 1723 2690 Volteii
1741 2651 1910 2702 exemplo

404 2715 611 2765 significet3
643 2719 742 2767 quod
771 2720 835 2768 qui
862 2720 900 2757 in
928 2721 1000 2758 hoc
1018 2719 1284 2758 sententiarum
1303 2718 1434 2756 ordine
1451 2731 1528 2757 non
1547 2720 1815 2767 observarunt,
1844 2728 1911 2755 eos

404 2782 610 2832 praeteriit,
631 2796 760 2823 vocem
780 2785 906 2824 laetus
926 2799 962 2825 v.
980 2786 1048 2827 39.
1067 2786 1115 2823 ad
1134 2784 1228 2822 hanc
1247 2796 1397 2835 quoque
1415 2786 1726 2824 narratiunculam
1744 2786 1911 2823 referen-

407 2849 492 2886 dam
521 2860 617 2886 esse.
677 2850 787 2889 Conf.
808 2853 927 2891 Orell.
947 2855 996 2892 ad
1015 2852 1051 2890 h.
1071 2853 1096 2890 l.
1154 2850 1218 2889 Fr.
1237 2850 1388 2888 Jacobs.
1416 2865 1455 2902 p.
1478 2853 1570 2892 118.
1593 2850 1702 2901 148.,
1728 2851 1790 2902 qui
1809 2855 1908 2888 recte

409 2914 671 2964 Doeringium
697 2929 775 2955 rem
794 2931 862 2957 acu
880 2933 955 2958 non
982 2924 1198 2971 tangentem
1214 2917 1412 2968 vituperat.
1470 2917 1712 2956 Confundunt
1730 2930 1774 2956 ex
1795 2916 1909 2955 veris-
