2028 3268
181 253 234 295 59
293 252 669 292 COMMENTARII
698 255 754 291 IN
772 251 993 290 HORATII
1022 250 1195 289 EPIST.
1216 248 1438 287 SECUND.
1467 248 1567 285 LIB.
1592 249 1623 285 Ι.
1655 243 1737 286 165

180 380 254 404 eur
273 379 370 404 nam
390 372 430 403 et
449 366 519 415 ita,
551 372 596 405 ut
614 379 711 403 nam
734 365 787 404 ad
809 365 1017 418 superiora
1041 370 1269 417 respectum
1286 360 1436 400 habere
1461 367 1597 412 neget,
1627 359 1740 398 haud

180 436 262 474 scio
293 448 346 473 an
372 440 542 487 uterque
576 435 779 473 erraverit.
835 435 999 472 Etenim
1040 433 1262 486 particulae
1292 443 1390 469 nam
1429 436 1469 467 et
1506 430 1640 476 enim,
1678 431 1739 467 uti

180 504 424 542 Graecorum
459 500 537 558 γοέρ
567 516 686 554 saepe
716 503 942 540 inserviunt
976 502 1208 541 transitioni
1240 497 1620 551 connectendaeque
1647 511 1740 536 ora-—

179 573 292 622 tioni,
323 578 568 625 quapropter
601 583 835 624 quanquam
862 585 1010 620 rerum,
1044 585 1148 624 quae
1183 567 1438 617 antecedunt,
1467 579 1551 604 non
1581 578 1741 619 semper

180 639 336 679 addunt
361 642 572 688 rationem,
602 641 855 692 superiorum
877 647 1016 678 tamen
1040 646 1226 692 respectu
1257 637 1435 688 intelligi
1458 634 1557 688 quid
1582 635 1740 686 jubent,

179 716 226 748 ut
257 708 299 748 h.
332 710 377 760 1.,
402 711 532 762 Epist.
565 709 602 758 1,
638 708 709 750 75.
734 714 774 745 et
803 706 878 746 Od.
897 709 938 758 3,
963 709 1029 758 11,
1048 709 1118 750 30.
1147 707 1219 746 ubi
1245 714 1352 745 recte
1370 707 1653 757 interpretatus
1680 711 1741 744 est

181 778 367 817 Orellius.
424 777 517 818 Vid.
549 775 682 814 Hand.
710 775 763 814 ad
787 775 890 814 Stat.
926 777 1029 815 silv.
1053 777 1091 826 1,
1122 778 1163 826 2,
1199 777 1295 816 172.
1321 775 1436 814 Voss.
1466 773 1518 811 ad
1534 775 1644 825 Virg.
1666 775 1739 811 Ge.

181 847 222 895 2,
247 849 346 888 212.
376 844 543 886 Ruhnk.
580 843 632 882 ad
652 846 748 883 Ter.
775 842 903 881 Andr.
926 845 962 894 1,
991 846 1029 895 1,
1056 843 1126 886 24.
1149 842 1288 883 Barth.
1319 841 1371 880 ad
1397 844 1519 894 Prop.
1547 844 1587 892 2,
1607 843 1676 891 32,
1698 843 1739 890 3,

181 913 307 952 Bach.
337 914 389 952 ad
417 914 533 954 Ovid.
557 915 655 951 Met.
686 914 726 962 8,
760 914 860 955 530.
892 915 933 964 9,
966 915 1035 955 23.
1067 912 1215 953 Ochsn.
1242 912 1295 950 ad
1313 911 1395 949 cic.
1415 912 1558 962 Eclog.
1576 925 1618 963 p.
1647 911 1741 952 189.

183 983 245 1020 Cf.
274 983 406 1022 Hand.
436 985 558 1022 Turs-
588 985 639 1020 ΙΙ.
667 996 710 1034 p.
740 982 838 1023 383.
896 983 958 1020 De
985 983 1231 1021 Graecorum
1265 979 1556 1019 consuetudine
1586 986 1743 1032 praeter

183 1052 284 1090 alios
303 1051 492 1090 dixerunt
517 1052 658 1092 Jacob.
690 1050 742 1088 ad
759 1052 927 1089 Lucian.
952 1051 1176 1089 Alexandr.
1194 1051 1264 1092 20.
1293 1046 1489 1088 Fritzsch.
1514 1048 1566 1086 ad
1584 1051 1741 1100 Evang.

183 1118 328 1158 Matth.
361 1122 428 1170 17,
458 1121 528 1162 23.
559 1128 598 1158 et
628 1120 772 1159 Stallb.
808 1119 860 1158 ad
890 1121 996 1158 Plat.
1022 1121 1146 1158 Diall.
1173 1122 1205 1157 Ι.
1232 1121 1270 1160 1.
1298 1132 1340 1170 p.
1363 1118 1432 1159 93.
1453 1119 1487 1155 I.
1509 1117 1552 1158 3.
1571 1131 1612 1169 p.
1645 1115 1742 1157 140.

183 1189 299 1228 Ratio
319 1190 400 1228 loci
422 1191 543 1241 igitur
565 1188 666 1227 haec
688 1190 783 1226 erit:
814 1188 967 1236 Quodsi
986 1201 1128 1227 verum
1147 1194 1220 1237 est,
1245 1187 1331 1238 jam
1351 1188 1483 1238 primo
1506 1199 1626 1223 mane
1651 1186 1742 1222 ani-

183 1268 310 1305 mum,
343 1270 394 1294 ne
424 1259 531 1295 male
562 1271 684 1296 sanus
713 1257 878 1307 evadat,
919 1259 962 1295 in
994 1258 1112 1295 rebus
1137 1255 1316 1295 honestis
1342 1254 1615 1292 exercendum
1642 1268 1742 1303 esse,

186 1324 286 1377 quid
318 1332 396 1375 est,
428 1325 539 1378 quod
564 1328 721 1373 animo,
752 1326 786 1362 si
819 1333 1020 1378 aegrotat,
1048 1339 1131 1365 non
1161 1339 1283 1378 quam
1315 1325 1493 1376 primum
1521 1336 1744 1372 succurras,

186 1394 336 1446 quippe
360 1396 430 1446 qui
458 1397 586 1433 oculis
615 1394 799 1433 nocitura
825 1407 1033 1434 removeas
1060 1392 1201 1432 illico?
1245 1393 1455 1445 Agedum,
1486 1392 1743 1444 amplectere,

186 1461 285 1500 dum
315 1464 433 1512 licet,
464 1464 728 1515 sapientiam,
759 1464 942 1501 omnium
978 1464 1168 1501 vitiorum
1194 1461 1531 1510 emendatricem,
1562 1462 1680 1513 quia,
1709 1461 1744 1498 si

187 1537 395 1569 cunctatus
415 1532 552 1581 fueris,
575 1539 680 1569 recte
700 1531 864 1569 vivendi
878 1531 1216 1584 impedimentum
1227 1531 1302 1569 tibi
1321 1544 1481 1583 semper
1497 1531 1744 1581 exspectatio

185 1600 273 1647 erit,
303 1611 406 1651 quae
431 1599 581 1651 pendet
613 1614 637 1638 a
666 1601 843 1638 futuro.“
902 1601 1032 1638 Aliter
1058 1598 1299 1648 Hocheder.,
1329 1601 1400 1652 qui
1423 1600 1664 1651 particulam
1693 1597 1746 1636 ad

183 1667 318 1706 solum
359 1668 570 1719 torquendi
610 1669 780 1707 verbum
828 1669 1004 1706 referens
1045 1669 1336 1706 sententiarum
1381 1668 1565 1707 ordinem
1607 1669 1747 1706 statuit

184 1733 364 1774 huncce:
394 1738 475 1785 „Et
501 1738 646 1776 merito
679 1737 880 1785 cruciaris,
912 1738 1007 1789 quia
1027 1739 1202 1788 corporis
1226 1738 1423 1788 majorem
1443 1749 1582 1775 curam
1606 1735 1746 1785 habes,

185 1816 308 1857 quam
343 1805 510 1844 animi.“
577 1805 795 1857 Eleganter
834 1807 956 1843 vertit
981 1807 1172 1845 Vossius:
1212 1807 1339 1856 „Wie
1367 1804 1502 1844 doch?
1536 1819 1620 1844 was
1651 1805 1747 1843 dein

183 1873 300 1925 Auge
326 1874 507 1923 verletzt,
538 1873 638 1913 das“
675 1881 752 1912 etc.
810 1875 941 1912 Aliter
968 1873 1166 1914 Giinther.
1223 1875 1375 1914 Morbis
1401 1876 1578 1927 corporis
1611 1873 1746 1912 medi—

186 1942 320 1979 cinam
351 1944 502 1995 quaeri,
533 1956 652 1995 aegro
685 1944 820 1981 animo
843 1956 926 1981 non
955 1945 1069 1994 item,
1103 1943 1199 1982 dicit
1228 1946 1354 1983 Poeta
1375 1945 1505 1996 Epist.
1526 1946 1567 1993 2,
1590 1942 1747 1993 2148.

191 2011 228 2059 1,
248 2011 288 2059 6,
305 2012 359 2051 28
381 2023 442 2063 sq.
500 2013 604 2049 Hinc
624 2012 728 2049 bene
750 2013 911 2050 Persius
930 2013 971 2062 3,
993 2013 1052 2054 63
1073 2026 1134 2066 sq.
1153 2014 1369 2065 praecipit:
1406 2013 1452 2052 V
1444 2013 1592 2049 enienta'
1607 2025 1748 2049 occar-

187 2078 261 2114 rite
280 2076 414 2115 morbo
434 2085 510 2116 etc.
532 2086 572 2116 et
587 2079 703 2119 Ovid.
723 2081 839 2118 Rem.
858 2082 951 2118 Am.
971 2082 1070 2120 229.
1135 2083 1189 2118 Ut
1207 2095 1352 2133 corpas
1372 2081 1565 2124 redimas,
1582 2079 1748 2130 ferrum

185 2147 352 2198 patieris
381 2154 418 2184 et
443 2149 550 2199 ignis
559 2163 577 2195 ,·
619 2147 757 2185 Arida
794 2162 865 2186 nec
891 2150 1028 2186 sitiens
1058 2162 1130 2186 ora
1156 2149 1309 2188 levabis
1339 2163 1477 2201 aqaa;
1527 2148 1580 2185 Ut
1608 2147 1748 2185 valeas

187 2216 342 2262 animo,
372 2217 591 2268 quiequam
618 2216 784 2253 tolerare
811 2216 1008 2268 negabis?
1035 2216 1101 2253 At
1124 2219 1305 2268 pretinm
1331 2231 1431 2269 pars
1457 2217 1557 2254 haec
1587 2229 1748 2266 corpore

189 2286 322 2333 majus
340 2283 472 2322 habet.
501 2283 643 2322 Senec.
665 2285 745 2335 Ep.
767 2282 836 2324 53.
879 2284 928 2322 Si
947 2298 1067 2337 aeger
1084 2299 1184 2323 esses
1202 2309 1259 2314 —
1276 2293 1354 2323 toto
1375 2286 1511 2323 animo
1530 2284 1576 2322 id
1591 2298 1747 2336 ageres,

185 2359 236 2392 ut
250 2367 374 2404 quam
386 2354 570 2404 primum
594 2351 729 2390 morbo
748 2350 987 2390 liberareris.
1056 2353 1169 2404 Quid
1185 2354 1307 2406 ergo?
1336 2353 1435 2392 Non
1456 2361 1492 2390 et
1512 2367 1622 2390 nanc
1643 2353 1750 2391 idem

180 2421 347 2472 facies?
376 2422 439 2459 cf.
460 2419 560 2458 ibid.
581 2421 649 2463 50.
678 2423 862 2459 Lactant.
893 2422 991 2458 Inst.
1015 2421 1055 2470 6,
1074 2419 1144 2471 24,
1171 2423 1242 2463 23.
1298 2420 1543 2472 Appetenda
1572 2429 1628 2459 est
1651 2422 1750 2460 haee

187 2487 376 2526 ,omnibns
394 2488 609 2527 medicina.
678 2490 880 2540 Quoniam
907 2491 1054 2539 majori
1063 2490 1245 2541 periculo
1272 2497 1442 2528 vexatur
1462 2492 1604 2528 anima
1625 2505 1749 2544 quam

193 2569 352 2606 eorpus,
381 2563 419 2593 et
437 2570 560 2608 quam
577 2558 760 2608 primum
780 2557 995 2596 latentibus
1014 2557 1162 2596 morbis
1179 2557 1413 2596 adhibenda
1437 2561 1591 2597 curatio
1609 2566 1679 2597 est.
1694 2581 1746 2587 —

195 2623 363 2661 laedant
379 2625 554 2663 oculum.
616 2627 844 2666 Wetzelius
875 2627 1010 2665 minus
1032 2634 1138 2664 recte
1160 2627 1204 2663 in
1222 2628 1471 2678 Argumento
1494 2626 1580 2680 huj.
1604 2630 1681 2681 Ep.
1700 2641 1749 2666 ea

193 2688 395 2742 intelligit,
426 2704 530 2745 quae
549 2694 741 2745 adspectu,
759 2697 897 2747 turpia
911 2695 1006 2733 sint.
1035 2696 1089 2733 At
1102 2693 1170 2733 hic
1191 2695 1323 2747 agitur
1345 2694 1395 2733 de
1412 2697 1563 2736 morbis
1585 2710 1747 2737 eorum-

194 2771 273 2813 que
295 2761 440 2798 causis.

305 2829 354 2867 V.
377 2828 446 2869 38.
476 2829 554 2867 Est
578 2834 772 2871 animum.
830 2835 879 2871 In
902 2831 979 2870 hac
999 2831 1263 2872 similitudine
1285 2835 1463 2873 omnium
1480 2835 1565 2873 fere
1591 2835 1749 2886 lingua-

196 2909 287 2936 rum
314 2899 521 2934 communi
538 2905 658 2951 atque
683 2914 705 2938 a
734 2901 865 2950 rebus,
898 2914 1000 2954 quae
1030 2902 1158 2940 instar
1183 2904 1341 2955 aquilae
1366 2904 1476 2942 illius
1504 2902 1653 2956 (Epod.
1683 2905 1747 2952 17,

197 2963 285 3015 67.)
314 2966 379 3003 vel
399 2967 531 3003 cancri
550 2967 665 3006 Ovid.
690 2969 786 3012 Met.
806 2972 845 3019 2,
879 2969 976 3011 825.
1011 2970 1115 3008 Cels.
1140 2969 1178 3019 ὃ,
1201 2971 1285 3022 31.,
1306 2978 1352 3010 ut
1377 2973 1567 3025 opinatur
1584 2970 1748 3011 Schmi-
