2054 3268
406 242 461 284 30
549 247 914 286 COMMENTARII
942 249 997 286 IN
1025 248 1240 287 HORATn
1267 249 1436 287 EPIST.
1464 250 1604 288 PRIM.
1631 251 1729 289 LIB.
1757 254 1789 290 Ι.

407 362 581 394 veterem
609 357 738 396 laudis
767 358 841 396 diis
861 357 1087 411 deabusque
1115 360 1283 396 tributae
1302 359 1517 397 formulam
1542 374 1594 398 ex
1615 375 1724 400 more
1753 362 1920 400 aliorum

406 426 613 472 poetarum
632 426 673 461 in
693 439 811 462 suum
830 426 1030 463 transtulit
1047 427 1336 475 Maecenatem,
1363 433 1407 463 ut
1427 425 1628 465 Theocrit.
1644 427 1703 465 Id.
1725 429 1776 468 17
1789 457 1800 477 ,
1819 429 1859 469 3.
1879 427 1919 469 4.

402 484 578 543 Ἀνδρῶν
609 488 644 532 δ’
674 485 728 531 αὖ
755 494 998 542 Πτολεμαῖος
1023 491 1083 533 ἐνὶ
1109 489 1302 545 πρώτοισι
1329 492 1502 546 λεγέσθω
1538 493 1604 534 καὶ
1645 491 1824 545 κύματος
1854 493 1920 534 καὶ

405 555 568 607 μέσσος,
600 558 668 594 ubi
683 557 846 595 videndi
865 565 958 596 sunt
981 557 1177 596 Wiistem.
1210 566 1248 596 et
1265 559 1333 596 Fr.
1360 558 1516 598 Jacobs.
1573 561 1632 598 Cf.
1653 561 1793 599 Lamb.
1811 559 1919 599 adh.

404 622 456 669 L,
491 625 600 662 Voss.
622 623 671 660 ad
689 626 795 675 Virg.
818 624 876 662 Id.
901 625 949 675 8,
968 625 1019 664 11
1036 654 1046 672 ,
1074 624 1195 663 Bach.
1218 625 1268 663 ad
1289 625 1400 664 ovid.
1416 627 1510 662 Met.
1532 627 1604 675 10,
1625 626 1726 678 157,
1755 628 1846 677 Maj.
1869 626 1919 663 ad

405 689 486 725 Cic.
517 687 564 725 de
597 691 694 741 Rep.
720 693 772 741 2,
795 692 854 732 36
892 698 931 729 et
959 691 1166 730 Heindorf.
1203 706 1266 743 ap.
1295 692 1435 730 Stallb.
1467 691 1520 729 ad
1553 694 1707 732 Platon.
1742 693 1919 746 Euthyd-

402 768 443 806 p.
466 755 558 795 186.

513 823 560 859 V.
581 822 705 862 2—3.
766 823 993 873 Spectatum
1020 826 1117 861 satis
1145 847 1199 852 —
1222 824 1328 863 ludo.
1387 825 1487 862 cum
1513 823 1728 875 gladIatore
1747 823 1917 864 rudiario

402 888 497 924 scite
526 901 567 925 se
599 897 800 940 comparat
823 891 945 928 Poeta
975 903 1101 942 eoque
1134 892 1269 928 scitius
1310 890 1454 942 (Epist.
1490 892 1567 941 19,
1597 890 1778 932 35-41.
1807 893 1856 941 2,
1877 893 1916 940 2,

405 953 525 1005 103),
554 954 661 1006 quod
694 955 929 1006 gladiatores
964 970 1081 1008 saepe
1118 957 1309 994 mobilem
1336 959 1546 1004 Quiritium
1568 958 1725 994 turbam
1757 958 1918 1009 plausus

401 1020 521 1059 modo
551 1021 666 1071 huic,
689 1022 809 1060 modo
829 1024 888 1060 illi
909 1023 1020 1062 datos
1039 1025 1364 1075 experiebantur3
1403 1031 1576 1061 attamen
1595 1025 1720 1063 nolim
1743 1037 1834 1062 cum
1852 1026 1918 1061 in-

400 1090 635 1138 terpretibus
663 1096 882 1139 spectatum
902 1091 1150 1142 interpretari
1162 1089 1401 1140 probatum,
1423 1092 1520 1128 satis
1539 1098 1788 1141 perspectum
1802 1119 1813 1139 ,
1845 1092 1918 1132 δο-

401 1155 666 1204 κιμασθέντα,
709 1155 779 1192 sed
801 1157 870 1207 qui
899 1170 1016 1207 saepe
1039 1157 1186 1208 populo
1209 1170 1250 1194 se
1280 1157 1624 1207 conspiciendum,
1658 1157 1918 1209 spectandum

400 1220 581 1270 praebuit
599 1235 680 1259 non
699 1223 783 1259 sine
813 1223 945 1274 aliqua
975 1224 1188 1274 voluptatis
1211 1224 1289 1271 vel,
1309 1225 1343 1261 si
1361 1225 1487 1261 mavis
1499 1253 1510 1272 ,
1530 1226 1719 1262 satietatis
1741 1226 1915 1274 notione,

400 1293 445 1323 ut
463 1287 556 1324 Juv.
579 1285 606 1327 4
618 1316 628 1335 ,
657 1287 724 1328 64.
781 1289 883 1335 Quid
898 1318 909 1338 ‚
932 1289 1038 1341 quod
1054 1290 1223 1339 spectari
1235 1296 1293 1326 est
1310 1291 1515 1340 proprimn
1527 1289 1644 1339 hujus
1665 1292 1722 1328 rei
1739 1291 1915 1339 verbum,

400 1352 480 1389 vid.
517 1353 639 1390 Orell.
667 1355 794 1393 Inscr.
819 1370 879 1394 nr.
909 1353 1185 1396 2564-—2566
1215 1362 1255 1392 et
1270 1356 1358 1394 Vol.
1381 1357 1432 1393 ΙΙ.
1451 1369 1492 1407 p.
1509 1357 1626 1405 377„
1657 1357 1707 1394 cf.
1728 1357 1914 1395 Doederl.

406 1420 555 1470 Synon.
577 1422 643 1460 IV.
676 1423 823 1472 p.312.
857 1429 896 1459 et
915 1421 1067 1460 Riedel.
1103 1421 1154 1459 ad
1168 1424 1294 1474 Epist.
1314 1424 1342 1462 2
1358 1451 1368 1471 ,
1399 1423 1444 1471 1,
1467 1423 1562 1463 230.
1583 1436 1623 1474 p.
1642 1423 1739 1464 367.
1793 1425 1917 1461 Prae-

398 1493 506 1524 terea
530 1495 669 1525 notatu
692 1487 835 1538 diguus
865 1495 924 1526 est
950 1491 1096 1527 Poetae
1117 1502 1226 1538 mos,
1263 1502 1340 1541 quo
1366 1490 1698 1540 comparationem
1718 1503 1811 1527 cum
1829 1492 1916 1542 ipsa

399 1556 595 1591 sententia
622 1556 724 1593 mira
749 1562 831 1592 arte
857 1557 1086 1593 commiscet
1111 1563 1230 1608 atque
1260 1557 1460 1604 contexit,
1487 1561 1531 1591 ut
1557 1557 1593 1603 1,
1611 1556 1651 1604 2,
1675 1557 1743 1596 26.
1759 1556 1826 1596 28.
1846 1555 1915 1597 42.

399 1621 440 1667 3,
465 1621 529 1660 19.
562 1622 601 1668 7,
622 1622 690 1662 35.
729 1622 792 1670 10,
813 1621 880 1663 42.
914 1623 978 1671 15,
998 1621 1065 1663 24.
1096 1624 1161 1671 16,
1185 1623 1239 1663 21
1263 1635 1349 1674 sqq.
1371 1623 1412 1669 2,
1440 1623 1479 1669 2,
1503 1622 1541 1661 8.
1561 1622 1628 1661 28.
1654 1623 1722 1663 97.
1745 1622 1811 1663 98.
1842 1622 1915 1661 Od.

399 1684 447 1734 4,
467 1685 514 1735 4,
544 1688 724 1728 50—60.
755 1689 810 1725 ibi
833 1687 990 1726 Mitsch.
1046 1691 1190 1728 Veram
1211 1687 1328 1739 hujus
1356 1689 1411 1725 rei
1437 1690 1630 1725 rationem
1653 1702 1916 1740 exsequemur

400 1753 451 1790 ad
478 1756 604 1805 Epist.
638 1755 674 1794 1.
702 1755 776 1803 10,
806 1755 844 1795 5.
869 1777 925 1783 -
951 1756 1049 1793 rude
1075 1756 1290 1800 donatum,
1319 1756 1499 1792 similiter
1530 1757 1621 1793 Juv.
1641 1757 1688 1803 7,
1713 1756 1806 1795 171.
1833 1756 1916 1806 ipse

397 1819 475 1856 sibi
496 1819 607 1857 dabit
622 1821 773 1858 rudem.
834 1823 1003 1860 Martial.
1025 1822 1073 1870 3,
1104 1823 1171 1862 36.
1195 1823 1287 1858 Hoc
1314 1823 1464 1868 merui,
1493 1821 1670 1859 Fabiane
1682 1849 1697 1866 ,
1728 1828 1821 1872 toga
1842 1824 1915 1858 tri—-

399 1893 517 1938 taque
539 1901 720 1938 meaque,
761 1889 815 1924 Ut
841 1889 1016 1925 nondum
1034 1889 1170 1926 credas
1197 1902 1258 1925 me
1287 1890 1469 1925 meruisse
1491 1887 1657 1925 rudem?
1713 1887 1794 1925 Cic.
1815 1886 1914 1924 Phi-

398 1954 497 2004 lipp.
521 1955 569 2002 2,
590 1955 662 2002 29,
683 1952 749 1994 74.
777 1954 843 1990 Ne
864 1962 947 1992 tum
968 1956 1124 2007 quidem
1143 1955 1342 2006 sequeris?
1379 1962 1461 1992 tam
1487 1954 1609 1992 bonus
1626 1954 1830 2005 gladiator
1843 1969 1915 1991 ru-

398 2020 487 2057 clem
514 2028 597 2057 tam
625 2023 699 2057 cito
735 2022 953 2071 accepisti?
1007 2024 1067 2059 De
1100 2021 1175 2060 hac
1204 2020 1460 2072 gladiatoriae
1500 2022 1592 2058 artis
1620 2022 1808 2058 missione
1831 2021 1914 2060 vid.

398 2087 564 2124 Ruhnk.
587 2087 732 2138 Antiq.
763 2089 938 2126 Roman.
969 2091 1055 2127 XX.
1085 2089 1147 2126 ed.
1171 2088 1377 2125 Eichstad.
1411 2101 1449 2138 p.
1475 2089 1515 2126 7.
1544 2101 1635 2125 cum
1662 2090 1914 2126 annotatione

398 2153 570 2191 Editoris
592 2154 680 2202 57.,
715 2155 830 2205 Lips.
861 2156 1023 2193 Satura.
1050 2157 1096 2205 1,
1126 2155 1200 2203 15,
1229 2156 1278 2203 2,
1303 2154 1371 2194 23.
1401 2161 1440 2191 et
1465 2154 1603 2192 Θείαν.
1623 2155 1799 2191 Ferrarii
1813 2155 1914 2191 Dis·-

399 2227 546 2257 sertatt.
595 2220 699 2257 duae
738 2245 795 2250 —
845 2222 893 2259 de
937 2221 1134 2259 Gladiatt:
1187 2221 1247 2258 ed.
1286 2221 1325 2260 J.
1368 2220 1529 2259 Fabric.
1574 2219 1746 2257 Helmst.
1792 2221 1913 2260 1720.

399 2300 439 2337 p.
460 2287 527 2327 50.
585 2289 766 2325 Missioni
784 2290 850 2326 isti
880 2290 1057 2340 apposite
1080 2290 1293 2339 opponitur
1319 2301 1358 2326 v.
1376 2289 1415 2328 3.
1440 2289 1602 2338 antiquo
1630 2285 1826 2323 includere
1847 2287 1913 2324 lu-

399 2354 448 2389 do
459 2381 475 2399 ,
493 2356 574 2391 sive
599 2362 751 2405 spectes
773 2355 915 2393 ludum
943 2357 1096 2406 ipsum,
1126 2357 1169 2392 in
1199 2355 1308 2404 cujus
1326 2355 1491 2391 minutis
1510 2353 1619 2390 cellis
1637 2353 1781 2391 inclusi
1798 2359 1914 2390 tene-

399 2420 544 2456 bantur
562 2422 798 2471 gladiatores
819 2423 1020 2473 (Quinctil.
1042 2423 1220 2459 Declam.
1253 2434 1294 2472 p.
1310 2419 1402 2460 135.
1420 2418 1616 2457 Morabar
1633 2410 1913 2456 inter-sacrile-

398 2499 497 2536 gos,
524 2488 811 2535 incendiarios,
836 2496 872 2525 et
911 2502 1011 2540 quae
1035 2487 1327 2538 gladiatoribus
1351 2499 1433 2523 una
1466 2485 1556 2522 laus
1585 2493 1640 2522 est
1649 2513 1666 2531 ‚
1697 2485 1914 2523 homicidas

400 2552 572 2590 inclusos
607 2556 776 2604 turpiore
804 2556 982 2593 custodia
1011 2561 1047 2591 et
1073 2554 1228 2591 sordido
1257 2553 1446 2591 cellarum
1473 2553 1564 2590 situ.
1643 2552 1703 2590 cf.
1735 2553 1913 2591 Turneb.

399 2618 502 2666 Adv.
527 2621 602 2668 26,
631 2621 742 2673 25.)‚
785 2624 868 2660 sive
911 2619 1270 2674 amphitheatrum,
1309 2621 1352 2657 in
1386 2632 1464 2671 quo
1494 2620 1554 2656 illi
1583 2618 1912 2670 producebantur.

400 2687 575 2723 Areuam
608 2689 715 2724 enim
739 2701 876 2727 murus
893 2718 904 2738 ,
945 2702 1023 2741 quo
1047 2687 1213 2739 podium
1240 2687 1523 2734 sustinebatur,
1560 2684 1767 2723 claudebat
1794 2691 1912 2737 atque

401 2753 612 2789 ambiebat.
666 2754 854 2793 Prudent.
878 2754 1098 2807 Peristeph.
1122 2755 1160 2803 6,
1183 2755 1249 2794 62.
1268 2754 1427 2791 Intrant
1444 2754 1588 2789 interea
1604 2752 1734 2789 locum
1742 2752 1913 2789 rotunda

407 2818 645 2856 Conclusam
665 2833 798 2857 cavea.
866 2822 927 2860 Cf.
954 2823 1112 2860 Sachsii
1130 2849 1166 2868 ,‚
1174 2819 1315 2858 Ges-ch.
1338 2833 1379 2857 ιι.
1402 2818 1700 2870 Besclireibung
1716 2819 1785 2862 cler
1805 2819 1912 2856 alten

406 2885 524 2923 Stadt
539 2885 659 2923 Rom.
686 2888 734 2924 Π.
750 2899 791 2939 p.
817 2888 908 2928 197.
965 2890 1067 2928 Huic
1085 2886 1336 2928 similitudini
1365 2898 1481 2939 porro
1505 2886 1690 2936 inservit,
1708 2884 1816 2939 quod
1839 2900 1911 2924 ru-
