2028 3268
347 253 427 294 258
470 252 843 294 COMMENTARII
862 253 919 292 IN
941 250 1166 292 HORATII
1195 251 1292 290 LIB.
1313 252 1343 291 Ι.
1376 251 1538 293 EPIST.
1559 251 1740 299 QUINT.
1798 252 1852 292 68

349 377 587 422 Landinns,
617 389 726 425 quem
753 374 915 412 refellere
939 374 1064 425 piget3
1092 377 1191 412 recte
1209 377 1332 411 autem
1349 372 1469 411 locum
1492 375 1654 425 primus,
1681 375 1726 410 ut
1750 372 1853 410 vide-

351 448 411 481 tur
424 471 437 494 ,
465 445 729 494 interpretatus
754 444 812 478 est
833 439 1052 477 Ascensias
1061 468 1079 487 ‚
1099 441 1159 478 alii
1180 440 1304 490 aliter,
1333 440 1380 476 de
1406 439 1536 488 quibus
1566 452 1602 479 v.
1623 440 1688 481 15.
1743 439 1853 477 Hanc

351 514 475 548 autem
502 522 582 547 voc.
602 510 791 559 fortunae
819 506 1141 556 significationem,
1171 519 1284 556 quam
1314 505 1576 543 Rnlinkenius
1601 507 1650 544 ad
1666 505 1794 556 Veuej.
1815 507 1854 556 2,

352 577 420 617 60.
450 590 488 626 p.
503 577 597 615 272.
622 575 724 624 ipsos
750 572 888 609 tirones
905 572 997 610 scire
1015 574 1069 611 ait
1084 585 1266 623 quamque
1283 571 1406 610 multis
1427 572 1599 622 exemplis
1621 572 1679 610 hie
1695 573 1855 611 illustra-

353 642 407 678 vit
431 641 656 678 Solimiclins
666 667 683 684 ,
711 639 890 676 immerito
917 639 956 676 in
983 639 1170 689 Singulari
1202 652 1354 677 numero
1374 638 1581 689 repudiavit
1600 639 1706 684 Fea,
1731 643 1769 678 et
1787 653 1855 692 pa-

353 721 433 745 rum
449 707 722 744 accommodate
741 709 928 744 verterunt
947 706 1183 744 Germanice:
1212 705 1388 759 ‚9Gliick“
1411 705 1630 754 interpretes
1652 717 1697 742 ex
1711 709 1857 744 nostra-

353 773 451 810 tibus
474 773 675 810 doctissimi
704 772 864 810 Vossius
872 798 889 816 ,
921 773 1176 811 lVielanclizis
1188 801 1203 819 ,
1237 773 1280 810 C.
1306 773 1521 810 Passovias
1531 798 1548 816 ,
1570 775 1609 808 et
1622 771 1742 808 minus
1759 776 1859 810 recte

354 839 586 889 interpretati
619 842 708 876 sunt
743 839 986 890 Doeringins
1027 839 1353 890 Charpentierque
1388 840 1673 890 „opportunam
1695 837 1860 876 laetandi

355 905 622 943 occasionem.“
655 904 771 942 Simul
794 916 919 943 eorum
931 907 1119 944 notandus
1142 908 1337 956 estsserror,
1367 905 1452 954 qui,
1480 908 1523 942 ut
1541 905 1756 948 Baxtems,
1781 904 1862 940 Sa-

356 972 536 1008 naclonus
546 999 561 1017 ,
591 972 673 1008 Fea
683 999 699 1016 ,
735 985 811 1022 qao
839 972 939 1008 milii
965 985 1032 1024 per
1051 973 1246 1022 enallagen
1269 983 1450 1023 personae
1467 984 1553 1022 pro:
1584 985 1660 1021 qno
1681 970 1776 1015 tibi,
1804 970 1862 1008 di-

357 1043 456 1076 ctum
484 1039 696 1089 opinantur.
752 1039 842 1075 Jure
869 1040 1075 1087 meritoque
1106 1039 1201 1077 tales
1224 1038 1350 1076 talium
1376 1038 1565 1088 spinarum
1593 1036 1862 1075 amantissimos

358 1105 605 1154 delicataeque
638 1105 743 1153 quasi
779 1105 1094 1156 interpretationis
1121 1106 1408 1143 studiosissimos
1441 1103 1586 1141 vellicat
1612 1103 1684 1150 [δ’.
1716 1102 1863 1140 Jacob-

357 1174 438 1208 sins
460 1171 525 1224 (V.
549 1185 587 1222 p.
611 1169 709 1222 45.).
739 1169 822 1208 Nisi
841 1173 962 1210 omnia
985 1185 1043 1210 me
1077 1173 1233 1222 fallunt,
1261 1172 1359 1209 hunc
1381 1171 1501 1208 locum
1517 1170 1781 1220 interpretatus
1806 1174 1864 1208 est

358 1239 482 1287 Cato,
521 1251 587 1276 seu
618 1237 783 1286 quisquis
803 1242 882 1288 est,
921 1239 959 1277 in
991 1238 1150 1277 Distich.
1181 1236 1231 1288 4,
1271 1239 1354 1278 16.:
1402 1237 1486 1286 Quo
1519 1235 1591 1272 tibi
1615 1236 1800 1284 divitias,
1830 1237 1866 1272 si

358 1318 508 1354 semper
529 1317 688 1354 pauper
720 1303 935 1340 abundas?
975 1305 1020 1342 In
1052 1319 1131 1344 rem
1162 1306 1277 1343 etiam
1313 1303 1499 1341 Maximin.
1532 1302 1640 1352 Eleg.
1675 1303 1726 1352 1,
1769 1302 1866 1342 181.

366 1372 475 1421 Qnid
490 1372 589 1408 mihi·
607 1372 674 1408 (lit
668 1372 793 1415 iliae,
822 1385 992 1421 quaram
1029 1375 1065 1410 si
1091 1372 1299 1422 dempseris
1324 1384 1465 1415 asum,
1512 1369 1701 1418 Quamvis
1729 1368 1868 1420 largn-s

360 1453 506 1489 opum,
539 1452 688 1488 semper
714 1454 756 1490 eg
757 1453 858 1476 Uenus·
877 1440 968 1477 ero?

471 1506 515 1543 V.
542 1507 606 1546 13.
634 1505 695 1544 14.
747 1508 904 1543 Parcus
933 1528 989 1535 ——
1018 1508 1171 1543 inmeano
1233 1505 1289 1543 Ut
1323 1504 1394 1541 hoc
1422 1503 1526 1552 loco,
1554 1504 1608 1540 ita
1637 1502 1717 1540 aliis
1738 1470 1869 1551 Poeta,

361 1578 404 1611 ut
419 1577 536 1611 artem
551 1573 696 1609 fruendi
715 1574 969 1622 commendet,
998 1573 1204 1623 exemplum
1227 1571 1403 1622 proponit
1428 1582 1636 1620 parcorum,
1665 1569 1740 1619 qui,
1768 1569 1870 1618 quod

361 1639 482 1676 Genio
510 1639 710 1675 detrahant
735 1651 825 1689 suo,
862 1639 1058 1677 heredibus
1092 1640 1208 1677 avidis
1237 1638 1442 1686 relinquere
1476 1639 1668 1686 cogantur.
1727 1635 1790 1672 Sic
1819 1634 1870 1671 ad

361 1705 519 1742 eundem
543 1704 778 1752 Torquatum
811 1706 884 1744 Od.
922 1705 1049 1755 4‚7,
1080 1705 1143 1744 19.
1182 1705 1346 1754 scripsit:
1387 1704 1539 1740 Cuncta
1561 1715 1705 1738 manns
1729 1701 1871 1738 avidas

353 1771 440 1821 fiig
418 1772 545 1815 aient,
574 1772 700 1806 amico
728 1772 839 1820 Quae
856 1772 1006 1809 dederis
1022 1772 1166 1809 animo.
1223 1770 1343 1807 Multa
1358 1770 1465 1819 hujus
1496 1768 1549 1805 rei
1577 1768 1743 1818 exempla
1761 1767 1871 1804 colle-

363 1840 498 1887 gerunt
524 1837 750 1874 Schmidias
765 1839 812 1875 ad
833 1839 870 1877 h.
893 1838 918 1878 l.
939 1838 1061 1875 etffl.
1087 1835 1245 1874 Jacobs.
1271 1836 1294 1874 l.
1321 1835 1346 1872 l.
1366 1849 1403 1884 p.
1429 1832 1495 1873 44.
1517 1834 1567 1873 Ν
1593 1837 1630 1876 2
1689 1835 1802 1879 Quod
1833 1834 1872 1870 in

363 1915 427 1942 eos
453 1903 632 1940 monitum
659 1905 766 1954 volo,
803 1906 865 1953 qui
884 1905 1118 1952 Torquatum
1146 1903 1194 1941 ob
1228 1903 1296 1940 hos
1316 1914 1462 1951 quoque
1489 1914 1616 1938 versus
1636 1913 1704 1952 pro
1726 1901 1874 1938 homine

364 1970 580 2020 parcissimo
597 1970 747 2007 habent.
805 1971 953 2009 Etenim
977 1968 1302 2008 declamatiuncula
1320 1969 1389 2005 hac
1406 1969 1532 2005 Stoica
1557 1968 1595 2004 in
1621 1967 1786 2005 homines
1817 1967 1874 2003 ni·-

365 2037 477 2073 mium
497 2048 628 2085 parcos
648 2037 842 2086 proposita
862 2037 1103 2075 exhilaratum
1117 2037 1161 2073 iri
1183 2037 1332 2073 divitem
1352 2035 1507 2072 amicum
1525 2033 1642 2083 probe
1658 2033 1796 2072 sciebat
1813 2045 1875 2070 ur-

365 2102 585 2140 banissimus
617 2101 756 2151 Poeta,
791 2104 830 2140 id
861 2104 962 2152 quod
998 2107 1096 2142 recte
1131 2103 1339 2140 observavit
1379 2100 1563 2138 oremus.
1635 2100 1680 2138 In
1716 2100 1877 2137 dictione

366 2173 513 2207 autem:
543 2169 688 2206 assidet
704 2171 843 2206 insano
858 2198 873 2215 ‚
903 2171 930 2208 i.
953 2183 983 2208 e.
1002 2170 1210 2222 proximus,
1240 2169 1414 2206 finitimus
1437 2172 1476 2205 et
1497 2167 1544 2204 ob
1567 2179 1648 2204 eam
1664 2178 1743 2204 rem
1765 2165 1878 2203 simil-

367 2236 473 2273 limus
498 2240 582 2284 est,
612 2237 866 2274 Eiolzstadi'as
891 2238 984 2274 scite
1002 2237 1088 2275 olim
1109 2237 1336 2288 comparavit
1355 2234 1421 2286 (de
1451 2234 1623 2284 Lydam.
1651 2234 1782 2270 Carm.
1809 2231 1876 2269 III.

368 2317 405 2353 p.
429 2303 512 2352 11.)
570 2303 648 2341 Cic.
680 2304 727 2341 de
748 2303 844 2354 Rep.
871 2305 918 2353 1,
948 2304 1014 2345 28.
1072 2303 1184 2340 Nam
1210 2302 1274 2339 illi
1300 2304 1410 2353 regi,
1448 2308 1494 2338 at
1521 2314 1608 2337 enm
1629 2300 1878 2350 potissimum

370 2371 594 2414 nominem,
632 2369 828 2406 tolerabili
857 2377 952 2415 ant,
982 2370 1018 2405 si
1051 2369 1167 2406 voltis
1178 2397 1194 2414 ,
1225 2371 1342 2406 etiam
1375 2367 1564 2412 amabili,
1599 2367 1722 2416 Cyro,
1749 2364 1879 2402 subest

371 2437 427 2473 ad
441 2437 682 2474 immutandi
700 2438 828 2473 animi
849 2437 1050 2473 licentiam
1078 2434 1326 2485 [illecebram]
1352 2434 1645 2471 crudelissimus
1671 2431 1740 2468 ille
1768 2431 1879 2468 Pha-

373 2504 480 2540 laris.
542 2504 702 2542 Orellius
716 2504 844 2541 laudat
868 2502 1072 2552 Antiphan.
1098 2515 1158 2553 ap.
1178 2501 1284 2539 Stob.
1299 2500 1367 2540 ΠΙ.
1395 2516 1433 2553 p.
1458 2501 1550 2541 266.
1583 2499 1632 2538 G.
1651 2494 1773 2549 Λύπη
1809 2511 1879 2549 μα-

373 2571 462 2616 νίας
491 2568 692 2623 ὁμότοιχος
722 2567 823 2610 εἶναί
846 2585 913 2621 μοι
943 2570 1063 2610 δοκεῖ.
1120 2568 1262 2606 Totum
1295 2571 1418 2605 autem
1443 2567 1562 2604 locum
1582 2567 1692 2604 docte
1709 2575 1881 2616 persecu-

376 2641 436 2673 tus
455 2641 513 2674 est
545 2638 790 2683 Sdzmidias,
821 2649 930 2686 quem
949 2636 1044 2674 vide.

486 2703 532 2739 V·
558 2701 621 2743 14.
646 2705 709 2744 15.
737 2706 882 2740 Potare
897 2725 952 2731 —
967 2702 1116 2740 haberi.
1177 2701 1248 2739 His
1270 2701 1390 2738 verbis
1415 2713 1490 2737 non
1516 2704 1592 2737 tam
1618 2698 1818 2736 communis
1844 2698 1882 2734 in

376 2770 648 2820 compotatione
672 2773 782 2808 flores
802 2770 1041 2821 inspargendi
1065 2780 1146 2806 mos
1162 2766 1253 2818 (Od.
1274 2767 1321 2816 3,
1354 2768 1429 2817 19,
1459 2767 1524 2807 22.
1566 2765 1675 2804 Ovid.
1709 2765 1810 2801 Fast.
1842 2762 1882 2811 5,

378 2836 431 2875 33
460 2863 469 2873 .
497 2835 612 2886 360.)
643 2837 824 2875 indicatus
849 2850 930 2875 esse
950 2837 1123 2885 videtur,
1153 2846 1264 2883 quam
1279 2834 1332 2884 is,
1359 2846 1432 2882 quo
1451 2836 1643 2883 potatores
1663 2830 1789 2880 irrigui
1807 2829 1884 2866 fere

378 2914 476 2940 mero
500 2906 538 2940 et
557 2903 695 2941 madidi
714 2905 770 2942 vel
793 2917 970 2954 coronas,
997 2903 1130 2953 quibus
1151 2905 1255 2940 erant
1275 2902 1404 2951 cincti,
1433 2900 1617 2938 interdum
1642 2894 1884 2947 deripiebant,
