2054 3268
366 277 421 317 36
506 279 870 317 COMMENTARII
906 279 958 316 IN
987 279 1201 318 HORATII
1227 279 1396 317 EPIST.
1425 280 1564 318 PRIM.
1594 281 1691 318 LIB.
1717 282 1749 318 1.

371 389 485 426 corde
523 390 714 427 Camenas
743 396 816 426 etc.
873 390 965 426 Pari
993 391 1204 440 elegantia,
1236 402 1462 442 quanquam
1491 391 1567 427 alia
1594 388 1643 427 de
1669 403 1711 426 re
1731 389 1811 427 Cic.
1833 387 1885 426 ad

371 459 490 493 Attic-
516 459 555 503 2,
581 457 620 496 5.
660 457 742 493 Sed
756 456 855 507 quid
874 469 944 506 ego
963 456 1061 493 haec
1076 485 1090 501 ‚
1119 470 1220 507 quae
1243 458 1357 506 cupio
1378 457 1562 506 deponere
1581 469 1618 493 et
1643 463 1720 493 toto
1749 457 1884 493 animo

369 534 486 576 atque
505 527 610 562 omni
624 537 719 562 cura
749 538 779 572 φ
793 525 1087 571 ιλοσοφεῖν.)
1130 523 1197 560 Sic
1210 551 1224 568 ,
1251 525 1441 573 inquam,
1468 524 1510 559 in
1524 524 1654 560 animo
1676 530 1743 563 est.
1801 521 1884 559 vel-

370 592 447 628 lem
467 591 518 628 ab
538 593 661 628 inicio.
723 591 1086 639 Interpretationem
1109 597 1240 626 autem
1260 589 1308 626 de
1340 590 1457 626 verbo
1486 589 1663 639 ponendi
1688 589 1717 627 i.
1745 603 1781 626 e.
1809 588 1883 626 deo

373 657 528 696 cuidam
558 669 692 695 versus
721 655 1000 702 consecrandi,
1040 655 1373 707 quemadmodum
1413 656 1597 705 Vejanius
1623 668 1694 693 sua
1724 655 1884 692 Herculi

372 724 652 763 consecraverit
670 735 797 770 arma,
815 734 837 758 a
858 735 922 758 me
941 723 1035 758 olim
1054 723 1293 773 propositam
1319 722 1471 758 lubenti
1489 723 1619 760 animo
1638 728 1884 759 retractatam

371 805 475 828 nunc
509 792 611 828 volo.
669 790 728 825 De
753 789 946 840 particula
972 789 1104 839 itaque
1131 790 1255 826 rarius
1285 789 1340 826 sic
1366 789 1493 839 posita
1518 787 1586 827 vd.
1605 787 1735 826 Hand.
1763 789 1884 826 Turs-

372 860 439 895 ΙΙΙ.
459 872 498 908 p.
513 858 608 897 510.

482 925 528 961 V.
554 925 618 962 11.
641 923 706 961 12.
743 921 915 970 Quid—
929 924 1091 970 possim.
1152 924 1273 959 Poeta
1298 919 1556 972 philosophus
1576 934 1692 958 suum
1713 919 1887 958 studium

374 1003 612 1042 operamque
630 1001 708 1026 non
733 989 773 1023 in
798 1001 858 1024 res
880 989 1062 1025 obscuras
1089 988 1325 1039 easdemque
1357 1001 1434 1024 non
1460 989 1699 1025 necessarias
1722 987 1886 1035 confert,

373 1057 443 1094 sed
471 1070 631 1095 omnem
655 1068 788 1092 curam
814 1068 959 1105 ponere
983 1054 1076 1091 dicit
1097 1056 1139 1091 in
1165 1056 1280 1092 rebus
1299 1055 1521 1105 cognitione
1543 1054 1672 1104 dignis
1699 1060 1738 1091 et
1759 1052 1887 1091 hone-

374 1126 442 1162 stis
464 1124 525 1175 (ut
542 1137 675 1160 verum
694 1136 742 1158 ae
759 1121 896 1158 decens
908 1149 921 1166 ‚
951 1123 1006 1157 sic
1040 1128 1186 1157 rectum
1205 1129 1242 1158 et
1267 1135 1413 1158 verum.
1453 1122 1578 1171 Epist.
1599 1122 1639 1168 2,
1657 1121 1697 1168 2,
1717 1118 1786 1160 44.
1806 1118 1887 1168 45.,

376 1199 414 1228 et
430 1191 647 1240 pulchrum
676 1191 801 1239 Epist.
826 1190 861 1236 1,
885 1190 923 1234 2,
946 1187 1028 1238 2.),
1059 1200 1155 1238 quas
1182 1189 1236 1225 ita
1259 1189 1301 1224 in
1319 1187 1547 1224 thesaurum
1567 1193 1751 1238 congerat
1770 1193 1888 1238 atque

377 1258 550 1302 ordinet,
579 1263 621 1293 ut
641 1269 708 1293 eae
730 1258 839 1306 ipsae
863 1268 977 1299 mox,
1006 1256 1133 1304 primo
1157 1267 1312 1306 quoque
1331 1261 1530 1304 tempore,
1558 1254 1689 1304 prouti
1714 1266 1807 1291 usus
1825 1254 1889 1290 fe-

377 1330 456 1372 rat,
485 1325 526 1360 in
549 1324 670 1360 vitam
702 1322 999 1359 transferantur.
1057 1322 1248 1359 Similiter
1273 1322 1422 1358 Seneca
1441 1321 1566 1370 Epist.
1596 1319 1689 1359 108.
1714 1319 1889 1356 auditio-

377 1404 465 1427 nem
475 1389 798 1439 philosophorum
815 1389 1091 1438 lectionemque
1109 1388 1167 1424 ad
1176 1389 1421 1437 propositam
1446 1387 1550 1424 vitae
1578 1384 1711 1422 beatae
1731 1385 1890 1423 trahen-

377 1458 471 1494 dam
488 1472 499 1493 :
529 1470 607 1494 non
635 1463 679 1492 ut
711 1456 828 1492 verba
849 1457 983 1505 prisca
1010 1462 1080 1491 aut
1094 1455 1201 1502 fieta
1231 1462 1430 1505 captemus
1456 1460 1494 1490 et
1516 1451 1790 1490 translationes
1803 1441 1891 1489 ‘im-

374 1523 522 1573 probas
531 1524 771 1573 figurasque
788 1522 971 1566 dicendi,
999 1523 1069 1559 secl
1083 1529 1128 1559 ut
1138 1523 1351 1573 prosatum
1362 1526 1577 1571 praecepta
1598 1526 1634 1555 et
1655 1519 1891 1570 magnificas

379 1605 490 1629 voces
515 1598 552 1627 et
574 1591 799 1634 animosas,
834 1603 936 1639 quae
958 1602 1048 1625 mox
1073 1590 1115 1625 in
1141 1602 1222 1625 rem
1247 1588 1543 1639 transferantur.
1597 1587 1705 1623 Bene
1727 1584 1803 1623 hoc
1826 1584 1890 1622 di-

381 1659 479 1694 citur
510 1658 551 1692 in
578 1669 643 1693 eos
664 1654 939 1706 philosophos,
973 1657 1044 1706 qui
1061 1655 1199 1693 eodem
1227 1657 1378 1694 Seneca
1398 1656 1606 1704 interprete
1626 1650 1697 1703 (ib.
1721 1651 1808 1704 88.)
1827 1652 1891 1689 dc·-

381 1724 568 1775 ligentius
588 1723 715 1760 sciant
739 1723 850 1774 loqui
865 1751 880 1767 ,
904 1737 1026 1773 quam
1047 1725 1187 1762 vivere.
1242 1723 1415 1762 Verbum
1434 1730 1565 1760 autem
1586 1723 1706 1760 condo
1726 1720 1791 1759 hic
1810 1735 1892 1759 non

380 1799 463 1828 tam
480 1791 681 1826 notionem
700 1789 873 1826 abdendi
891 1788 1025 1837 habet,
1051 1803 1220 1841 quocum
1241 1788 1345 1827 hunc
1366 1791 1497 1827 locum
1512 1787 1893 1840 componitDoeder-

381 1858 502 1894 liuius
521 1858 562 1893 in
583 1857 728 1907 Synon.
752 1858 816 1894 IV.
837 1858 968 1907 p.51.‚
994 1870 1114 1907 quam
1127 1857 1366 1908 colligendi,
1395 1857 1554 1894 notione
1575 1855 1800 1906 diligentiae
1819 1854 1894 1892 ad.-

378 1928 514 1976 juncta
543 1933 581 1962 et
604 1922 832 1975 metaphora
859 1937 881 1960 a
902 1924 1109 1960 frumentis
1140 1923 1368 1974 colligendis
1391 1922 1668 1974 servandisque
1693 1921 1835 1973 (Epist.
1852 1923 1895 1970 2,

386 1995 423 2041 1,
449 1991 559 2042 140.)
589 1991 816 2041 desumpta3
840 1992 908 2027 ubi
927 1991 1017 2028 vide
1039 1991 1216 2030 Solnnid.
1240 1997 1279 2027 et
1293 2019 1303 2038 ,
1329 2003 1446 2042 quem
1462 1989 1619 2037 laudat,
1648 1986 1826 2026 Broukh.
1845 1987 1896 2025 ad

383 2059 478 2097 Tib.
508 2060 543 2106 1,
572 2060 607 2107 1,
633 2056 710 2105 423
742 2058 792 2094 cf.
816 2057 950 2095 Barth.
972 2058 1073 2096 Adv.
1095 2061 1135 2107 2,
1163 2061 1227 2098 17.
1299 2057 1371 2094 Cui
1391 2057 1701 2108 interpretationi
1722 2069 1804 2094 non
1830 2069 1897 2094 re-

384 2132 534 2177 pugnat
552 2123 840 2175 metaphoricus
865 2138 902 2162 v.
927 2126 1100 2175 deprom.
1120 2138 1234 2171 usus,
1267 2131 1310 2160 ut
1332 2131 1391 2161 est
1414 2137 1478 2175 ap.
1499 2125 1578 2160 Cic.
1598 2124 1684 2160 Fin.
1705 2122 1745 2171 3,
1767 2120 1806 2170 4,
1829 2123 1898 2164 10.

387 2207 406 2229 e
426 2193 521 2229 locis
532 2221 548 2238 ‚
579 2193 695 2243 quasi
713 2192 932 2236 thesauris,
955 2199 1189 2242 argumenta
1217 2191 1448 2240 depromere.
1509 2191 1647 2227 Minos
1669 2190 1898 2240 allegoriam

388 2272 411 2295 a
431 2260 529 2296 cella
548 2259 698 2295 vinaria
719 2264 918 2309 sumptam
932 2258 1049 2307 dicit3
1071 2258 1212 2310 quodsi
1231 2271 1447 2307 expromere
1466 2256 1516 2294 ad
1537 2254 1786 2294 commodum
1795 2251 1897 2292 alio—

389 2339 476 2362 rum
508 2324 820 2376 promovendum
861 2325 997 2373 refert,
1036 2339 1101 2362 me
1139 2323 1301 2376 quidem
1343 2337 1423 2361 non
1455 2323 1575 2360 habet
1604 2322 1896 2359 assentientem.

389 2392 505 2430 Verbi
537 2406 661 2442 comp.
692 2392 806 2443 plura
834 2393 1018 2442 exempla
1049 2389 1271 2442 suppeditat
1294 2389 1470 2428 Broukh.
1500 2389 1550 2426 ad
1575 2390 1691 2438 Prop-
1715 2388 1737 2427 1
1752 2415 1762 2435 ‚
1786 2389 1834 2436 9,
1854 2389 1897 2428 3.

389 2457 640 2508 Habetfildt.
665 2465 703 2495 et
726 2458 932 2496 Weland.
953 2457 1002 2494 ad
1031 2459 1146 2495 istam
1159 2457 1207 2494 de
1228 2459 1389 2495 formica
1416 2464 1454 2494 et
1477 2454 1610 2493 cicada
1631 2454 1807 2491 fabulam
1833 2453 1899 2492 hic

392 2523 516 2560 alludi
531 2526 752 2574 opinantur.
810 2523 1003 2576 Quicquid
1023 2529 1092 2571 est,
1114 2537 1248 2560 verum
1263 2531 1329 2561 aut
1348 2523 1495 2561 indicat
1514 2535 1603 2559 eam
1624 2519 1900 2574 philosophiae

392 2596 542 2640 partem
555 2618 565 2637 ,
587 2603 686 2642 quae
707 2593 746 2629 in
767 2593 1094 2643 contemplatione
1118 2604 1325 2642 rerumque
1345 2591 1566 2640 cognitione
1596 2591 1669 2626 sita
1691 2596 1750 2627 est
1771 2596 1810 2627 et
1830 2590 1900 2627 de-

394 2667 513 2698 cens,
545 2655 695 2706 πρέπον
720 2654 749 2709 ἢ
779 2661 1001 2710 προςῆκον,
1035 2671 1135 2710 quae
1165 2658 1213 2695 de
1243 2658 1415 2694 moribus
1439 2657 1634 2707 praecipit,
1664 2655 1763 2707 (cic.
1787 2656 1900 2694 offic.

396 2722 432 2768 1,
454 2722 520 2767 27,
539 2718 627 2770 94.)
650 2730 693 2759 ut
707 2725 914 2763 observant
934 2726 1143 2764 Turnebus
1169 2723 1288 2772 (Adv.
1309 2725 1376 2771 26,
1391 2722 1478 2772 26.)
1496 2729 1534 2759 et
1552 2724 1808 2770 Torrentius3
1834 2729 1902 2760 aut

394 2788 437 2823 in
454 2787 679 2825 universum
698 2797 863 2843 utroque
882 2794 1070 2830 vocabulo
1089 2804 1242 2830 morum
1262 2790 1468 2841 disciplina
1489 2790 1740 2839 intelligitur,
1766 2796 1810 2827 ut
1827 2802 1902 2827 vo-

395 2854 482 2890 lunt
511 2855 713 2904 Rappolt.,
741 2858 954 2908 Pflugradt.
980 2859 1047 2911 (de
1068 2860 1234 2897 Horatii
1250 2858 1395 2907 philos.
1417 2857 1549 2894 Stoica
1576 2870 1615 2907 p-
1632 2854 1720 2905 29.)
1744 2861 1782 2892 et
1807 2856 1904 2893 Mit-

396 2918 602 2958 scherlich.
625 2920 677 2958 ad
698 2921 771 2960 Od·
803 2924 838 2972 1,
861 2925 928 2974 28,
952 2924 1018 2967 14.
1085 2925 1195 2963 Idem
1226 2926 1343 2963 sentit
1374 2925 1493 2961 etiam
1515 2923 1731 2974 Cruquius,
1770 2935 1904 2958 verum
