2028 3268
404 275 490 317 332
563 275 933 316 COMMENTARII
955 276 1011 315 IN
1030 274 1248 315 HORATII
1265 275 1359 315 LIB.
1375 277 1404 314 I.
1430 275 1591 319 EPIST.
1609 278 1758 317 SEXT.
1861 279 1917 319 60

404 413 587 437 venemur
612 402 723 449 idque
751 401 787 436 in
818 399 914 446 foro,
943 411 1009 434 seu
1031 411 1261 449 quocumque
1286 400 1369 437 loco
1391 401 1529 449 pisceS,
1554 401 1635 449 apri
1663 392 1734 437 οἷς.
1765 411 1914 437 venum-

405 469 550 515 dantur,
583 468 630 503 ad
663 465 866 515 exemplum
896 464 1049 513 Gargilii
1076 465 1186 514 illius,
1218 466 1279 514 qui
1306 478 1375 516 pro
1405 478 1472 502 sua
1501 465 1655 503 mollitie
1684 471 1722 504 et
1752 468 1915 504 vanitate

403 534 635 570 venationem
669 531 851 568 simulavit
886 544 1086 582 aprumque
1119 532 1219 569 emit.
1295 532 1403 569 Solet
1441 535 1563 569 autem
1597 533 1690 570 Hor.
1731 535 1915 570 interdum

403 600 611 636 sententiae
645 611 732 635 suae
765 599 970 635 immiscere
1001 599 1314 647 narratiunculas,
1374 612 1469 649 quae
1506 603 1548 636 ut
1581 599 1655 636 suis
1688 601 1915 638 circumscri-

403 667 536 702 bantur
569 664 743 701 limitibus
772 678 998 714 magnopere
1036 667 1236 702 curandum
1270 669 1342 714 est,
1374 669 1417 702 ut
1442 679 1477 702 v.
1513 667 1578 706 21.
1614 667 1680 706 22.
1737 665 1848 716 Epist
1872 669 1914 716 7,

406 730 457 772 14
485 745 568 781 sqq.
599 731 653 771 50
683 744 767 780 sqq.
807 732 880 779 15,
916 732 969 772 26
997 744 1080 780 sqq.
1122 733 1194 780 17,
1231 731 1283 771 55
1316 745 1399 780 sqq.
1432 733 1507 780 18,
1548 731 1598 771 15
1629 744 1712 781 sqq.
1747 733 1802 772 30
1829 746 1915 784 sqq.

406 798 471 847 19,
503 798 553 837 15
588 811 672 847 sqq.
705 800 743 845 2,
778 799 817 844 2,
849 799 899 838 26
931 810 1015 847 sqq.
1048 799 1101 838 87
1126 811 1210 847 sqq.
1268 798 1431 834 Similem
1459 802 1582 835 autem
1611 798 1733 835 dolum
1766 811 1915 851 compa-

402 868 461 901 rat
486 865 609 902 Beier.
640 865 688 901 ad
718 865 796 901 Cic.
826 864 939 902 offic.
970 865 1020 913 3,
1054 863 1128 913 14,
1166 865 1231 904 58.
1288 865 1384 902 Rem
1412 864 1530 915 ipsam
1561 865 1686 914 tetigit
1715 866 1918 918 Klippgen

402 931 450 967 de
485 930 697 967 Venatione
730 932 925 967 Romanis
962 932 1127 968 solemni
1156 932 1194 967 in
1222 932 1457 968 Bidermanni
1487 930 1626 968 Select.
1654 930 1842 970 Scholast.
1862 932 1915 982 Π,

403 1001 442 1039 2.
472 1011 511 1048 p.
541 998 635 1037 760.
693 998 834 1036 Nescio
865 1002 1011 1047 autem,
1039 1012 1103 1035 cur
1138 997 1366 1048 Gargilium
1394 998 1525 1046 istum,
1557 997 1740 1035 hominem
1770 999 1917 1037 aliunde

401 1065 596 1114 ignotum,
646 1065 758 1102 saciat
799 1066 960 1115 equitem
991 1066 1210 1104 Romanum.
1269 1065 1585 1101 Commemoratur
1629 1064 1671 1101 C'.
1708 1065 1918 1116 Gargilius

400 1131 587 1167 IIaemon
624 1130 720 1168 filius
749 1130 895 1168 Proculi
923 1131 1084 1182 Philagri
1122 1132 1193 1168 divi
1225 1130 1381 1181 Augusti
1420 1130 1575 1167 libertus
1610 1131 1648 1167 in
1676 1132 1788 1170 inser.
1825 1146 1916 1182 qua-

401 1199 485 1236 dam
511 1197 557 1235 ab
594 1197 780 1243 Οεαηηο,
829 1198 874 1235 V.
907 1199 990 1247 CL,
1037 1199 1074 1234 in
1105 1199 1236 1235 Zimm.
1266 1196 1485 1234 zeitschrift
1513 1200 1583 1233 etc.
1615 1197 1722 1237 1835
1750 1213 1788 1248 p.
1820 1199 1915 1241 289.

401 1265 594 1314 explicata.
655 1265 831 1302 Ceterum
867 1265 915 1301 ad
950 1278 986 1301 v.
1018 1265 1085 1304 56.
1133 1267 1181 1302 ad
1224 1264 1419 1300 formulam
1450 1261 1543 1299 bene
1577 1270 1714 1300 coenat
1739 1266 1918 1302 Marem-s·

399 1331 522 1382 (Opp.
550 1331 616 1369 111.
646 1344 684 1381 p.
718 1331 830 1380 531.)
858 1332 1004 1368 confert
1034 1330 1202 1368 Platonis
1235 1327 1404 1382 εὐωχίαν
1431 1327 1539 1383 παραὶ
1567 1326 1611 1370 vd
1641 1323 1686 1369 εὖ
1715 1330 1825 1382 ἔχειν.
1861 1353 1918 1361 -

399 1399 443 1436 V.
474 1399 540 1438 57.
570 1412 698 1437 mane.
755 1397 880 1436 Prima
916 1398 1063 1448 quidem
1100 1399 1183 1436 luce
1229 1402 1384 1436 venatos
1421 1410 1505 1435 esse
1539 1400 1686 1434 veteres
1725 1398 1917 1437 Romanos

398 1468 584 1502 testantur
621 1465 693 1502 loci
729 1477 751 1502 a
780 1464 1037 1502 Wernsdorfio
1068 1467 1117 1502 ad
1152 1465 1260 1501 Grat.
1293 1465 1434 1514 Cyneg.
1475 1464 1568 1506 223.
1608 1466 1646 1500 et
1680 1465 1727 1501 ad
1756 1465 1914 1503 Nemes.

401 1532 543 1581 Cyneg.
582 1528 678 1572 324.
718 1531 839 1580 citati,
893 1532 940 1568 cf.
974 1532 1099 1568 Schm.
1134 1532 1182 1568 ad
1215 1531 1251 1567 h.
1285 1530 1334 1579 1.,
1395 1532 1462 1568 sed
1495 1530 1674 1568 Horatius
1706 1543 1783 1568 non
1811 1533 1915 1581 dicit,

400 1598 604 1648 Gargilium
639 1611 748 1636 mane
786 1602 958 1635 venatum
992 1598 1113 1635 exisse
1152 1601 1191 1634 et
1228 1610 1365 1646 paucas
1392 1601 1483 1648 post
1515 1597 1626 1634 horas
1657 1595 1768 1646 pleno
1805 1598 1917 1636 etiam

398 1668 487 1701 tunc
519 1664 707 1702 hominum
733 1666 816 1701 soro
846 1666 1002 1712 redisse,
1035 1667 1078 1701 ut
1113 1664 1309 1714 opinantur
1333 1663 1589 1708 Sanadomcs,
1625 1662 1813 1708 Orelliae,
1840 1664 1915 1712 alii,

397 1743 520 1779 neque
559 1742 642 1766 eum
669 1731 828 1779 jussisse
866 1743 982 1765 mane
1009 1743 1139 1766 servos
1175 1742 1262 1766 suos
1293 1742 1373 1765 cum
1401 1731 1580 1778 apparatu
1608 1730 1799 1766 venatorio
1831 1730 1914 1780 ple-

398 1810 485 1834 num
524 1797 644 1833 forum
680 1797 839 1833 transire
881 1797 927 1832 ad
960 1809 1090 1846 aprum
1123 1809 1235 1833 unum
1263 1808 1417 1844 eumque
1449 1798 1612 1844 emptum
1641 1797 1790 1844 vesperi
1815 1798 1913 1833 refe-

398 1864 578 1912 rendum,
622 1867 662 1900 ut
690 1865 982 1913 interpretantur
1014 1865 1235 1911 Dae-erius,
1279 1863 1499 1906 Gesnerus,
1528 1861 1721 1907 Damus,
1751 1864 1838 1912 sed,
1873 1867 1915 1900 ut

396 1936 500 1968 recte
531 1931 625 1967 vidit
653 1930 858 1974 Bentlejas
895 1929 1024 1979 (atque
1053 1931 1263 1980 approbant
1291 1929 1394 1976 Fea‚
1444 1927 1630 1977 Gmebel,
1676 1929 1914 1979 Charpent.),

399 1999 604 2049 Gargilium
636 2011 751 2034 mane
779 1997 858 2034 sive
886 1999 975 2032 ante
1003 1998 1191 2034 meridiem
1218 1995 1331 2044 pleno
1359 1998 1438 2031 tum
1462 1996 1545 2031 foro
1579 2007 1602 2031 a
1630 1997 1823 2033 venatione
1852 2008 1914 2033 re-

397 2067 521 2113 disse,
566 2066 619 2101 ita
659 2069 700 2102 ut
725 2064 901 2114 jusserit,
932 2075 1062 2100 servos
1093 2076 1162 2113 per
1193 2063 1315 2099 forum
1344 2061 1527 2109 transire,
1559 2064 1602 2098 ut
1633 2062 1773 2112 populo
1802 2075 1912 2112 spec-

396 2136 499 2169 tante
530 2132 648 2169 mulus
680 2144 807 2182 aprum
840 2131 1011 2168 referret.
1072 2131 1230 2174 Quando
1261 2129 1410 2176 exierit,
1455 2140 1633 2176 quaerere
1659 2128 1717 2164 hic
1749 2141 1826 2165 non
1854 2131 1912 2165 at—

396 2201 514 2247 tinet,
543 2211 751 2248 quanquam
780 2197 862 2233 Fea
890 2198 938 2234 de
967 2199 1150 2233 nocturna
1178 2209 1352 2247 apro-rum
1382 2196 1578 2232 venatione
1606 2195 1732 2231 laudat
1751 2194 1838 2232 .0d.
1873 2195 1911 2243 1,

399 2270 437 2315 1,
458 2266 523 2308 2-5.
582 2266 662 2302 Sat.
693 2268 732 2313 2,
759 2265 799 2311 3,
828 2262 921 2303 234.
943 2285 998 2291 -—
1015 2262 1184 2312 plagas,
1213 2261 1428 2306 venabula,
1457 2275 1583 2299 servos
1621 2262 1803 2297 Transire
1817 2260 1910 2307 jab.

395 2334 544 2381 dicitur,
570 2337 610 2369 ut
638 2346 698 2383 ap.
727 2331 833 2379 Virg.
865 2328 958 2366 Aen.
991 2328 1031 2378 4,
1063 2330 1154 2369 131.
1183 2328 1289 2379 (ibiq.
1325 2328 1461 2378 Wagn.
1491 2333 1529 2366 et
1561 2327 1733 2377 Forbig.)
1790 2327 1911 2365 Retia

394 2413 513 2447 rara,
551 2398 731 2448 plagae,
780 2396 861 2433 lato
898 2395 1096 2432 venabula
1131 2397 1240 2446 serro
1270 2396 1517 2445 Massylique
1550 2401 1671 2431 ruunt
1699 2395 1845 2444 equites
1876 2402 1913 2431 et

395 2465 517 2503 odora
550 2477 694 2502 canam
732 2464 805 2501 vis.
865 2463 925 2500 De
957 2464 1021 2500 tali
1064 2466 1247 2513 apparatu
1275 2462 1383 2499 Grat.
1415 2462 1555 2510 Cyneg.
1590 2461 1684 2502 218.
1727 2473 1798 2496 nee
1835 2459 1912 2496 sibi

395 2533 552 2570 larbam
584 2532 787 2569 Contraxit
820 2532 996 2567 comitem
1032 2542 1102 2565 nec
1137 2542 1234 2565 rasa
1264 2529 1430 2564 tenentia
1459 2527 1595 2576 longe,
1642 2527 1705 2564 ubi
1732 2527 1907 2565 Wernsd.

393 2605 543 2652 praeter
574 2600 670 2636 hunc
696 2599 817 2636 locum
844 2598 970 2635 laudat
996 2597 1152 2635 Nemes.
1175 2597 1316 2644 Cyneg.
1338 2594 1431 2634 300.
1491 2595 1602 2630 Ovid.
1625 2593 1718 2630 Met.
1740 2595 1781 2642 7,
1811 2593 1906 2636 806.

502 2665 547 2703 V.
576 2666 642 2706 59.
687 2664 904 2716 Differtam
922 2665 1076 2714 forum,
1106 2666 1147 2700 ut
1165 2662 1394 2712 frequentes
1418 2661 1497 2697 vici
1520 2664 1559 2697 et
1567 2660 1711 2711 joram
1721 2660 1909 2711 frequen-s

391 2745 453 2783 ap.
478 2731 560 2768 Liv.
596 2732 660 2781 10,
693 2733 759 2780 11,
794 2734 829 2772 1.
860 2729 926 2780 (ibi
956 2729 1147 2780 Rupert.)‚
1175 2729 1304 2778 quibus
1334 2727 1455 2763 vorbis
1482 2727 1586 2764 notio
1611 2726 1807 2776 singularis
1829 2738 1907 2775 po-

387 2798 480 2849 puli
506 2797 760 2847 subjungitur,
789 2802 833 2836 ut
857 2797 931 2836 Od.
959 2797 1008 2846 3,
1039 2797 1085 2844 6,
1116 2798 1180 2836 20.
1212 2793 1343 2830 clades
1364 2792 1415 2829 In
1439 2794 1615 2842 patriam
1640 2792 1908 2843 populumque

379 2866 509 2917 fluxit
533 2868 572 2901 et
599 2864 682 2901 Juv.
717 2866 764 2912 1,
813 2866 880 2906 72.
903 2876 979 2913 per
1006 2863 1164 2914 famam
1193 2868 1230 2897 et
1248 2859 1460 2910 populum.
1519 2859 1660 2896 Similia
1689 2858 1905 2907 collegimus

390 2934 438 2972 ad
468 2931 591 2983 Epist.
619 2932 658 2978 1,
682 2932 726 2980 2,
754 2930 821 2969 60.
885 2930 1072 2975 Oawens,
1100 2929 1158 2967 cui
1184 2927 1296 2981 dictio
1324 2930 1383 2964 est
1410 2927 1507 2964 idem
1538 2927 1639 2976 quod
1658 2925 1798 2977 forum
1820 2922 1906 2974 clif-
