2054 3268
396 257 451 299 52
533 261 899 300 COMMENTARII
933 263 985 298 IN
1016 262 1233 300 HORATII
1261 261 1431 300 EPIST.
1459 263 1598 300 PRIM.
1634 264 1732 300 LIB.
1760 264 1793 300 Ι.

397 371 544 408 melior.
607 373 698 409 Iino
722 372 821 409 mihi
839 373 935 408 satis
956 379 1010 409 est
1021 400 1036 417 ‚
1065 373 1236 423 quotidie
1252 373 1410 424 aliquid
1429 387 1474 410 ex
1493 374 1597 410 vitii-e
1626 375 1721 410 meis·
1754 373 1902 411 demere

401 446 438 475 et
454 452 596 476 errores
619 453 720 476 meos
737 439 958 489 objurgare.
1002 439 1097 476 Non
1109 442 1275 488 perveni
1293 440 1351 477 ad
1359 441 1583 487 sanitatem,
1613 454 1662 476 ne
1673 442 1902 490 perveniam

398 506 553 556 quidem
585 512 654 542 ete.
714 506 773 541 De
798 506 868 541 illa
906 503 1197 555 desperatione,
1247 521 1324 558 qua
1350 505 1531 544 homines
1561 507 1730 556 experiri
1761 507 1902 555 nolint,

398 571 504 623 quod
531 585 573 609 se
599 585 714 622 posse
741 572 896 622 assequi
921 570 1120 621 diffidant,
1149 576 1303 624 egregia
1332 580 1460 610 exstat
1491 575 1684 610 sententia
1706 574 1902 611 Ciceronis

398 640 504 676 Orat.
529 642 550 678 1
563 668 573 686 ‚
601 636 640 677 4.
705 638 821 687 Quod
837 640 874 674 si
889 652 1003 689 quem
1019 646 1092 676 aat
1107 648 1251 677 natura
1278 655 1351 678 sua
1365 668 1381 686 ,
1408 645 1479 676 ant
1499 639 1572 675 illa
1580 640 1821 688 praestantis
1839 639 1902 675 in-

393 707 505 756 genii
523 707 584 742 vis
592 706 702 755 sorte
718 705 870 753 deficiet
879 733 893 750 ,
922 713 994 742 aut
1013 707 1143 743 minas
1162 709 1373 744 instructas
1399 708 1470 743 erit
1498 719 1735 756 magnaram
1758 707 1904 742 artium

397 772 638 822 disciplinis:
669 778 794 807 teneat
816 779 945 809 tamen
971 786 1058 809 eam
1077 787 1234 811 ezir-sam
1246 802 1261 820 ,
1290 788 1403 825 quem
1420 775 1577 824 poterit.
1638 773 1778 809 Prima
1801 772 1904 812 enim

397 845 615 888 sequentem
631 837 833 875 honestam
853 846 909 876 est
932 840 975 876 in
1004 841 1184 877 secandi-5·
1205 842 1400 892 tertiisque
1426 841 1640 877 consistere.
1701 838 1813 885 Quod
1839 837 1902 876 di-

398 913 504 942 ctum
524 907 565 941 in
587 918 698 942 suam
726 920 808 943 rem
837 909 1028 943 convertit
1066 908 1228 953 Quintil.
1252 909 1348 944 Inst.
1382 910 1455 956 12,
1487 908 1561 955 11,
1591 907 1644 946 26
1664 918 1752 956 sqq·
1789 905 1901 942 Conf-

396 974 578 1010 Prooem.
609 969 646 1023 ξ.
673 974 739 1013 20.
769 980 806 1009 et
836 974 990 1010 Colum.
1012 974 1059 1010 R.
1089 976 1135 1010 R.
1168 987 1341 1024 prooem.
1368 988 1408 1024 p.
1428 975 1496 1014 21.
1523 975 1610 1024 Bip.
1632 974 1734 1023 Apte
1753 972 1902 1009 confert

397 1039 617 1076 Hoclzeder.
653 1041 782 1077 Plaut.
809 1043 921 1079 Trin.
945 1043 994 1088 2,
1025 1039 1073 1087 4,
1103 1039 1170 1080 84.
1198 1062 1253 1067 -—
1280 1040 1324 1077 Si
1344 1053 1481 1076 verum
1507 1047 1577 1087 est,
1601 1041 1764 1077 Poetam
1780 1051 1819 1075 v.
1834 1039 1902 1077 27.

397 1119 484 1158 sqq.
509 1108 728 1157 respexisse
753 1107 974 1146 Stoicorum
998 1108 1144 1157 placita
1167 1105 1231 1155 (et
1259 1105 1397 1157 quidni
1426 1107 1659 1157 respexerit,
1689 1118 1779 1142 cum
1801 1105 1902 1142 infra

396 1187 435 1210 v.
458 1173 536 1212 106
555 1174 639 1223 ipsa
659 1172 702 1209 id
718 1175 836 1210 verba
860 1173 1058 1211 declarent
1070 1172 1135 1225 ⁴3),
1167 1175 1285 1210 etiam
1303 1171 1368 1210 hic
1384 1174 1493 1210 locus
1515 1174 1686 1210 similem
1704 1170 1902 1222 putandus

398 1247 456 1276 est
477 1238 637 1277 duxisse
659 1239 843 1276 colorem.
902 1241 1025 1278 Stoici
1053 1242 1159 1276 enim
1172 1269 1182 1287 ,
1226 1252 1349 1290 quum
1374 1241 1661 1277 incrementum
1678 1240 1800 1290 ipsius
1821 1239 1903 1274 vir-

396 1307 490 1343 tutis
509 1306 537 1342 i.
561 1318 594 1342 e.
622 1305 824 1343 absolatae
850 1314 889 1343 et
912 1320 1091 1344 numeros
1112 1320 1202 1342 snos
1227 1305 1406 1343 habentis
1433 1307 1636 1354 tollerent,
1675 1305 1903 1343 homiuibus

397 1373 623 1424 vulgaribus
643 1373 669 1409 i.
688 1386 721 1409 e.
740 1386 820 1410 non
834 1372 1094 1423 sapientibus,
1113 1374 1334 1410 communia
1352 1379 1507 1409 tantum
1524 1373 1651 1411 officia
1670 1372 1903 1418 tribuebant,

399 1453 499 1491 quae
521 1441 608 1491 quis
629 1446 667 1476 et
697 1440 845 1489 ingenii
874 1440 1048 1477 bonitate
1074 1448 1111 1477 et
1137 1441 1407 1491 progressione
1435 1439 1611 1477 discendi
1638 1439 1794 1490 assequi
1811 1451 1906 1489 pos-

398 1514 470 1544 set.
525 1508 584 1543 De
603 1520 644 1543 re
670 1508 754 1557 ipsa
780 1506 893 1544 docte
914 1506 1127 1558 disputavit
1151 1508 1278 1544 Beier.
1303 1507 1354 1544 ad
1385 1507 1465 1544 Cic.
1486 1506 1561 1544 Off.
1579 1507 1625 1554 3,
1655 1507 1695 1546 3.
1717 1504 1766 1553 43
1794 1506 1844 1541 cf.
1867 1499 1904 1553 1,

401 1573 465 1621 15,
486 1570 554 1612 46.
608 1575 708 1610 Hinc
730 1574 879 1610 Seneca
904 1576 1030 1625 Epist.
1058 1575 1121 1614 16.
1151 1574 1322 1624 Liquere
1346 1573 1418 1610 tibi
1437 1574 1510 1611 lzoc
1531 1575 1628 1618 scio,
1655 1572 1808 1617 Lucili,
1836 1585 1907 1608 ne-

398 1640 542 1675 minem
562 1653 678 1689 posse
701 1639 808 1676 beate
834 1643 962 1678 vivere
970 1668 987 1686 ‚
1016 1653 1063 1677 ne
1094 1639 1343 1676 tolerabiliter
1372 1641 1530 1692 quidem
1539 1669 1556 1686 ,
1583 1641 1666 1676 sine
1693 1640 1907 1688 sapientiae

400 1705 527 1742 stadio
541 1721 557 1752 ;
587 1713 624 1742 et
642 1706 795 1743 beatam
815 1710 937 1744 vitam
953 1707 1131 1758 perfecta
1158 1708 1353 1757 sapientia
1371 1708 1471 1758 effici
1480 1723 1497 1754 ,·
1533 1705 1772 1744 tolerabilem
1790 1707 1908 1742 etiam

391 1771 597 1809 inchoata.
658 1774 718 1810 Cf.
738 1773 938 1811 Plutarch.
964 1773 1012 1810 de
1031 1775 1195 1825 profect.
1222 1776 1355 1811 virtut.
1379 1781 1478 1812 sent.
1503 1776 1568 1813 VI.
1587 1788 1627 1825 p.
1646 1773 1728 1812 279
1751 1785 1839 1824 sqq.
1858 1773 1905 1810 R.

509 1840 555 1877 V.
572 1838 639 1879 33.
697 1841 835 1876 Fervet
859 1863 914 1871 —
927 1848 1079 1890 peetus.
1139 1843 1284 1878 Notatu
1307 1841 1470 1891 dignum
1493 1848 1571 1890 est,
1602 1843 1785 1890 Poetam,
1814 1843 1907 1879 ubi-

400 1915 558 1957 cunque·
574 1919 703 1944 mores
733 1920 826 1944 suae
854 1909 991 1944 aetatis
1010 1909 1249 1958 perstringit,
1280 1920 1396 1944 avaro
1418 1909 1563 1958 primas
1586 1909 1755 1946 tribuere
1777 1915 1906 1960 partes

400 1971 450 2009 ad
475 1985 644 2024 euinque
665 1974 721 2009 ire
740 1973 957 2025 redireque,
988 1973 1097 2023 cujus
1115 1976 1170 2011 rei
1193 1988 1352 2012 causam
1373 1976 1469 2011 scite
1485 1977 1638 2025 aperuit
1653 1977 1698 2012 F.
1718 1977 1766 2012 A.
1779 1975 1907 2014 Wolf.

400 2038 451 2075 ad
470 2039 554 2076 Sat.
578 2040 613 2086 1,
637 2040 673 2079 1.
693 2054 733 2090 p.
753 2041 792 2079 9.
851 2042 910 2078 Cf.
934 2041 1017 2078 Sat.
1040 2042 1084 2089 1,
1107 2039 1154 2089 4,
1172 2042 1240 2081 26.
1269 2043 1318 2090 2,
1342 2041 1381 2090 3,
1403 2042 1457 2082 82
1475 2053 1563 2092 sqq·
1582 2042 1629 2090 1,
1665 2044 1710 2090 1,
1738 2043 1793 2083 28
1819 2055 1908 2094 sqq.

398 2107 524 2156 Epist.
545 2107 584 2153 2,
610 2107 645 2153 1,
668 2107 760 2146 119.
780 2109 820 2155 2,
846 2106 923 2147 148
943 2119 1030 2158 sqq.
1067 2107 1258 2145 Avaritia
1275 2122 1393 2146 sensu
1412 2110 1625 2147 Horatiano
1645 2114 1704 2146 est
1717 2115 1804 2146 tum
1823 2116 1910 2146 sta-

400 2173 510 2210 dium
537 2171 711 2209 habendi
737 2175 872 2211 Aurel.
901 2175 1002 2212 Vict.
1039 2174 1150 2212 Caes.
1180 2175 1244 2223 3.,
1273 2189 1384 2212 amor
1409 2174 1583 2212 habenda·
1612 2177 1738 2227 Epist.
1767 2176 1816 2224 7,
1839 2175 1907 2216 85.

399 2241 507 2290 Virg.
526 2240 627 2276 Aen.
646 2239 684 2288 8,
705 2239 800 2280 327.
829 2239 942 2278 Ovid.
962 2243 1056 2278 Met.
1081 2243 1117 2290 1,
1140 2242 1253 2290 131„
1276 2256 1373 2279 cara
1385 2241 1558 2279 habendi
1573 2241 1720 2279 Phaed.
1749 2241 1790 2281 3.
1806 2243 1907 2292 prol.

400 2309 482 2356 21„
511 2307 798 2358 opamsariosa
816 2308 958 2358 cupido
980 2308 1093 2346 Ovid.
1108 2311 1214 2346 Fast.
1228 2311 1263 2357 1,
1280 2310 1390 2358 211„
1412 2311 1567 2361 argenti
1582 2311 1667 2346 siti-s·
1684 2311 1908 2358 importuna

401 2377 496 2412 Hor.
513 2375 639 2426 Epist.
667 2374 742 2422 18,
772 2374 852 2423 23.,
882 2377 974 2412 auri
998 2390 1204 2427 nunquam
1235 2378 1421 2413 exstincta
1447 2377 1532 2413 sitis
1550 2376 1623 2413 Sil.
1655 2375 1700 2423 5,
1731 2376 1828 2415 265.
1857 2376 1908 2413 cf.

400 2439 561 2478 Munck.
586 2440 637 2478 ad
669 2441 850 2491 Fulgent.
876 2443 924 2490 2,
954 2443 992 2482 1.
1027 2457 1067 2494 p.
1089 2444 1155 2482 66.
1169 2472 1179 2491 ,
1216 2441 1389 2479 habendi
1396 2443 1531 2494 sames
1550 2444 1682 2479 Pacat.
1700 2444 1742 2478 in
1759 2443 1907 2494 Paneg.

402 2507 487 2555 25„
515 2513 601 2543 tum
621 2507 708 2556 illa,
740 2521 840 2559 quae
861 2511 1112 2560 comportatis
1138 2510 1196 2546 uti
1214 2510 1346 2557 timet,
1375 2511 1585 2558 tenacitas,
1618 2511 1701 2547 sive
1722 2521 1843 2560 quae,
1863 2515 1909 2546 ut

403 2575 458 2610 ait
474 2573 621 2610 Seneca
641 2576 682 2610 in
699 2577 813 2613 Herc.
835 2577 912 2613 fur.
944 2577 1036 2616 167.
1049 2605 1059 2624 ‚
1099 2577 1303 2625 Componit
1321 2589 1410 2625 opes
1423 2577 1538 2626 gazis
1555 2575 1714 2612 inhians
1738 2574 1794 2611 Et
1815 2588 1909 2612 con-

399 2646 507 2690 gesto
519 2652 675 2689 pauper
691 2642 733 2677 in
750 2655 847 2679 aare
865 2650 937 2688 est,
964 2642 1092 2694 Epod.
1115 2643 1137 2682 1
1152 2672 1162 2690 ‚
1188 2645 1231 2690 1,
1256 2641 1324 2681 33.
1382 2642 1466 2679 Sat.
1494 2643 1536 2689 1,
1568 2643 1612 2690 1,
1634 2643 1702 2682 70.
1721 2654 1782 2693 sq.
1802 2643 1842 2690 2,
1868 2641 1907 2690 3,

405 2707 498 2745 110.
525 2707 632 2755 Virg.
650 2709 751 2744 Aen.
774 2710 821 2757 6,
843 2710 940 2750 610.
969 2710 1040 2746 Ge.
1063 2711 1110 2756 2,
1132 2709 1226 2749 507.
1253 2709 1422 2745 Martial.
1447 2709 1516 2755 12,
1545 2708 1609 2756 53,
1631 2708 1671 2748 3.
1701 2709 1759 2745 De
1784 2710 1909 2759 signi-

403 2773 521 2809 ficatu
539 2785 576 2810 v.
598 2773 695 2810 bene
721 2774 892 2826 disputat
913 2775 1054 2815 Wolff.
1074 2777 1116 2812 in
1136 2775 1359 2826 Prolegom.
1384 2775 1444 2812 acl
1459 2775 1600 2812 Plauti
1608 2774 1800 2813 Aalzdar.
1817 2776 1907 2826 p-S.

404 2841 505 2877 Cum
524 2842 685 2877 avaritia
709 2841 808 2878 bene
825 2844 1004 2893 jungitur
1022 2844 1138 2879 miser
1155 2832 1324 2892 cupido,
1353 2843 1442 2894 qui,
1474 2848 1518 2878 ut
1538 2843 1592 2878 ait
1609 2843 1736 2893 Epist.
1763 2844 1808 2891 1,
1842 2843 1907 2893 18,

404 2908 472 2948 98.
484 2937 495 2955 ,
530 2909 659 2958 agitat
675 2915 862 2959 vexatque
882 2916 921 2946 et
943 2909 1132 2947 Prudent.
1151 2910 1192 2946 in
1208 2911 1383 2947 Hamart.
1401 2909 1495 2949 255.
1513 2909 1616 2957 finis
1637 2921 1751 2960 quem
1769 2907 1905 2946 nultus
