2054 3268
419 254 472 296 16

982 260 1364 298 HORATII

485 370 595 415 Olim
623 371 730 430 quod
756 371 904 430 volpes
933 376 1113 434 aegroto
1138 377 1260 417 cauta
1284 373 1396 417 leoni

483 448 721 508 Respondit
735 480 750 507 ,
786 432 994 492 reseram}
1026 449 1191 511 „Quia
1211 465 1286 494 me
1303 451 1516 510 vestigia
1535 459 1732 506 terrent,

489 527 663 570 Omnia
679 533 723 571 te
737 526 995 570 adversum
1011 529 1294 587 spectantia,
1314 529 1449 574 nulla
1463 537 1773 578 retrorsum.“
1786 561 1841 567 —
1881 536 1932 577 75

486 605 691 660 „Bellica
722 604 977 648 maltorum
1011 620 1061 649 es
1090 607 1324 667 capitum.-
1359 623 1470 652 nam
1499 612 1613 668 quid
1642 627 1819 672 sequar
1849 619 1932 656 aut

1299 684 1468 746 quem?
1477 690 1503 714 ‘⁶

483 760 588 803 Pars
619 762 832 807 hominum
856 764 989 822 gestit
1014 763 1248 807 conducere
1276 767 1467 824 publica3
1498 771 1595 812 sunt
1623 769 1690 825 qui

483 838 650 884 Crustis
679 846 723 885 et
751 843 886 900 pomis
916 842 1067 886 viduas
1093 847 1300 888 venentur
1330 859 1502 904 avaras,

481 918 789 979 Excipiamque
817 935 967 981 senes9
1005 936 1108 980 quos
1138 923 1180 965 in
1210 924 1374 967 vivaria
1406 925 1598 979 mittant3

481 996 630 1042 Multis
660 1000 825 1044 occulto
855 1002 1006 1045 crescit
1030 1013 1099 1044 res
1130 1000 1293 1045 fenore.

415 1157 472 1190 Cf.
489 1158 591 1193 Jahn.
609 1160 654 1193 ad
671 1161 747 1194 Sat.
765 1162 797 1204 2,
815 1162 849 1204 3,
869 1162 946 1196 157.
980 1182 1027 1188 —
1057 1163 1147 1197 deli-

413 1216 482 1258 git.
515 1214 583 1249 Ms.
599 1215 698 1261 Lips.
718 1218 750 1251 1.
783 1217 933 1261 deligat.
962 1219 1030 1252 Ms.
1048 1218 1146 1264 Lips.

414 1272 449 1304 Ξ.
466 1271 484 1313 (
490 1272 532 1305 ab
549 1272 659 1305 altera
675 1284 720 1305 m.
748 1283 838 1306 corr.
857 1273 894 1307 in
909 1274 966 1317 it)
983 1274 1093 1307 Dorv.
1111 1274 1145 1307 2.

413 1347 459 1352 —
474 1327 520 1361 V.
544 1328 601 1363 73.
633 1329 759 1372 volpes.
804 1329 896 1362 Edd.
924 1329 1038 1364 Bentl.
1068 1329 1146 1363 Val.

414 1383 536 1418 Oberl.
567 1385 710 1418 Weber.
721 1410 731 1428 ‚
771 1391 887 1427 recte3
934 1397 968 1419 v.
999 1385 1145 1419 Kirchn.

414 1439 458 1472 ad
490 1440 566 1473 Sat.
599 1452 636 1484 p.
668 1440 869 1475 LXXXVI.
931 1443 1034 1476 Hunc
1065 1453 1145 1476 ver—

413 1505 485 1527 sum
517 1495 636 1539 paucis
674 1497 813 1531 mutatis
845 1498 964 1532 laudat
995 1498 1145 1539 Quintil.

413 1552 500 1584 Inst.
533 1551 574 1595 5,
605 1555 665 1596 11,
692 1554 749 1588 ΞΟ.
782 1573 828 1579 -
858 1554 905 1588 V.
931 1555 988 1589 75.
1022 1555 1146 1588 Omnia

413 1607 594 1640 advorsum
627 1608 751 1644 omisso
783 1614 830 1645 te.
868 1610 937 1644 Ms.
960 1611 1144 1656 antiquiss.

415 1663 521 1696 Torr.
544 1682 591 1688 —

458 1719 504 1752 V.
521 1721 577 1755 76.
594 1719 718 1754 Belua.
747 1721 808 1755 Sic
823 1734 904 1756 mss.
923 1723 1042 1757 Guelf.
1059 1725 1092 1758 2.
1109 1722 1144 1758 4.

414 1787 503 1809 omn.
534 1775 637 1810 Dess.
669 1783 704 1811 et
734 1777 834 1823 Lips.
869 1780 977 1813 Goth.
1010 1780 1143 1815 Graev.

412 1832 551 1876 Reliqui
567 1833 652 1866 nihil
669 1839 888 1869 annotarunt.
931 1835 1060 1870 Forma
1075 1847 1144 1870 non

412 1889 584 1933 geminata
599 1890 784 1935 antiquior,
801 1903 838 1925 v.
848 1891 982 1925 Osann.
995 1892 1038 1925 ad
1046 1892 1142 1938 Apu-

412 1944 470 1988 lej.
487 1945 530 1978 de
546 1945 691 1991 Diphth.
707 1959 743 1992 p.
762 1945 828 1982 134
853 1952 887 1982 et
913 1948 960 1980 cf.
977 1948 1143 1983 Schneid.

412 2000 547 2034 Elmtrl.
564 2015 599 2046 p.
617 2002 715 2047 409.,
747 2008 889 2038 servant
909 2010 1048 2049 praeter
1063 2005 1143 2040 edd.

413 2057 501 2090 Ven.
513 2058 593 2092 483.
610 2059 667 2094 86.
685 2060 742 2094 79.
758 2059 856 2106 Lips.
874 2061 952 2096 492.
969 2061 1078 2094 Loch.
1096 2062 1143 2096 al.

413 2113 515 2146 etiam
530 2114 643 2148 Bentl.
662 2120 697 2149 et
713 2116 832 2151 Comb.
848 2135 895 2141 —
916 2122 966 2151 est
981 2129 1056 2162 cap.
1073 2119 1142 2152 Ms-

413 2181 448 2213 g.
460 2181 515 2214 ap.
527 2170 684 2205 Hoched.
693 2191 740 2197 —
754 2172 872 2217 Plaza,
882 2179 970 2208 teste
981 2174 1144 2219 Cuning.‚

414 2227 569 2260 etBentl.
581 2239 623 2260 ex
633 2229 841 2273 conjectura,
858 2242 934 2275 seq.
951 2231 1040 2265 Cun.
1058 2232 1143 2265 San.

413 2282 564 2315 Mervill.
588 2283 679 2316 Phil.
706 2285 852 2331 Dorigh.
879 2287 975 2321 Sivr.
1001 2288 1144 2323 Wakef.

413 2337 529 2371 WVetz.
534 2340 716 2381 ,confutat
730 2348 870 2387 praeter
885 2350 1019 2379 ceteros
1036 2344 1145 2377 Gesn.

414 2395 560 2437 capitum
576 2407 622 2429 es.
655 2396 722 2431 Ms.
750 2410 809 2433 un.
834 2401 965 2434 Bersni.
993 2401 1147 2445 (captum

413 2450 448 2492 e)
464 2450 563 2485 Dess.
582 2454 614 2486 ⁶2.
632 2455 732 2488 Gott.
748 2457 780 2490 1.
797 2457 890 2491 Edd.
906 2462 993 2491 vett.
1012 2457 1145 2502 ap.Fe.

415 2510 451 2537 et
466 2506 584 2540 Comb.
598 2534 607 2551 ,
636 2510 737 2544 etiam
752 2511 863 2546 Loch.
881 2513 971 2546 Ven.
987 2514 1068 2548 486.
1086 2513 1142 2547 98.

415 2560 514 2605 Lips.
531 2561 609 2598 492.
635 2566 776 2602 Ascens.
795 2569 926 2612 (Paris.
944 2568 1038 2611 528).
1071 2568 1143 2601 Re-

417 2616 504 2650 ctius
521 2617 683 2655 inseritur
697 2635 733 2657 v.
750 2636 795 2668 es,
807 2630 845 2659 ut
859 2625 1028 2660 vocabulo
1045 2628 1143 2658 ante-

417 2673 559 2706 cedendi
585 2678 737 2720 subjecto
762 2680 828 2714 hoc
853 2682 994 2716 levioris
1010 2681 1144 2726 signifi-

417 2728 563 2762 cationis
579 2734 685 2766 verbo
702 2737 810 2779 major
826 2738 972 2772 addatur
987 2738 1061 2781 vis3
1093 2738 1145 2772 sic

416 2784 519 2818 etiam
535 2786 644 2821 locum
661 2789 779 2825 laudat
794 2792 882 2827 Acro
900 2807 936 2829 v.
953 2795 1018 2836 903
1044 2798 1080 2828 et
1094 2794 1144 2828 sic

415 2851 522 2885 supra
551 2844 639 2877 bene
671 2846 748 2879 edd.
781 2850 873 2894 vulg.
906 2851 1048 2895 antiquo
1077 2861 1143 2894 me,

416 2897 575 2940 quoniam
598 2911 782 2944 pronomen
809 2917 877 2940 non
893 2907 998 2942 habet
1012 2918 1142 2941 sonum.

1363 1001 1523 1046 Verum
1879 1002 1933 1042 80

1201 1162 1366 1197 Editores
1391 1163 1480 1197 hane
1500 1174 1571 1197 rem
1587 1174 1694 1208 saepe
1708 1162 1933 1206 neglexerunt

1201 1219 1253 1252 uti
1268 1230 1326 1263 ap.
1345 1219 1430 1253 Tib.
1449 1221 1480 1264 1,
1502 1221 1532 1263 1,
1547 1219 1606 1254 35.
1620 1245 1630 1262 ,
1648 1219 1692 1252 ad
1707 1229 1807 1264 quem
1821 1219 1931 1252 locum

1201 1274 1340 1308 Dissen.
1366 1275 1485 1309 docuit
1499 1275 1692 1309 verissima.
1739 1275 1798 1308 cf.
1814 1275 1931 1308 Klotz.

1202 1330 1247 1364 ad
1263 1330 1339 1364 Cic.
1357 1330 1466 1364 Tusc.
1482 1330 1516 1374 4,
1533 1332 1567 1366 7.
1585 1342 1620 1375 p.
1638 1330 1706 1365 396
1721 1341 1774 1375 sq.
1799 1349 1846 1356 —
1869 1334 1933 1364 aut

1202 1397 1303 1431 quae.
1335 1386 1421 1420 Mss.
1438 1386 1537 1431 Lips.
1556 1387 1587 1420 1.
1603 1386 1640 1420 3.

1247 1443 1293 1476 V.
1311 1443 1368 1478 78.
1387 1443 1533 1476 (trustis.
1551 1441 1637 1475 Mss.
1654 1441 1724 1485 alq.
1743 1440 1932 1486 ap.Lamb.

1202 1500 1310 1543 Cruq.
1337 1498 1442 1532 Torr.
1466 1497 1552 1543 (qui
1575 1498 1700 1543 prob.)
1726 1497 1847 1542 quinq.
1873 1508 1930 1542 up.

1201 1557 1333 1590 Bersm.
1356 1566 1415 1589 un.
1442 1565 1499 1599 ap.
1524 1553 1645 1588 Oberl.
1671 1554 1736 1596 D.,
1769 1553 1858 1598 pqu.
1875 1553 1932 1596 (ut

1199 1612 1355 1655 videtur)
1379 1623 1436 1656 ap.
1462 1610 1528 1644 Fe.
1555 1615 1590 1643 et
1610 1609 1730 1644 Jaeck.
1761 1607 1878 1642 Guelf.
1898 1610 1930 1643 1.

1199 1668 1297 1714 Lips.
1314 1669 1349 1703 3.
1366 1667 1426 1711 (ab
1443 1667 1512 1702 alia
1527 1667 1590 1709 m.)
1607 1666 1715 1700 Goth.
1740 1665 1834 1699 Edd.
1850 1665 1930 1699 Mu—

1199 1730 1266 1758 ret.
1297 1724 1428 1758 Piscat.
1460 1723 1508 1757 H.
1526 1723 1649 1769 Steph.
1683 1721 1768 1766 (qui
1795 1721 1866 1754 def.
1894 1721 1931 1755 in

1198 1781 1312 1815 Diatr.
1326 1791 1396 1814 sec.
1409 1791 1444 1824 p.
1456 1779 1538 1823 125)
1552 1780 1662 1813 Chab.
1672 1778 1804 1812 Bersm.
1814 1777 1930 1812 Bentl.

1198 1838 1294 1872 Feae
1302 1836 1525 1871 etrecentior.
1534 1836 1624 1880 pqu.
1635 1835 1766 1869 Gnatis
1774 1845 1828 1868 ac.
1836 1833 1930 1868 Edd.

1198 1896 1288 1929 Cun.
1298 1894 1383 1927 San.
1391 1891 1540 1927 Mervill.
1547 1892 1682 1926 Frustis
1691 1891 1861 1934 (Frustrin
1871 1902 1930 1924 un.

1199 1952 1331 1985 Bersm.
1349 1954 1384 1983 et
1397 1948 1536 1992 Jaeck.)
1567 1948 1654 1981 Mss.
1678 1947 1770 1993 pqu.
1800 1951 1835 1981 et
1849 1947 1929 1981 edd.

1199 2007 1295 2050 vulg.
1307 2031 1316 2047 ‚
1343 2005 1445 2039 etiam
1459 2004 1555 2038 Pott.
1586 2004 1718 2038 Frustis
1733 2008 1795 2038 aut
1806 2005 1930 2048 pomis.

1198 2064 1268 2099 ΜΒ.
1285 2063 1381 2096 Feae
1397 2063 1429 2105 3,
1448 2073 1479 2095 c.
1498 2072 1519 2095 a
1538 2063 1571 2095 1.
1586 2072 1630 2094 m.
1662 2061 1832 2094 Fastibus.
1859 2060 1930 2094 Ms.

1199 2120 1270 2155 Alt.
1289 2131 1345 2165 ap.
1362 2118 1510 2152 Haberf.
1534 2117 1682 2151 Fructis.
1707 2117 1796 2150 Mss.
1811 2116 1879 2150 duo
1894 2115 1930 2149 in

1200 2181 1322 2222 aperta
1336 2176 1441 2210 litura
1457 2186 1514 2219 ap.
1532 2174 1653 2217 Cruq.,
1670 2172 1731 2217 qui
1746 2172 1797 2206 ita
1811 2172 1929 2216 legen-

1200 2233 1278 2266 dum
1295 2237 1422 2275 censet,
1438 2237 1477 2265 ut
1485 2230 1614 2274 fruetis
1629 2229 1675 2262 sit
1688 2228 1859 2262 secundae
1875 2228 1928 2261 in-

1199 2289 1372 2331 flexionis,
1403 2287 1465 2321 sed
1480 2289 1567 2321 bene
1583 2288 1703 2319 contra
1718 2295 1793 2318 eum
1809 2284 1928 2330 dispu-

1200 2351 1255 2380 tat
1269 2346 1317 2378 H.
1336 2343 1458 2387 steph.
1474 2342 1499 2376 l.
1516 2342 1541 2376 l.
1571 2361 1618 2366 —
1645 2344 1827 2374 venantur.
1859 2341 1929 2374 Ms.

1199 2401 1318 2436 Jaeck.
1334 2400 1370 2434 4.
1401 2399 1446 2432 D.
1472 2409 1530 2444 ap.
1555 2397 1676 2431 Comb.
1701 2396 1820 2430 Guelf.
1837 2397 1871 2431 3.
1889 2397 1930 2440 (α

1201 2455 1462 2502 superscript.).
1501 2453 1547 2487 At
1562 2453 1643 2487 vide
1658 2453 1772 2486 Bentl.
1791 2452 1836 2486 ad
1851 2453 1929 2486 Sat.

1199 2515 1233 2557 Ξ,
1261 2515 1291 2556 1,
1320 2514 1352 2546 1.
1392 2509 1521 2544 Heind.
1555 2509 1599 2542 ad
1631 2509 1707 2542 Sat.
1742 2509 1773 2551 1,
1806 2508 1839 2551 4,
1870 2508 1928 2542 24.

1198 2568 1350 2602 Schmid.
1369 2567 1413 2600 ad
1427 2566 1542 2611 Epist.
1560 2565 1593 2608 6,
1610 2565 1644 2598 4.
1659 2583 1706 2589 —
1720 2563 1766 2597 V.
1782 2564 1839 2598 79.
1858 2564 1931 2597 Ex-

1199 2625 1404 2669 cipiamque.
1420 2622 1490 2656 Ms.
1506 2621 1602 2654 Feae
1619 2622 1650 2664 1,
1666 2621 1702 2654 b.
1718 2639 1765 2645 —
1779 2621 1928 2654 mittunt.

1199 2680 1386 2715 Ms.Pulm.
1398 2680 1434 2713 2.
1451 2677 1612 2712 Jaeck.5.
1631 2676 1769 2711 vinaria
1783 2681 1928 2720 mutant,

1199 2737 1360 2770 mendose
1377 2734 1484 2768 Goth.

1244 2793 1290 2826 V.
1307 2793 1364 2827 80.
1375 2795 1510 2835 fenore.
1527 2790 1589 2823 Sic
1605 2801 1695 2823 omn.
1711 2799 1790 2822 mss.
1809 2788 1928 2822 Guelf.

1198 2851 1299 2884 Dess.
1316 2850 1350 2883 2.
1367 2848 1401 2882 3.
1420 2858 1509 2880 omn.
1527 2846 1624 2891 Lips.
1641 2846 1778 2889 (venere
1789 2844 1927 2887 Goth.)

1198 2906 1291 2940 Edd.
1315 2905 1380 2938 Fe.
1406 2902 1558 2937 Schmid.
1582 2901 1733 2936 Meinek.
1755 2901 1822 2944 al.‚
1854 2901 1927 2934 for-
