2028 3268
156 262 212 306 45
270 258 657 303 COMMENTARII
683 259 743 301 IN
765 258 999 302 HORATII
1027 260 1129 302 LIB.
1146 260 1176 302 1.
1210 260 1377 301 EPIST.
1395 259 1600 309 QUART.
1628 258 1713 301 235

157 391 282 428 statur
311 388 489 438 antiquus
510 386 749 426 Tibullianae
779 387 879 426 vitae
898 390 1050 426 auctor:
1080 388 1275 440 „insignis
1293 387 1413 426 forma
1429 387 1610 438 cultuque
1631 400 1714 426 cor-

158 458 262 510 poris
292 455 578 496 observabilis.“
634 456 710 502 Qui
745 468 769 494 a
791 454 945 493 Tibullo
974 455 1060 507 ipso
1080 453 1148 509 (4,
1172 457 1210 506 1,
1230 456 1344 508 196.)
1366 455 1560 494 humilem
1580 462 1714 493 stam-

158 540 248 563 ram
277 525 348 564 sibi
374 524 607 576 persuadent
629 525 880 575 descriptam,
909 523 1104 561 falluntur.
1155 525 1252 562 Vide
1274 525 1325 562 ad
1349 537 1435 562 eum
1456 523 1525 563 loc.
1543 523 1712 562 Broukh.

157 599 198 632 et
214 593 364 632 Dissen.
400 593 557 642 Cruquii
583 596 710 631 autem
732 591 953 643 explicatio:
979 592 1159 642 formam
1178 592 1431 641 humanam,
1459 593 1626 631 absurda
1641 595 1713 630 est.

157 661 218 701 Cf.
247 661 450 702 Weichert.
480 660 506 701 1.
530 660 555 701 l.
585 675 624 712 p.
647 661 742 702 237.
765 664 805 698 et
819 658 998 697 Doederl.
1027 659 1120 709 Syn.
1139 660 1208 701 ΙΙΙ.
1226 674 1280 713 P·
1309 661 1379 702 25.

269 729 316 767 V.
336 731 376 769 7.
417 730 479 766 Di
508 727 583 765 tibi
609 729 774 766 divitias
804 727 1008 765 dederunt.
1058 726 1118 765 De
1139 729 1277 766 divitiis
1300 728 1525 767 Tibullianis
1543 729 1645 768 varie
1663 729 1714 768 ad

155 797 256 836 hunc
280 799 404 836 locum
435 797 634 849 disputant
663 796 896 834 Schmidius
924 794 1199 847 Orelliusqne,
1235 797 1402 846 itemque
1429 798 1644 835 Dissenius
1675 798 1714 836 in

156 865 232 904 vit.
257 865 347 903 Tib.
375 879 414 917 p.
432 865 538 916 XV.,
560 865 789 902 Paldamus
808 865 847 901 in
873 862 1013 914 „R6m.
1031 863 1193 902 Erotik“
1214 878 1252 915 p.
1278 865 1346 905 51.
1378 870 1416 903 et
1443 866 1481 903 in
1498 865 1713 904 Zimmerm.

159 934 342 972 Zeitschr.
367 934 394 971 f.
414 935 454 972 d.
490 933 775 972 Alterthmsw.“
804 934 928 974 1837.
958 949 999 986 p.
1021 933 1138 981 936„
1177 933 1389 983 Gruppius
1415 934 1454 971 in
1483 934 1577 972 libro
1600 947 1715 985 saepe

157 1002 314 1040 laudato
346 1015 386 1054 p.
414 1000 509 1043 255.
542 1001 636 1042 259.
669 1001 767 1042 391.
812 1001 872 1039 Cf.
911 1001 1096 1039 Bac-liius
1125 1001 1164 1038 in
1195 1001 1344 1051 „Geist
1373 1003 1411 1043 d.
1433 1000 1547 1041 Ro'm.
1576 1002 1714 1053 Eleg.“

157 1084 197 1122 p.
221 1070 303 1112 XV.
352 1067 412 1106 De
436 1069 505 1106 hac
535 1081 576 1106 re
604 1072 797 1107 vetustate
823 1069 960 1108 obruta
991 1069 1040 1107 ob
1061 1081 1220 1118 eamque
1245 1083 1396 1108 causam
1422 1070 1637 1108 difficillima
1659 1072 1714 1109 sic

155 1139 245 1176 mihi
262 1138 507 1189 judicandum
531 1137 700 1184 videtur,
734 1137 938 1176 Horatium
958 1137 1111 1176 Tibullo
1131 1138 1279 1176 divitias
1300 1138 1495 1188 tribuisse,
1526 1143 1713 1188 quatenus

155 1208 188 1244 is
218 1207 413 1258 praedium
434 1206 576 1244 avitum
605 1208 644 1242 et
675 1205 713 1242 id
737 1205 810 1243 hoc
833 1207 984 1256 quidem
1014 1210 1184 1258 tempore
1204 1207 1419 1258 possederit
1443 1220 1520 1245 non
1539 1208 1713 1249 accisum.

156 1275 295 1312 Cetera
314 1275 488 1312 nituntur
514 1274 739 1324 conjectura.
764 1297 815 1302 —
831 1282 1036 1325 artemque
1047 1275 1242 1326 fruendi,
1273 1276 1321 1313 de
1352 1276 1443 1325 hac,
1476 1275 1623 1326 qualem
1643 1275 1715 1314 sibi

155 1343 263 1381 finxit
283 1343 491 1393 Horatius,
518 1343 694 1380 dixerunt
719 1341 950 1390 Bentlzy'us,
985 1342 1183 1391 lVoisius,
1208 1343 1458 1382 Kirclznerus
1487 1345 1537 1382 ad
1559 1345 1642 1383 Sat.
1676 1344 1714 1394 1,

159 1412 197 1462 1,
217 1411 286 1452 38.
313 1423 460 1460 nosque
494 1411 567 1462 ipsi
597 1410 684 1448 olim
717 1410 835 1447 fusius
870 1412 919 1448 ad
945 1410 1068 1461 Epist.
1094 1411 1115 1450 1
1131 1439 1142 1458 ,
1166 1411 1241 1460 10,
1267 1409 1334 1450 44.
1362 1426 1399 1464 p.
1426 1414 1495 1454 72.
1549 1412 1607 1450 Ex
1627 1424 1714 1449 sen-

155 1479 277 1517 tentia
314 1480 367 1517 G.
389 1479 428 1515 J.
463 1479 596 1516 Vossii
619 1478 733 1527 (Inst.
766 1478 882 1517 Rhet.
907 1478 936 1517 I.
979 1493 1017 1530 p.
1036 1478 1125 1530 72.)
1155 1478 1340 1518 Horatius
1372 1481 1432 1518 hic
1464 1481 1631 1519 imitatus
1654 1485 1714 1518 est

156 1545 430 1595 Menandrum,
458 1547 562 1597 cujus
580 1546 702 1585 locum
721 1548 988 1598 adscripsimus
1007 1547 1131 1598 Epist.
1160 1547 1198 1596 1,
1216 1543 1263 1596 2,
1284 1547 1352 1588 50.
1377 1563 1415 1600 p.
1444 1549 1539 1589 176.
1579 1549 1642 1586 Cf.
1666 1550 1714 1587 de

156 1615 256 1653 vitae
286 1615 398 1670 bonis
429 1614 625 1653 Jamblich.
654 1617 704 1653 ad
726 1615 867 1654 Philos.
900 1615 1053 1656 adhort.
1083 1629 1116 1653 c.
1137 1616 1202 1655 19.
1237 1629 1276 1667 p.
1302 1616 1397 1656 272.
1426 1617 1486 1653 ed.
1504 1616 1706 1669 Kiessling.

156 1680 254 1722 Plat.
293 1683 341 1720 de
365 1682 490 1734 Legg.
512 1685 552 1724 2.
590 1697 630 1735 p.
652 1684 749 1723 661.
775 1685 835 1724 ed.
867 1684 991 1722 Bekk.
1023 1697 1063 1734 p.
1083 1682 1177 1725 248.
1197 1688 1236 1722 et
1267 1684 1317 1721 ad
1342 1687 1464 1722 totam
1483 1687 1713 1725 sententiam

156 1762 254 1800 quae
273 1756 541 1803 compararunt
562 1752 791 1790 Mitsclzerl.
816 1759 856 1790 et
884 1752 1007 1792 Orell.
1028 1753 1079 1790 ad
1095 1752 1171 1790 Od.
1195 1753 1234 1799 1,
1255 1752 1324 1802 21,
1348 1753 1412 1792 17.
1438 1754 1504 1793 18.

269 1818 318 1859 V.
339 1821 379 1860 8.
403 1820 440 1860 9.
492 1820 604 1870 Quid
631 1829 771 1858 voveat
803 1825 876 1860 etc.
928 1821 1140 1859 Verborum
1165 1821 1336 1858 ordinem
1365 1833 1411 1859 ex
1438 1826 1593 1874 recepta
1620 1823 1710 1861 scri-

156 1891 270 1939 ptura
289 1886 535 1934 Lambinus,
557 1889 786 1938 Bentlejus,
812 1890 873 1928 alii
893 1894 995 1927 recte
1023 1889 1077 1926 sic
1095 1890 1352 1928 constituunt:
1381 1889 1618 1940 „Alumno,
1640 1892 1712 1942 qui

155 1968 292 2005 sapere
321 1963 358 1992 et
377 1957 468 2007 fari
486 1958 619 2007 possit
645 1965 683 1994 et
711 1959 779 1995 cui
798 1962 893 2008 etc.‚
929 1958 1031 2009 quid
1049 1958 1257 1995 nutricula
1277 1966 1382 2009 optet
1402 1959 1605 2004 νηοίιιο.)α
1639 1959 1710 1997 Et-

155 2023 254 2061 enim
285 2024 324 2061 in
347 2037 428 2062 voc.
453 2025 681 2062 nutriculae
710 2027 860 2064 candidi
888 2026 1025 2063 amoris
1054 2038 1298 2075 summaeque
1325 2028 1491 2066 caritatis
1512 2031 1572 2065 est
1593 2028 1712 2078 signi-

154 2091 303 2141 ficatio,
327 2103 423 2140 quae
444 2093 643 2130 adiuvatur
657 2093 840 2144 Epitheto
862 2094 987 2133 dulci.
1043 2093 1129 2131 Alia
1149 2095 1336 2132 nutricum
1360 2100 1601 2145 matrumque
1621 2100 1712 2134 vota

154 2164 449 2198 commemorant
465 2160 615 2199 Persius
636 2162 676 2209 2,
701 2159 882 2201 31——40.
915 2162 1020 2210 (ibiq.
1037 2160 1185 2200 Hauth.
1206 2175 1244 2212 p.
1258 2163 1352 2203 129.
1364 2176 1451 2213 sqq.
1466 2162 1580 2215 133.)
1595 2166 1633 2201 et
1643 2164 1710 2200 Ju-

154 2227 296 2265 venalis
322 2228 400 2276 10,
425 2229 507 2269 289
528 2225 692 2270 ——345.
717 2251 775 2256 ——-
823 2229 868 2267 V.
890 2229 932 2271 9,
969 2229 1049 2278 Qui
1077 2243 1217 2279 sapere
1248 2237 1283 2265 et
1302 2231 1396 2281 sari
1413 2233 1570 2280 possit,
1607 2244 1711 2282 (luae

154 2297 311 2332 sentiat.
361 2296 458 2334 Cum
478 2296 549 2334 hoc
576 2297 659 2335 loco
677 2297 840 2335 Solanus
865 2301 1060 2348 comparat
1075 2295 1232 2334 Lucian.
1258 2297 1305 2334 de
1325 2298 1451 2339 saltat.
1474 2299 1543 2340 36.
1577 2298 1643 2351 (V.
1670 2312 1709 2348 p.

155 2360 249 2403 146.
266 2363 374 2414 Bip.)
433 2363 515 2404 Καὶ
543 2361 640 2418 ’ὅπερ
671 2363 694 2405 ὁ
716 2367 971 2418 Θουκυδίδης
998 2363 1089 2416 περὶ
1119 2368 1191 2404 τοῦ
1214 2365 1458 2418 Περικλέους
1480 2365 1572 2418 ἔφη,
1596 2366 1706 2407 ἔπαι-

154 2434 237 2471 νῶν
252 2428 323 2472 τὸν
337 2429 479 2484 ἄνδρα,
495 2435 614 2473 τοῦτο
635 2433 703 2473 καὶ
725 2431 770 2474 τό
789 2437 863 2475 τοῦ
886 2430 1085 2486 ὀρχηστοῦ
1106 2429 1326 2485 οἷκρότατον
1345 2430 1397 2474 ἂν
1417 2431 1617 2487 ἐγκώμιον
1634 2434 1709 2488 εἴη,

154 2501 307 2552 γνῶναί
327 2515 367 2540 τε
388 2499 435 2540 τοὶ
459 2500 602 2541 δέοντα
626 2501 694 2541 καὶ
716 2501 961 2555 ἑρμηνεῦσαι
985 2498 1099 2541 αὐτά.
1130 2501 1219 2553 Ipse
1240 2503 1339 2540 enim
1354 2503 1402 2540 de
1415 2515 1456 2540 se
1466 2501 1626 2541 Pericles
1647 2517 1709 2553 ap.

156 2567 384 2618 Thucyd.2‚
394 2569 460 2609 60.
480 2570 626 2609 Καίτοι
646 2569 735 2622 ἐμοὶ
755 2567 926 2626 τοιούτῳ
949 2567 1066 2623 ἄνδρὶ
1087 2566 1308 2623 ὀργίζεσθε,
1327 2567 1372 2618 ὅς
1389 2567 1559 2618 ου’δενὸς
1571 2567 1710 2623 ἥσσων

156 2635 292 2687 οἴομαι
315 2632 419 2676 εἶναι
438 2638 594 2688 γνῶναί
612 2653 652 2678 τε
672 2636 720 2679 τὰ
742 2636 887 2680 ὄεόντα
910 2639 978 2680 καὶ
1001 2639 1245 2692 ἑρμηνεῦσαι
1265 2641 1389 2678 ταῦτα
1410 2655 1446 2679 κ.
1469 2656 1501 2679 τ.
1525 2643 1561 2680 λ.
1605 2639 1709 2677 Con-

156 2707 217 2741 tra
241 2704 289 2741 de
315 2704 498 2743 Cicerone
519 2705 678 2750 Quintil.
710 2707 804 2746 Inst.
836 2708 913 2758 10,
946 2709 991 2757 1,
1027 2707 1118 2748 123.
1162 2706 1277 2744 Scias
1307 2720 1397 2743 eum
1416 2709 1583 2754 sentire,
1605 2722 1708 2759 quae

155 2770 265 2808 dicit.
314 2773 437 2809 Sensu
463 2773 608 2824 vulgari
633 2775 712 2813 Cic.
731 2777 779 2814 de
804 2776 915 2815 Orat.
937 2776 974 2824 1,
994 2777 1019 2816 8
1034 2805 1045 2825 ,
1073 2776 1141 2816 32.
1175 2775 1286 2826 quod
1306 2776 1520 2826 exprimere
1540 2776 1707 2814 dicendo

154 2852 269 2877 sensa
282 2855 510 2891 possumus
556 2841 619 2883 Cf.
646 2843 737 2882 ibid.
772 2844 819 2894 1,
844 2840 921 2894 14,
938 2843 1005 2886 63.

268 2909 314 2947 V.
334 2909 401 2948 10.
429 2909 496 2948 11.
545 2909 692 2949 Gratia
720 2935 777 2940 —
804 2911 1028 2948 crumena?
1072 2911 1219 2948 Gratia
1248 2923 1293 2949 ex
1315 2915 1441 2950 mente
1473 2913 1706 2964 Doeringii,

155 2976 214 3014 cui
241 2976 447 3016 assentitur
470 2976 699 3026 Hoclzeder,
723 2979 872 3031 passive
890 2983 929 3018 et
952 2979 1093 3029 active,
1121 2979 1170 3016 de
1190 2991 1265 3029 qua
1289 2991 1330 3017 re
1353 2980 1497 3018 dubito.
1557 2980 1706 3018 Gratia
