2028 3268
149 266 176 309 5
618 272 761 310 LIBRI
789 272 820 309 I.
876 271 1143 311 EPISTOLA
1172 275 1224 311 11.

1620 271 1702 315 111

217 376 344 427 Hunc
378 395 523 446 amor,
559 387 625 430 ira
659 386 826 446 quidem
855 389 1134 433 communiter
1165 389 1251 434 urit
1279 391 1516 450 utrumque.

217 459 426 521 QuIcquid
463 463 648 512 delirant
680 481 838 529 reges,
880 468 1124 528 plectuntur
1163 469 1334 514 Achivi.

217 537 470 604 seditione,
514 544 650 608 dolis7
693 548 859 593 scelere
900 553 1026 608 atque
1062 548 1234 594 libidine
1271 552 1315 594 et
1351 549 1415 594 ira

1650 549 1703 591 15

216 620 373 668 Iliacos
406 623 520 669 intra
552 641 700 673 muros
735 631 935 688 peccatur
971 633 1015 673 et
1053 634 1195 675 extra.

214 698 417 764 Rursus,
453 705 551 763 quid
584 709 720 754 virtus
757 712 803 755 ot
842 708 940 769 quid
974 710 1185 769 sapientia
1222 710 1376 770 possit,

150 862 207 895 cst
243 861 425 896 annotatio
464 862 690 910 Heindorfii)
742 865 897 911 repetita

149 918 415 964 praepositione
439 920 536 955 inter
555 921 709 958 offensus
726 922 820 958 hunc
841 923 895 957 lo-

150 986 228 1010 cum
249 975 320 1021 legi
343 976 494 1012 mavult:
543 978 678 1014 Nestor
702 992 814 1026 comp.
841 981 895 1015 lit.

152 1033 296 1068 Primus
313 1033 461 1069 Peliden
466 1036 625 1079 festinat
640 1043 675 1073 et
689 1038 785 1073 inter
799 1039 897 1072 Atri-

149 1091 231 1125 den.
279 1090 384 1132 Quae
419 1093 558 1138 quidem
595 1094 667 1129 viri
703 1095 898 1131 acutissimi

148 1148 323 1183 sententia
341 1159 434 1184 nunc
448 1162 514 1196 pro
531 1151 675 1198 explosa
693 1157 813 1199 potest
831 1153 895 1187 ha-

147 1205 238 1241 beri.
263 1206 347 1241 Vid.
373 1207 491 1242 Hand.
514 1208 624 1244 Turs.
654 1210 722 1245 ΠΙ.
757 1223 793 1257 p.
816 1211 896 1246 409.

149 1267 187 1298 et
199 1263 245 1298 cf.
255 1263 458 1301 Hoffmann.
471 1266 509 1301 in
518 1267 623 1301 Jahn.
635 1268 780 1303 Jahrbb.
794 1269 894 1303 1828.

146 1321 198 1356 II.
222 1323 255 1357 1.
279 1335 316 1368 p.
339 1322 397 1359 49.
435 1324 628 1359 Hermann.
656 1325 701 1361 ad
728 1326 897 1372 Sophocl.

148 1380 240 1416 Oed.
266 1381 343 1416 col.
377 1383 456 1418 812.
490 1386 526 1417 et
552 1383 693 1418 Dissen.
723 1383 767 1418 ad
792 1383 896 1418 Pind.

147 1438 251 1475 Nem.
270 1439 371 1474 VIII.
397 1452 434 1487 p.
459 1440 560 1486 481.‚
596 1441 658 1486 qui
683 1442 774 1476 bene
800 1452 894 1475 com-

147 1499 253 1542 parat
267 1492 541 1542 τάνᾊδροὶστου
557 1495 627 1534 τάν
642 1510 682 1533 τε
698 1497 896 1543 Καδμείων

147 1549 241 1598 ἔριν.
265 1551 344 1588 Alia
364 1555 569 1602 suppeditat
586 1555 795 1591 Schmidius.
822 1556 896 1590 Sed

140 1610 214 1656 jam
246 1615 328 1646 ante
361 1617 484 1647 contra
516 1613 715 1658 Bentlejum
747 1615 895 1659 ejusque

145 1668 350 1714 rigidiorem
370 1679 379 1685 ”
396 1670 639 1705 adversarium
686 1671 894 1716 Cuningam.

147 1726 351 1772 (Animadv.
374 1727 413 1761 in
428 1727 517 1762 Hor.
535 1728 651 1763 Bentl.
670 1729 724 1764 13.
740 1741 777 1775 p.
794 1730 895 1774 245.)

146 1786 289 1821 saniora
311 1785 433 1820 docuit
456 1786 721 1821 Ruddimannus
745 1787 783 1821 in
805 1787 893 1822 Inst.

145 1845 213 1879 Gr.
237 1844 268 1879 I.
291 1856 328 1890 p.
343 1844 424 1880 320.
451 1844 506 1878 ed.
523 1844 650 1879 Stallb.
672 1865 719 1871 —

191 1902 238 1936 V.
264 1902 320 1937 13.
353 1901 464 1936 Nunc
482 1913 596 1939 amor.
634 1902 704 1937 Ms.
719 1902 842 1938 Jaeck.
861 1905 894 1939 1.

144 1962 258 1996 Illum
281 1972 382 1995 amor
402 1958 474 2005 legi
490 1959 619 1995 mavult
632 1960 743 1995 Zach.
759 1962 895 1996 Pearce

145 2019 224 2054 loco
248 2019 293 2053 ad
317 2029 354 2053 v.
381 2019 436 2052 10.
461 2017 618 2052 laudato.
665 2019 732 2063 At,
758 2019 896 2054 etiamsi

144 2075 294 2111 Peliden
327 2075 442 2109 Poeta
481 2075 735 2120 intellexisset,
790 2075 896 2110 facile

146 2141 262 2170 tamen
295 2132 564 2179 supersedemus
591 2134 658 2167 hac
681 2133 894 2180 conjectura,

144 2204 251 2239 quum
273 2191 331 2226 laic
354 2202 463 2236 saepe
496 2191 541 2224 ad
573 2202 699 2228 nomen
728 2191 894 2225 remotius

145 2250 334 2286 referatur.
393 2247 477 2283 Vid.
502 2260 590 2294 quos
622 2248 766 2284 laudant
788 2249 892 2283 Jahn.

144 2309 191 2344 ad
206 2309 282 2343 Sat.
299 2309 334 2351 2,
350 2308 384 2351 2,
401 2307 458 2341 29.
483 2311 518 2340 et
535 2306 689 2343 Schmid.
713 2306 760 2341 ad
775 2307 893 2354 Epist.

145 2369 180 2412 1,
196 2367 250 2412 17,
265 2366 318 2401 19.
331 2384 378 2392 -·-
400 2364 445 2401 V.
465 2364 519 2399 14.
544 2364 752 2399 discordant
776 2376 893 2410 reges.

142 2423 215 2458 Ms.
246 2420 368 2461 Jaeck.
401 2421 436 2457 4.
497 2422 663 2457 Ceterum
699 2422 893 2469 reprehen—

143 2482 260 2519 denda
296 2486 351 2516 est
377 2480 433 2516 lit.
467 2482 611 2530 majusc.
645 2493 681 2515 v.
712 2481 833 2527 Reges
857 2481 895 2514 in

146 2539 228 2574 edd.
259 2539 350 2575 Cun.
372 2539 510 2574 Valart.
540 2540 586 2575 al.
634 2538 748 2573 Nemo
774 2544 891 2574 tamen

145 2602 270 2632 contra
319 2609 453 2632 omnem
498 2597 610 2632 latine
664 2597 891 2633 scribentium

143 2667 274 2690 morem
298 2656 410 2700 magis
435 2655 594 2690 abutitur
619 2655 686 2690 hac
713 2656 892 2690 scribendi

143 2713 302 2757 ratione,
329 2724 433 2758 quam
459 2713 676 2759 Wetzelius,
703 2719 744 2750 ut
768 2726 804 2749 v.
833 2715 890 2751 13.

145 2771 201 2807 17.
226 2767 284 2805 48.
310 2769 370 2805 49.
397 2769 456 2806 55.
480 2771 540 2807 59.
564 2783 644 2818 sqq.

189 2828 238 2862 V.
267 2826 325 2863 15.
373 2828 486 2875 dolis,
516 2830 625 2865 caede
649 2834 772 2875 atque.
820 2830 891 2865 Ms.

143 2883 242 2920 Feae
265 2887 301 2931 2,
328 2898 361 2921 e.
379 2906 427 2912 -—
451 2886 498 2921 V.
524 2888 581 2922 16.
630 2887 725 2922 inter
755 2899 890 2923 muros.

141 2941 232 2978 Mss.
250 2943 373 2979 Comb.
399 2945 447 2978 F.
474 2946 512 2978 et
533 2944 632 2980 Fene
649 2946 684 2990 6,
701 2947 738 2981 b.
766 2947 889 2981 Guelf.

144 3001 178 3036 1.
195 3001 230 3038 2.
257 3001 370 3038 Dorv.
387 3003 424 3038 2.
451 3014 572 3038 muros
588 3003 700 3040 intra.
727 3004 798 3040 Ms.
817 3004 889 3040 Fa-

954 866 1075 910 bricii,
1112 865 1167 901 ed.
1196 865 1363 910 Cuning.‚
1391 864 1452 899 sed
1488 863 1563 899 vid.
1595 862 1700 897 Jahn.

954 924 999 959 ad
1027 925 1147 970 Epist.
1166 925 1223 967 20,
1252 924 1286 958 8.
1317 928 1353 957 et
1379 923 1521 958 Ramsh.
1545 922 1612 955 Gr.
1637 921 1700 954 lat.

954 996 991 1030 p.
1023 984 1105 1019 380.
1151 986 1363 1027 peccantur.
1410 981 1480 1015 Ms.
1517 978 1639 1014 Jaeck.
1666 978 1701 1012 4.

950 1045 1163 1088 pugnatur.
1224 1039 1295 1073 Ed.
1350 1038 1499 1074 Haberf.
1550 1037 1704 1070 fortasse

955 1109 1143 1144 operarum
1181 1109 1314 1132 errore.
1364 1097 1421 1131 Jo.
1460 1093 1639 1128 Sarisber.
1666 1093 1703 1126 in

952 1157 1051 1201 Nug.
1078 1156 1164 1190 Cur.
1187 1155 1212 1188 1.
1231 1154 1256 1188 1.
1285 1155 1352 1188 hoc
1378 1153 1501 1187 ordine
1521 1151 1621 1198 ponit
1639 1162 1700 1183 vv.

955 1214 1011 1249 14.
1032 1215 1088 1248 15.
1109 1214 1185 1248 16.:
1214 1212 1406 1256 Seditione,
1433 1211 1535 1244 dolis.
1552 1229 1599 1234 —
1617 1208 1703 1242 Ilia-

952 1282 1022 1304 cos.
1039 1290 1087 1296 —
1108 1270 1289 1315 Quicquid
1312 1270 1482 1304 delirant.

999 1329 1046 1363 V.
1077 1330 1132 1364 17.
1184 1329 1358 1362 Rursum.
1412 1327 1483 1361 Ms.
1519 1324 1636 1359 Bentl.
1666 1324 1700 1358 6.

953 1386 1050 1421 Edd.
1076 1387 1196 1421 Bentl.
1235 1387 1327 1420 Cun.
1362 1386 1451 1420 San.
1489 1383 1609 1417 Merv.
1643 1380 1700 1415 ed.

950 1443 1068 1478 Paris.
1097 1443 1178 1479 752.
1215 1443 1390 1478 Baskerv.
1415 1441 1567 1486 Dorigh.
1603 1439 1700 1474 Sivr.

952 1501 1097 1536 Wakef.
1118 1502 1237 1536 Wetz.
1270 1501 1421 1536 Haberf.
1450 1501 1576 1546 Camp.
1604 1498 1701 1531 Pott.

950 1560 1162 1595 Praedicov.
1211 1559 1315 1593 Hanc
1349 1559 1559 1606 scripturam
1587 1555 1702 1590 evita·

951 1623 1051 1652 turus
1086 1622 1122 1651 et
1156 1617 1296 1651 sibilum
1330 1621 1366 1651 et
1399 1613 1704 1650 homoeoteleuton

951 1675 1072 1710 intulit
1098 1674 1298 1719 Bendejus,
1326 1674 1531 1720 comprobat
1547 1671 1701 1715 Cuning.

951 1733 989 1767 in
1015 1732 1202 1767 Animadv.
1230 1744 1263 1767 c.
1284 1734 1338 1767 12.
1364 1745 1400 1778 p.
1419 1732 1514 1774 207„
1541 1740 1611 1763 non
1636 1728 1701 1762 im-

949 1792 1104 1837 probant
1129 1790 1282 1824 Gesner.
1321 1795 1357 1824 et
1390 1787 1539 1823 Bothius
1566 1787 1605 1820 in
1628 1784 1702 1818 An-

951 1852 1080 1883 notatt.
1103 1848 1147 1882 ad
1172 1848 1219 1882 F.
1253 1849 1326 1882 Sed
1343 1846 1481 1892 antiqui
1502 1844 1697 1890 scriptores

951 1907 1039 1941 talia
1065 1917 1175 1952 saepe
1200 1917 1271 1939 non
1298 1910 1436 1939 curant.
1486 1904 1549 1938 Sic
1563 1902 1698 1935 Lucan.

952 1966 987 2007 2,
1014 1963 1097 1999 456.
1147 1964 1188 1998 Si
1219 1975 1350 1997 rursus
1374 1962 1484 1996 tellus
1520 1963 1589 1994 etc.
1627 1958 1703 1992 sine

953 2022 1026 2057 nlla
1041 2023 1242 2068 scripturae
1259 2021 1448 2056 varietate.
1464 2018 1594 2062 Virgil.
1612 2016 1701 2050 Aen.

951 2079 986 2123 3,
1003 2080 1084 2114 422.
1114 2080 1184 2124 (ibi
1199 2079 1353 2122 Wagn.)
1382 2077 1540 2110 Fluctus
1557 2086 1703 2108 rursus-

953 2149 1034 2181 que.
1083 2136 1192 2171 Ovid.
1210 2135 1299 2170 Met.
1320 2134 1373 2178 15,
1394 2135 1471 2169 190.
1500 2143 1703 2176 rursusque

952 2195 1068 2239 alius,
1096 2194 1157 2228 ubi
1181 2193 1308 2226 Heins-
1337 2196 1374 2225 et
1396 2192 1516 2225 Burm.
1543 2202 1613 2224 non
1638 2191 1701 2225 de-

950 2253 1083 2287 bebant
1113 2250 1271 2285 scribere
1292 2259 1462 2286 rursum,·
1499 2252 1535 2282 et
1570 2249 1699 2283 Horat.

951 2310 1029 2343 Sat.
1051 2311 1082 2353 1,
1102 2308 1134 2352 6,
1152 2309 1209 2343 79.
1240 2307 1271 2341 si
1287 2308 1367 2351 quis
1384 2306 1527 2340 vidisset
1537 2318 1549 2344 ,·
1574 2306 1652 2340 Sat.
1666 2308 1700 2350 2,

949 2369 984 2412 2,
1002 2368 1038 2402 7.
1086 2365 1242 2400 Acclinis
1253 2365 1387 2409 salsis3
1410 2363 1453 2397 A.
1469 2363 1512 2397 P.
1533 2364 1612 2398 161.
1633 2365 1702 2398 Im-

951 2424 1065 2460 herbis
1091 2422 1239 2467 juvenis
1248 2435 1261 2461 ,-
1297 2421 1398 2466 Virg.
1436 2421 1526 2455 Aen.
1552 2422 1591 2465 1,
1618 2422 1700 2457 230.

952 2481 1117 2518 Aeternis
1134 2479 1233 2525 regis
1255 2480 1432 2525 imperiis,·
1459 2480 1514 2523 12,
1532 2479 1613 2514 706.
1647 2479 1701 2513 di-

947 2540 1058 2575 versis
1079 2539 1249 2584 partibus
1273 2538 1367 2572 orbis
1376 2551 1388 2578 ;
1412 2537 1521 2572 ovid.
1549 2537 1636 2571 Met.
1664 2538 1698 2579 8,

948 2599 1018 2634 583
1046 2597 1175 2632 animis
1205 2596 1370 2630 immanis
1394 2601 1428 2631 et
1453 2595 1562 2630 undis
1570 2608 1582 2634 ;
1609 2595 1697 2629 ibid.

948 2657 982 2701 5,
999 2657 1080 2691 466.
1099 2659 1298 2699 narrasset,
1317 2655 1379 2689 sed
1396 2659 1441 2690 et.
1467 2657 1503 2688 et
1517 2653 1699 2688 innumera

949 2716 1036 2758 alia,
1066 2725 1109 2748 ex
1130 2712 1257 2757 quibus
1276 2711 1439 2759 apparet,
1457 2712 1560 2747 istum
1577 2723 1699 2746 sonum

949 2773 1162 2816 syllabarum
1194 2776 1230 2805 et
1255 2771 1496 2806 continuarum
1523 2776 1559 2805 et
1585 2771 1697 2804 inter-

951 2830 1042 2864 vallo
1070 2829 1219 2875 quodam
1245 2840 1325 2864 sese
1350 2829 1600 2875 excipientium
1628 2841 1698 2863 non

950 2887 1140 2922 offendisse
1165 2899 1268 2921 aures
1294 2888 1492 2930 Romanas3
1518 2888 1571 2922 sic
1597 2900 1632 2923 v.
1663 2889 1696 2923 1.

954 2946 1107 2988 Trojani
1124 2945 1217 2980 belli.
1266 2946 1312 2979 cf.
1332 2959 1368 2979 v.
1386 2947 1445 2981 22.
1463 2951 1499 2981 et
1515 2947 1593 2980 Sat.
1614 2948 1644 2990 1,
1663 2947 1695 2990 4,

948 3005 1007 3039 91.
1052 3004 1082 3039 si
1108 3004 1182 3039 risi.
1230 3003 1288 3038 cf.
1328 3005 1500 3049 Wagner.
1543 3003 1694 3045 Quaest.
