2028 3268
132 262 186 304 13

598 260 742 300 LIBRI
766 261 801 299 1.
858 257 1126 299 EPISTOLA
1154 259 1207 298 11.

1600 252 1684 296 119

198 375 366 436 Incipe!
436 374 518 433 Qui
553 381 671 422 recte
705 375 877 422 vivendi
909 378 1121 436 prorogat
1149 374 1317 435 horam,

197 455 403 503 Rusticus
441 461 688 519 exspectat,
730 457 828 503 dum
857 453 1017 501 defluat
1051 457 1212 517 amnis,
1250 459 1298 501 at
1328 453 1404 499 ille

131 632 165 676 1,
183 632 216 677 1,
232 630 290 668 28.
315 635 354 668 et
375 645 467 680 quae
490 634 659 670 annotavi
684 633 815 669 ibidem
838 644 877 668 v.

128 689 187 724 87.
213 701 252 735 p.
278 690 339 726 92.
393 691 611 737 Intelligitur
639 693 748 737 enim,
782 690 879 736 quod

127 747 238 792 ajunt,
262 747 390 793 partic.
415 750 457 783 si.
473 769 522 775 —
545 751 743 796 sapientius
768 749 877 783 aude.

127 804 196 839 Bu.
213 804 241 837 f.
259 811 382 840 contra
397 811 556 852 metrum,
573 813 614 842 ut
628 819 738 854 supra
754 806 876 841 Guelf.

127 861 164 895 4.
196 861 363 907 differas.

173 918 220 953 V.
248 918 307 954 41.
345 921 418 964 Qui
440 927 534 957 recte
559 922 627 956 υἰυ.
673 922 744 957 Ms.
762 922 874 956 Pulm.

130 976 166 1010 1.
198 975 334 1012 Ber-sm.
362 990 466 1014 unus.
508 979 625 1014 Bentl.
650 981 686 1015 8.
709 983 745 1016 7.
776 980 874 1015 Pott.

125 1033 163 1067 9.
183 1034 240 1068 14.
270 1035 369 1071 Fene
396 1038 436 1080 1,
465 1047 499 1070 a.
518 1049 551 1071 e.
568 1048 603 1070 o.
627 1037 663 1080 2,
681 1049 716 1082 g.
735 1037 770 1070 h.
789 1038 822 1081 6,
842 1043 874 1070 c.

126 1090 251 1126 Comb.
282 1091 327 1126 A.
361 1094 404 1128 Β.
434 1093 483 1127 G.
522 1094 591 1128 Bn.
623 1094 671 1128 F.
709 1095 814 1129 Dess.
841 1097 874 1129 1.

127 1147 237 1183 Goth.
253 1148 356 1196 Lips.
373 1151 408 1186 3.
434 1150 553 1185 Acron
570 1156 606 1186 et
623 1153 744 1188 Schol.
763 1153 874 1197 Cruq.

123 1204 164 1240 in
185 1205 359 1248 lemmate.
399 1207 471 1242 Ed.
500 1208 592 1244 Ven.
619 1210 699 1245 490.
742 1211 874 1245 Muret.

123 1262 174 1298 H.
193 1264 319 1310 Steph.
336 1265 451 1300 Bond.
477 1266 522 1300 de
547 1267 688 1302 Maroll.
716 1268 764 1302 T.
781 1267 874 1302 Fab.

124 1320 215 1355 Dac.
226 1322 345 1357 Bentl.
355 1323 417 1368 qui
433 1323 603 1369 vindicat,
616 1335 789 1369 quemque
798 1335 876 1368 seq.

126 1378 222 1424 pqu.
250 1385 401 1413 recentt.
441 1380 518 1414 Viv.
544 1387 638 1416 recte
665 1382 739 1426 qui.
786 1382 876 1417 Mss.

123 1435 192 1470 Bn.
211 1435 240 1470 f.
258 1436 380 1471 Guelf.
398 1439 430 1473 1.
462 1438 568 1474 Dess.
590 1442 626 1476 2.
658 1441 754 1475 Edd.
773 1441 876 1476 Glar-

124 1490 248 1526 Lamb.
272 1493 386 1528 Pulm-
411 1495 495 1531 581.
540 1497 628 1543 Xyl.
653 1499 765 1533 Fabr.
790 1501 872 1535 578.

122 1549 215 1584 Min.
247 1551 362 1586 Chab.
394 1551 526 1588 Piscat.
569 1554 658 1599 (qui
689 1556 873 1601 defendit)

124 1607 275 1653 Bersm.,
299 1621 319 1643 e
334 1616 485 1645 recentt.
505 1612 625 1646 Burm.
644 1613 736 1647 Cun.
754 1614 871 1648 Merv.

123 1665 205 1700 Jon.
213 1667 347 1701 Sandb.
356 1667 464 1702 Bask.
475 1669 572 1703 Sivr.
583 1671 695 1706 Hunt.
706 1671 871 1706 Achaint.

130 1725 281 1759 Viventii
297 1725 360 1770 qui
375 1732 481 1760 recte.
528 1727 617 1762 Mss.
634 1729 751 1773 reliq.,
770 1729 875 1763 etiam

125 1783 249 1818 comb.
267 1784 310 1818 C.
327 1784 372 1818 D.
390 1784 436 1818 F.
463 1785 553 1818 Bad.
573 1787 606 1820 1.
639 1786 763 1819 Jaeck.
785 1788 818 1820 1.
838 1787 872 1821 6.

125 1840 247 1874 Guelf.
264 1842 300 1876 2.
318 1841 354 1876 3.
371 1840 407 1875 4.
439 1842 506 1876 Bn.
523 1842 567 1876 A.
585 1842 628 1877 B.
647 1844 690 1877 C.
707 1843 753 1877 D.
767 1843 812 1878 E.
824 1844 872 1878 G.

122 1897 265 1932 Monac.
283 1898 463 1942 (Hoched.
482 1900 532 1933 nil
549 1900 750 1945 annotavit)
769 1901 872 1935 Gott.

125 1955 161 1990 1.
177 1955 213 1989 2.
247 1953 350 2000 Lips.
378 1959 410 1990 1.
435 1958 472 1991 2.
506 1957 640 1993 Graev.
669 1958 807 2003 [oram]
840 1963 876 1993 et

123 2012 202 2046 sine
219 2012 302 2046 dub.
320 2012 432 2047 Dorv.
451 2014 595 2052 Corvei.
616 2022 652 2052 et
669 2017 747 2051 eod.
759 2017 873 2051 Ment-

123 2070 197 2104 Ed.
214 2070 329 2115 princ.
347 2081 405 2116 ap.
425 2070 548 2105 Comb.
566 2072 666 2106 Flor.
683 2074 762 2107 482.
780 2074 875 2108 Ven.

123 2129 207 2163 479.
225 2128 285 2162 81.
303 2127 361 2162 83.
394 2127 447 2172 (a.
465 2128 522 2172 b.)
553 2129 611 2164 86.
630 2130 687 2163 92.
713 2131 771 2164 98.
794 2131 875 2165 520.

123 2186 235 2220 Loch.
252 2185 356 2231 Lips.
373 2184 455 2220 492.
481 2187 540 2220 98.
564 2186 667 2230 reliq.
694 2185 773 2219 Ald.
791 2187 874 2221 501.

125 2243 185 2278 19.
216 2242 312 2276 Iunt.
339 2242 420 2277 514.
466 2242 593 2276 Colon.
624 2243 706 2277 510.
744 2243 874 2277 Schur.

122 2299 207 2338 514.
224 2299 374 2334 Erford.
392 2299 473 2335 517.
490 2299 638 2334 Ascens.
664 2299 775 2333 Pulm.
793 2300 874 2335 557.

123 2357 210 2392 Bas.
235 2358 317 2393 580.
352 2356 463 2401 Cruq.
498 2357 607 2391 Torr.
639 2357 766 2391 Heins.
791 2356 873 2390 Val.

123 2415 249 2462 Camp.
265 2415 366 2449 Pott.
382 2413 430 2448 al.
464 2413 602 2454 Quodsi
617 2414 799 2459 Bentlejus
816 2426 875 2448 re-

123 2478 264 2518 ceptum
290 2473 477 2507 verborum
503 2473 658 2507 ordinem
684 2472 874 2518 compluri-

122 2529 191 2564 bus
222 2530 389 2576 exemplis
421 2529 647 2574 Horatianis,
681 2529 718 2564 in
747 2530 875 2575 quibus

123 2588 213 2622 bene
234 2587 350 2620 vivere
371 2587 528 2632 junctum
547 2594 612 2632 est,
631 2585 802 2631 illustrat,
830 2598 875 2621 ex

124 2649 230 2690 parte
257 2648 390 2678 tantum
422 2644 514 2681 vidit
545 2657 678 2680 verum.
734 2645 874 2679 Adver-

125 2702 222 2737 bium
238 2701 330 2736 enim
344 2701 477 2736 Poetae
493 2703 612 2737 Verbo
637 2703 695 2738 vel
719 2702 873 2737 Partici-

125 2759 199 2805 pio,
217 2759 316 2803 cujus
332 2757 544 2802 significatio
570 2772 635 2807 per
650 2760 740 2795 illud
755 2761 873 2795 inten-

126 2817 234 2860 ditur,
251 2827 471 2862 praeponere
487 2817 619 2861 solent,
647 2818 706 2852 ubi
724 2824 872 2864 postpo-

125 2873 242 2917 nitur,
269 2873 365 2908 aliud
388 2874 475 2919 quid
499 2874 704 2920 plerumque
729 2876 875 2921 gravius

933 633 1012 667 Sat.
1031 634 1072 678 1,
1089 634 1129 678 4,
1158 634 1215 669 13.
1249 631 1434 667 scribendi
1465 633 1571 665 recte.
1619 630 1680 665 cf.

934 691 1066 736 Wagn.
1086 692 1132 725 ad
1141 691 1242 735 Virg.
1259 689 1347 724 Aen.
1362 691 1416 735 10,
1425 691 1505 725 823.
1524 694 1562 724 et
1574 689 1680 724 Jahn.

932 748 972 782 in
987 749 1132 783 Archiv.
1161 748 1264 783 1836.
1288 748 1353 782 IV.
1371 748 1407 782 4.
1433 761 1469 794 p.
1487 747 1568 783 634.
1602 747 1683 781 Hoc

933 812 1049 841 autem
1075 806 1152 840 loco
1171 804 1332 849 Subjecti
1346 805 1402 839 vis
1419 805 1556 839 intendi
1572 805 1680 839 debe-

930 865 1010 908 bat,
1035 874 1145 908 quare
1168 863 1350 908 praecedit
1380 875 1485 909 pron.
1523 863 1612 908 Qui,
1637 862 1683 896 ad

931 921 1027 967 quod
1044 921 1163 955 eadem
1180 920 1218 954 vi
1239 921 1393 954 refertur
1420 920 1594 954 Rusticus
1620 931 1683 953 em-

931 986 1083 1026 spectat.
1099 1001 1146 1006 —
1160 984 1349 1026 proroget.
1397 979 1466 1013 Ms.
1484 978 1583 1012 Feae
1599 979 1633 1021 2,
1654 978 1681 1011 i.

931 1038 1054 1073 Jaeck.
1076 1042 1108 1073 1.
1127 1039 1162 1072 6.
1188 1058 1236 1063 -
1261 1048 1411 1071 annum.
1447 1035 1570 1069 Schol.
1596 1034 1680 1068 Acr.

930 1096 1104 1140 (Gesneri
1136 1108 1199 1130 ms.
1229 1096 1278 1129 G.
1303 1104 1487 1141 perperam
1519 1091 1683 1126 laudatur

932 1154 970 1188 in
986 1154 1070 1188 edit.
1089 1154 1202 1188 Zeun.
1222 1153 1337 1196 1815.‚
1355 1162 1433 1185 nam
1450 1161 1564 1194 neque
1586 1149 1680 1184 Ges-

932 1212 1011 1245 neri
1035 1211 1092 1244 ed.
1119 1212 1220 1246 1772.
1255 1221 1370 1254 neque
1395 1213 1515 1242 nostra
1540 1207 1682 1242 collatio

932 1279 1015 1303 mss.
1044 1268 1146 1302 Gott.
1179 1267 1283 1310 hujus
1315 1266 1512 1311 scripturae
1547 1265 1684 1300 faciunt

932 1326 1182 1370 mentionem).
1237 1323 1309 1357 Ed.
1331 1323 1444 1368 princ.
1472 1335 1530 1369 ap.
1557 1324 1682 1357 Comb.

932 1384 1024 1417 Ven.
1058 1383 1138 1418 479.
1165 1383 1224 1417 81.
1259 1382 1317 1416 83.
1357 1382 1417 1425 (a.
1435 1382 1498 1426 b.)
1531 1381 1588 1416 86.
1620 1382 1682 1416 92.

931 1440 1033 1475 Flor.
1051 1441 1132 1475 482.
1164 1438 1261 1474 Med.
1279 1438 1361 1474 486.
1395 1437 1496 1483 Lips.
1523 1438 1603 1472 492.
1621 1438 1681 1472 98.

930 1498 1034 1543 reliq.
1052 1496 1164 1531 Loeh.
1182 1496 1309 1530 Colon.
1327 1496 1407 1530 510.
1434 1495 1582 1530 Erford.
1599 1495 1682 1530 517.

929 1554 1078 1588 Ascens.
1111 1556 1158 1588 At
1174 1565 1254 1588 voc.
1271 1555 1382 1588 horae
1400 1565 1507 1599 saepe
1527 1565 1592 1598 pro
1609 1554 1682 1598 die,

929 1611 986 1647 vel
1002 1618 1161 1657 tempore
1186 1611 1334 1656 quovis,
1362 1616 1434 1645 tum
1460 1617 1580 1655 certo,
1610 1616 1683 1646 tum

930 1668 1058 1713 exiguo
1076 1668 1252 1713 usurpari,
1270 1680 1327 1702 res
1344 1674 1441 1703 nota.
1463 1668 1543 1702 Vid.
1560 1669 1682 1703 Burm-

931 1726 977 1759 ad
994 1725 1101 1759 Anth.
1130 1724 1194 1759 lat.
1211 1725 1241 1759 I.
1259 1738 1295 1771 p.
1313 1726 1396 1761 577.
1414 1729 1450 1759 et
1465 1725 1573 1770 Prop.
1594 1727 1630 1769 2,
1647 1727 1682 1769 7,

929 1785 990 1819 33.
1020 1783 1101 1816 Hoc
1117 1782 1195 1816 loco
1207 1808 1218 1827 ,
1243 1783 1326 1827 quia
1343 1794 1422 1817 voc.
1441 1795 1562 1817 annus
1576 1795 1681 1829 prae-

932 1846 1109 1885 cesserat,
1141 1840 1222 1886 ipsa
1248 1839 1345 1873 notio
1378 1851 1450 1874 rem
1483 1842 1683 1875 maturandi

931 1899 1044 1944 magis
1077 1903 1180 1932 aucta
1211 1896 1405 1931 videbitur.
1475 1899 1684 1944 scripturae

932 1963 1048 1991 autem
1084 1954 1242 1990 varietas
1275 1954 1425 1990 debetur
1456 1957 1514 1991 vel
1538 1958 1681 1991 indocto

930 2014 1089 2058 librario,
1107 2013 1203 2057 quod
1218 2011 1323 2057 paulo
1342 2017 1423 2046 ante
1439 2021 1684 2058 praecesserat

933 2083 1084 2115 annum,
1093 2070 1151 2104 vel
1161 2069 1406 2104 monachorum
1422 2071 1682 2116 superstitioni,

932 2128 994 2174 qui
1006 2139 1111 2172 quum
1121 2137 1202 2160 voc.
1220 2127 1310 2160 hora
1327 2138 1434 2161 sensu
1443 2127 1682 2162 ecclesiastico

931 2190 1078 2230 accepta
1110 2184 1390 2228 offenderentur,
1422 2196 1562 2219 annum
1592 2185 1682 2220 scri-

930 2243 1017 2276 bere
1041 2253 1113 2276 non
1138 2242 1357 2276 dubitarunt.

978 2301 1026 2334 V.
1050 2301 1108 2335 42.
1157 2299 1298 2343 defluit.
1353 2297 1423 2332 Ms.
1452 2296 1551 2331 Feae
1580 2298 1615 2341 7,
1649 2299 1681 2332 1.

931 2359 972 2404 (a
990 2360 1023 2394 1.
1036 2358 1102 2400 m.)
1127 2357 1195 2391 Bn.
1214 2357 1242 2390 f.
1262 2368 1321 2390 un.
1340 2367 1398 2401 ap.
1427 2355 1527 2389 Cort.
1547 2355 1591 2389 ad
1606 2354 1680 2390 Lu—

932 2427 1010 2450 can.
1030 2417 1064 2459 1,
1080 2415 1162 2450 221.
1179 2414 1251 2448 Ed.
1270 2413 1395 2447 colon.
1407 2412 1487 2447 510.
1522 2412 1682 2456 diffluat.

931 2473 1004 2507 Ed.
1021 2472 1138 2507 Paris.
1157 2472 1236 2508 752.
1261 2491 1307 2497 -—
1333 2470 1451 2504 armis-
1485 2470 1562 2511 Bnq
1579 2470 1626 2505 Ε.
1651 2471 1680 2505 f.

931 2550 980 2556 —-
1005 2535 1044 2564 at
1075 2530 1162 2575 ipse.
1214 2529 1284 2563 Ms.
1308 2528 1413 2562 Dess.
1441 2529 1475 2562 1.
1502 2547 1550 2552 —
1581 2528 1682 2563 Illam

932 2588 1142 2634 scripturam
1160 2587 1286 2632 defluit
1296 2588 1448 2633 probant
1461 2586 1604 2622 eortius
1622 2588 1680 2623 1.l.

932 2650 969 2680 et
998 2645 1160 2678 Handius
1188 2644 1226 2679 in
1250 2644 1406 2679 Tursell.
1432 2644 1482 2679 H.
1515 2657 1553 2691 p.
1584 2646 1681 2691 321„

930 2715 1061 2738 vereor
1092 2707 1232 2746 tamen,
1276 2708 1315 2737 ut
1347 2703 1506 2749 exempla
1539 2715 1559 2738 a
1591 2703 1680 2739 Viro

931 2759 1134 2795 doctissimo
1177 2760 1284 2795 allata
1322 2761 1555 2798 Indicativum
1586 2760 1622 2795 h.
1655 2761 1680 2796 1.

931 2818 1172 2863 comprobent.
1205 2816 1348 2852 Etenim
1371 2823 1568 2865 exspectat,
1594 2819 1682 2853 dum

932 2875 1073 2917 defluat
1099 2874 1230 2909 dicitur
1251 2879 1290 2910 ut
1315 2871 1422 2911 Ovid.
1447 2877 1536 2912 Met.
1562 2877 1597 2920 9,
1621 2876 1679 2910 94.

126 2937 300 2973 spectant.
348 2931 411 2965 Sic
424 2930 546 2977 Epist.
576 2933 612 2977 2,
634 2935 669 2977 2,
693 2934 776 2968 213.
817 2933 877 2967 Vi-
923 2932 1097 2974 juvenes:
1129 2943 1245 2977 neque
1282 2934 1375 2968 enim
1411 2935 1498 2968 dum
1520 2935 1683 2977 flumina

129 2997 210 3021 vere
231 2989 263 3021 εἰ
293 2995 389 3024 recte
410 2990 544 3030 nescis,-
580 2990 627 3026 A.
649 2991 692 3027 Ρ.
715 2991 799 3026 309.
841 2995 879 3026 et
929 3001 1057 3036 pacem
1080 2995 1116 3026 et
1135 2990 1304 3037 placidas
1318 2992 1476 3028 habeant
1493 2993 1681 3038 lapsus—-
