<?xml version="1.0" encoding="UTF-8"?>
<!DOCTYPE html PUBLIC "-//W3C//DTD XHTML 1.0 Transitional//EN"
    "http://www.w3.org/TR/xhtml1/DTD/xhtml1-transitional.dtd">
<html xmlns="http://www.w3.org/1999/xhtml" xml:lang="en" lang="en">
 <head>
  <title>
</title>
<meta http-equiv="Content-Type" content="text/html;charset=utf-8" />
  <meta name='ocr-system' content='tesseract 3.04.00' />
  <meta name='ocr-capabilities' content='ocr_page ocr_carea ocr_par ocr_line ocrx_word'/>
</head>
<body>
  <div class='ocr_page' id='page_1' title='image "./epistolascomment01horauoft_0114.png"; bbox 0 0 2028 3268; ppageno 0'>
   <div class='ocr_carea' id='block_1_1' title="bbox 417 236 1832 282">
    <p class='ocr_par' dir='ltr' id='par_1_1' title="bbox 417 236 1832 282">
     <span class='ocr_line' id='line_1_1' title="bbox 417 236 1832 282; baseline -0.008 0"><span class='ocrx_word' id='word_1_1' title='bbox 417 240 471 282; x_wconf 87' lang='grc'>88</span> <span class='ocrx_word' id='word_1_2' title='bbox 555 240 919 280; x_wconf 78' lang='lat' dir='ltr'><strong>COMMENTARII</strong></span> <span class='ocrx_word' id='word_1_3' title='bbox 948 242 1001 276; x_wconf 88' lang='lat' dir='ltr'>IN</span> <span class='ocrx_word' id='word_1_4' title='bbox 1028 238 1244 276; x_wconf 87' lang='lat' dir='ltr'><strong>HORATII</strong></span> <span class='ocrx_word' id='word_1_5' title='bbox 1273 236 1441 275; x_wconf 86' lang='lat' dir='ltr'><strong>EPIST.</strong></span> <span class='ocrx_word' id='word_1_6' title='bbox 1471 236 1612 273; x_wconf 79' lang='lat' dir='ltr'><strong>PRIM.</strong></span> <span class='ocrx_word' id='word_1_7' title='bbox 1639 236 1738 271; x_wconf 90' lang='lat' dir='ltr'><strong>LIB.</strong></span> <span class='ocrx_word' id='word_1_8' title='bbox 1767 237 1798 271; x_wconf 93' lang='lat'>1.</span> <span class='ocrx_word' id='word_1_9' title='bbox 1830 245 1832 249; x_wconf 85' lang='grc'><strong><em>·</em></strong></span> 
     </span>
    </p>
   </div>
   <div class='ocr_carea' id='block_1_2' title="bbox 415 343 1936 2938">
    <p class='ocr_par' dir='ltr' id='par_1_2' title="bbox 415 343 1931 1802">
     <span class='ocr_line' id='line_1_2' title="bbox 417 343 1927 401; baseline -0.007 -9"><span class='ocrx_word' id='word_1_10' title='bbox 417 358 593 392; x_wconf 86' lang='lat' dir='ltr'>sumunt.</span> <span class='ocrx_word' id='word_1_11' title='bbox 649 354 702 390; x_wconf 85' lang='lat' dir='ltr'>At</span> <span class='ocrx_word' id='word_1_12' title='bbox 733 350 878 401; x_wconf 85' lang='lat' dir='ltr'>pariter</span> <span class='ocrx_word' id='word_1_13' title='bbox 903 350 1043 385; x_wconf 86' lang='lat' dir='ltr'>Graeci</span> <span class='ocrx_word' id='word_1_14' title='bbox 1077 344 1155 388; x_wconf 80' lang='grc' dir='ltr'><strong><em>εἷεν</em></strong></span> <span class='ocrx_word' id='word_1_15' title='bbox 1182 352 1393 397; x_wconf 85' lang='lat' dir='ltr'>usurpant,</span> <span class='ocrx_word' id='word_1_16' title='bbox 1432 343 1539 397; x_wconf 86' lang='lat' dir='ltr'>quod</span> <span class='ocrx_word' id='word_1_17' title='bbox 1572 351 1675 382; x_wconf 85' lang='lat' dir='ltr'>recte</span> <span class='ocrx_word' id='word_1_18' title='bbox 1709 345 1927 382; x_wconf 76' lang='lat' dir='ltr'><strong>observavit</strong></span> 
     </span>
     <span class='ocr_line' id='line_1_3' title="bbox 422 412 1922 467; baseline -0.005 -11"><span class='ocrx_word' id='word_1_19' title='bbox 422 418 712 456; x_wconf 76' lang='lat' dir='ltr'>Stallbaumius</span> <span class='ocrx_word' id='word_1_20' title='bbox 745 416 795 453; x_wconf 88' lang='lat' dir='ltr'>ad</span> <span class='ocrx_word' id='word_1_21' title='bbox 814 417 915 453; x_wconf 85' lang='lat' dir='ltr'>Plat.</span> <span class='ocrx_word' id='word_1_22' title='bbox 941 417 1059 467; x_wconf 88' lang='lat' dir='ltr'><strong>Apol.</strong></span> <span class='ocrx_word' id='word_1_23' title='bbox 1079 416 1188 452; x_wconf 83' lang='lat' dir='ltr'><strong>soor.</strong></span> <span class='ocrx_word' id='word_1_24' title='bbox 1211 416 1251 453; x_wconf 84' lang='lat'>2.</span> <span class='ocrx_word' id='word_1_25' title='bbox 1276 427 1315 463; x_wconf 85' lang='lat' dir='ltr'>p.</span> <span class='ocrx_word' id='word_1_26' title='bbox 1338 413 1404 452; x_wconf 87' lang='lat'>16.</span> <span class='ocrx_word' id='word_1_27' title='bbox 1463 413 1523 450; x_wconf 86' lang='lat' dir='ltr'>cf.</span> <span class='ocrx_word' id='word_1_28' title='bbox 1543 414 1684 449; x_wconf 82' lang='lat' dir='ltr'><strong>Bauer.</strong></span> <span class='ocrx_word' id='word_1_29' title='bbox 1709 412 1760 450; x_wconf 87' lang='lat' dir='ltr'>ad</span> <span class='ocrx_word' id='word_1_30' title='bbox 1789 413 1922 450; x_wconf 79' lang='lat' dir='ltr'>sanct.</span> 
     </span>
     <span class='ocr_line' id='line_1_4' title="bbox 416 480 1927 536; baseline -0.003 -16"><span class='ocrx_word' id='word_1_31' title='bbox 416 487 515 523; x_wconf 85' lang='lat' dir='ltr'><strong>Min.</strong></span> <span class='ocrx_word' id='word_1_32' title='bbox 538 488 590 525; x_wconf 80' lang='lat' dir='ltr'>II,</span> <span class='ocrx_word' id='word_1_33' title='bbox 607 499 646 536; x_wconf 87' lang='lat' dir='ltr'>p.</span> <span class='ocrx_word' id='word_1_34' title='bbox 667 484 760 524; x_wconf 83' lang='lat'><strong>103.</strong></span> <span class='ocrx_word' id='word_1_35' title='bbox 780 489 819 519; x_wconf 85' lang='lat' dir='ltr'>et</span> <span class='ocrx_word' id='word_1_36' title='bbox 839 481 984 518; x_wconf 84' lang='lat' dir='ltr'>Heind.</span> <span class='ocrx_word' id='word_1_37' title='bbox 1005 481 1055 519; x_wconf 85' lang='lat' dir='ltr'>ad</span> <span class='ocrx_word' id='word_1_38' title='bbox 1078 483 1161 519; x_wconf 84' lang='lat' dir='ltr'><strong>Sat.</strong></span> <span class='ocrx_word' id='word_1_39' title='bbox 1182 484 1228 528; x_wconf 82' lang='lat'>2,</span> <span class='ocrx_word' id='word_1_40' title='bbox 1258 481 1305 526; x_wconf 91' lang='lat'>3,</span> <span class='ocrx_word' id='word_1_41' title='bbox 1326 480 1392 519; x_wconf 87' lang='grc'>65.</span> <span class='ocrx_word' id='word_1_42' title='bbox 1454 481 1537 516; x_wconf 84' lang='lat' dir='ltr'>Hac</span> <span class='ocrx_word' id='word_1_43' title='bbox 1560 480 1681 529; x_wconf 77' lang='lat' dir='ltr'>igitur</span> <span class='ocrx_word' id='word_1_44' title='bbox 1697 481 1927 516; x_wconf 80' lang='lat' dir='ltr'><strong>transitione</strong></span> 
     </span>
     <span class='ocr_line' id='line_1_5' title="bbox 415 544 1927 599; baseline -0.005 -9"><span class='ocrx_word' id='word_1_45' title='bbox 415 554 539 590; x_wconf 66' lang='lat' dir='ltr'>Poeta</span> <span class='ocrx_word' id='word_1_46' title='bbox 558 552 673 589; x_wconf 79' lang='lat' dir='ltr'>venia</span> <span class='ocrx_word' id='word_1_47' title='bbox 691 549 856 599; x_wconf 85' lang='lat' dir='ltr'>dignum</span> <span class='ocrx_word' id='word_1_48' title='bbox 875 548 1046 586; x_wconf 83' lang='lat' dir='ltr'>declarat</span> <span class='ocrx_word' id='word_1_49' title='bbox 1065 546 1448 599; x_wconf 83' lang='lat' dir='ltr'>condonandumque</span> <span class='ocrx_word' id='word_1_50' title='bbox 1465 544 1566 582; x_wconf 84' lang='lat' dir='ltr'>illud</span> <span class='ocrx_word' id='word_1_51' title='bbox 1578 545 1800 598; x_wconf 81' lang='lat' dir='ltr'><strong>discrepans</strong></span> <span class='ocrx_word' id='word_1_52' title='bbox 1817 547 1927 596; x_wconf 75' lang='lat' dir='ltr'>vulgi</span> 
     </span>
     <span class='ocr_line' id='line_1_6' title="bbox 417 611 1927 667; baseline -0.004 -12"><span class='ocrx_word' id='word_1_53' title='bbox 417 618 614 666; x_wconf 82' lang='lat' dir='ltr'>studium,</span> <span class='ocrx_word' id='word_1_54' title='bbox 647 615 862 654; x_wconf 86' lang='lat' dir='ltr'>dummodo</span> <span class='ocrx_word' id='word_1_55' title='bbox 886 617 961 653; x_wconf 87' lang='lat' dir='ltr'>sibi</span> <span class='ocrx_word' id='word_1_56' title='bbox 993 617 1160 667; x_wconf 84' lang='lat' dir='ltr'>quisque</span> <span class='ocrx_word' id='word_1_57' title='bbox 1193 620 1355 651; x_wconf 82' lang='lat' dir='ltr'>constet.</span> <span class='ocrx_word' id='word_1_58' title='bbox 1415 613 1574 649; x_wconf 83' lang='lat' dir='ltr'>Etenim</span> <span class='ocrx_word' id='word_1_59' title='bbox 1608 611 1657 649; x_wconf 87' lang='lat' dir='ltr'>de</span> <span class='ocrx_word' id='word_1_60' title='bbox 1688 614 1759 650; x_wconf 89' lang='lat' dir='ltr'>illo</span> <span class='ocrx_word' id='word_1_61' title='bbox 1784 613 1927 664; x_wconf 89' lang='lat' dir='ltr'>ubique</span> 
     </span>
     <span class='ocr_line' id='line_1_7' title="bbox 417 677 1926 736; baseline -0.005 -14"><span class='ocrx_word' id='word_1_62' title='bbox 417 691 553 736; x_wconf 80' lang='lat' dir='ltr'>utpote</span> <span class='ocrx_word' id='word_1_63' title='bbox 574 697 615 722; x_wconf 85' lang='lat' dir='ltr'>re</span> <span class='ocrx_word' id='word_1_64' title='bbox 634 696 715 720; x_wconf 87' lang='lat' dir='ltr'>non</span> <span class='ocrx_word' id='word_1_65' title='bbox 736 684 837 720; x_wconf 85' lang='lat' dir='ltr'>mira</span> <span class='ocrx_word' id='word_1_66' title='bbox 860 683 1076 734; x_wconf 87' lang='lat' dir='ltr'>loquuntur</span> <span class='ocrx_word' id='word_1_67' title='bbox 1094 688 1264 730; x_wconf 83' lang='lat' dir='ltr'>veteres,</span> <span class='ocrx_word' id='word_1_68' title='bbox 1283 687 1328 718; x_wconf 87' lang='lat' dir='ltr'>ut</span> <span class='ocrx_word' id='word_1_69' title='bbox 1348 678 1421 718; x_wconf 88' lang='lat' dir='ltr'>Od.</span> <span class='ocrx_word' id='word_1_70' title='bbox 1454 681 1488 727; x_wconf 86' lang='lat'>1,</span> <span class='ocrx_word' id='word_1_71' title='bbox 1515 680 1552 718; x_wconf 86' lang='lat'>1.</span> <span class='ocrx_word' id='word_1_72' title='bbox 1567 707 1577 726; x_wconf 91' lang='lat'>,</span> <span class='ocrx_word' id='word_1_73' title='bbox 1606 679 1690 716; x_wconf 83' lang='lat' dir='ltr'><strong>Sat.</strong></span> <span class='ocrx_word' id='word_1_74' title='bbox 1724 681 1770 726; x_wconf 88' lang='lat'>1,</span> <span class='ocrx_word' id='word_1_75' title='bbox 1793 677 1842 727; x_wconf 83' lang='lat'>4,</span> <span class='ocrx_word' id='word_1_76' title='bbox 1872 678 1926 718; x_wconf 82' lang='grc'>25</span> 
     </span>
     <span class='ocr_line' id='line_1_8' title="bbox 417 743 1928 803; baseline -0.005 -14"><span class='ocrx_word' id='word_1_77' title='bbox 417 765 525 803; x_wconf 85' lang='lat' dir='ltr'><strong>sqq.‚</strong></span> <span class='ocrx_word' id='word_1_78' title='bbox 556 753 605 799; x_wconf 98' lang='grc'>2,</span> <span class='ocrx_word' id='word_1_79' title='bbox 632 752 678 800; x_wconf 86' lang='grc'>1,</span> <span class='ocrx_word' id='word_1_80' title='bbox 707 751 776 791; x_wconf 86' lang='grc'>27.</span> <span class='ocrx_word' id='word_1_81' title='bbox 804 751 929 800; x_wconf 84' lang='lat' dir='ltr'>Epist.</span> <span class='ocrx_word' id='word_1_82' title='bbox 951 752 988 798; x_wconf 91' lang='grc'>2,</span> <span class='ocrx_word' id='word_1_83' title='bbox 1009 751 1048 795; x_wconf 90' lang='grc'>2,</span> <span class='ocrx_word' id='word_1_84' title='bbox 1075 748 1128 789; x_wconf 85' lang='grc'>58</span> <span class='ocrx_word' id='word_1_85' title='bbox 1149 760 1257 799; x_wconf 91' lang='lat' dir='ltr'><strong>sqq.‚</strong></span> <span class='ocrx_word' id='word_1_86' title='bbox 1302 747 1462 784; x_wconf 83' lang='lat' dir='ltr'>Terent.</span> <span class='ocrx_word' id='word_1_87' title='bbox 1480 744 1640 784; x_wconf 86' lang='lat' dir='ltr'><strong>Phorm.</strong></span> <span class='ocrx_word' id='word_1_88' title='bbox 1655 746 1695 793; x_wconf 83' lang='lat'>3,</span> <span class='ocrx_word' id='word_1_89' title='bbox 1718 745 1758 794; x_wconf 80' lang='lat'>3,</span> <span class='ocrx_word' id='word_1_90' title='bbox 1779 743 1843 786; x_wconf 85' lang='lat'>14.</span> <span class='ocrx_word' id='word_1_91' title='bbox 1867 745 1928 782; x_wconf 89' lang='lat' dir='ltr'>ed.</span> 
     </span>
     <span class='ocr_line' id='line_1_9' title="bbox 416 811 1927 865; baseline -0.004 -10"><span class='ocrx_word' id='word_1_92' title='bbox 416 816 644 856; x_wconf 82' lang='lat' dir='ltr'>Reinhardt.</span> <span class='ocrx_word' id='word_1_93' title='bbox 657 846 668 865; x_wconf 91' lang='lat'>,</span> <span class='ocrx_word' id='word_1_94' title='bbox 696 818 804 853; x_wconf 83' lang='lat' dir='ltr'>Pers.</span> <span class='ocrx_word' id='word_1_95' title='bbox 821 817 844 856; x_wconf 86' lang='lat'>5</span> <span class='ocrx_word' id='word_1_96' title='bbox 859 845 868 863; x_wconf 93' lang='lat'>,</span> <span class='ocrx_word' id='word_1_97' title='bbox 889 816 955 856; x_wconf 81' lang='lat'>53.</span> <span class='ocrx_word' id='word_1_98' title='bbox 968 844 978 862; x_wconf 91' lang='lat'>,</span> <span class='ocrx_word' id='word_1_99' title='bbox 1009 817 1123 852; x_wconf 90' lang='lat' dir='ltr'><strong>Hom.</strong></span> <span class='ocrx_word' id='word_1_100' title='bbox 1144 813 1215 852; x_wconf 92' lang='lat' dir='ltr'>Od.</span> <span class='ocrx_word' id='word_1_101' title='bbox 1235 814 1276 861; x_wconf 81' lang='grc' dir='ltr'>ξ,</span> <span class='ocrx_word' id='word_1_102' title='bbox 1317 813 1412 854; x_wconf 88' lang='grc'><strong>228.</strong></span> <span class='ocrx_word' id='word_1_103' title='bbox 1444 811 1558 849; x_wconf 83' lang='lat' dir='ltr'><strong>Pind.</strong></span> <span class='ocrx_word' id='word_1_104' title='bbox 1578 813 1736 863; x_wconf 87' lang='lat' dir='ltr'><strong>Olymp.</strong></span> <span class='ocrx_word' id='word_1_105' title='bbox 1751 816 1806 860; x_wconf 78' lang='grc' dir='ltr'>θ,</span> <span class='ocrx_word' id='word_1_106' title='bbox 1834 813 1927 852; x_wconf 89' lang='grc'>160.</span> 
     </span>
     <span class='ocr_line' id='line_1_10' title="bbox 417 877 1926 936; baseline -0.005 -12"><span class='ocrx_word' id='word_1_107' title='bbox 417 884 488 936; x_wconf 90' lang='grc' dir='ltr'>μία</span> <span class='ocrx_word' id='word_1_108' title='bbox 508 879 579 935; x_wconf 74' lang='grc' dir='ltr'>οὔχ</span> <span class='ocrx_word' id='word_1_109' title='bbox 597 880 774 930; x_wconf 73' lang='grc' dir='ltr'><strong><em>ἅπαντας</em></strong></span> <span class='ocrx_word' id='word_1_110' title='bbox 789 879 893 933; x_wconf 67' lang='grc' dir='ltr'><em>ἄμμε</em></span> <span class='ocrx_word' id='word_1_111' title='bbox 909 881 1055 934; x_wconf 76' lang='grc' dir='ltr'><em>θρέψει</em></span> <span class='ocrx_word' id='word_1_112' title='bbox 1074 880 1218 933; x_wconf 82' lang='grc' dir='ltr'><strong><em>μελέτα.</em></strong></span> <span class='ocrx_word' id='word_1_113' title='bbox 1274 880 1420 916; x_wconf 85' lang='lat' dir='ltr'>Multos</span> <span class='ocrx_word' id='word_1_114' title='bbox 1438 877 1555 928; x_wconf 87' lang='lat' dir='ltr'>hujus</span> <span class='ocrx_word' id='word_1_115' title='bbox 1581 880 1798 916; x_wconf 82' lang='lat' dir='ltr'>sententiae</span> <span class='ocrx_word' id='word_1_116' title='bbox 1819 880 1926 916; x_wconf 86' lang='lat' dir='ltr'>locos</span> 
     </span>
     <span class='ocr_line' id='line_1_11' title="bbox 417 945 1926 1001; baseline -0.003 -13"><span class='ocrx_word' id='word_1_117' title='bbox 417 951 662 1001; x_wconf 83' lang='lat' dir='ltr'>collegerunt</span> <span class='ocrx_word' id='word_1_118' title='bbox 696 950 883 988; x_wconf 82' lang='lat' dir='ltr'>Gataker.</span> <span class='ocrx_word' id='word_1_119' title='bbox 915 948 966 985; x_wconf 90' lang='lat' dir='ltr'>ad</span> <span class='ocrx_word' id='word_1_120' title='bbox 989 950 1041 984; x_wconf 89' lang='lat' dir='ltr'>M.</span> <span class='ocrx_word' id='word_1_121' title='bbox 1061 950 1206 986; x_wconf 86' lang='lat' dir='ltr'>Anton.</span> <span class='ocrx_word' id='word_1_122' title='bbox 1227 949 1277 995; x_wconf 90' lang='lat'>8,</span> <span class='ocrx_word' id='word_1_123' title='bbox 1308 945 1375 986; x_wconf 93' lang='lat'>43.</span> <span class='ocrx_word' id='word_1_124' title='bbox 1399 954 1438 983; x_wconf 85' lang='lat' dir='ltr'>et</span> <span class='ocrx_word' id='word_1_125' title='bbox 1471 946 1516 984; x_wconf 90' lang='lat' dir='ltr'><em>V</em></span> <span class='ocrx_word' id='word_1_126' title='bbox 1508 946 1705 983; x_wconf 78' lang='lat' dir='ltr'>alkenaer.</span> <span class='ocrx_word' id='word_1_127' title='bbox 1727 945 1778 982; x_wconf 86' lang='lat' dir='ltr'>ad</span> <span class='ocrx_word' id='word_1_128' title='bbox 1791 947 1926 997; x_wconf 86' lang='lat' dir='ltr'>Eurip.</span> 
     </span>
     <span class='ocr_line' id='line_1_12' title="bbox 417 1013 1926 1069; baseline -0.005 -14"><span class='ocrx_word' id='word_1_129' title='bbox 417 1019 576 1069; x_wconf 85' lang='lat' dir='ltr'><strong>Hippol.</strong></span> <span class='ocrx_word' id='word_1_130' title='bbox 603 1014 693 1058; x_wconf 93' lang='grc'><strong>104.</strong></span> <span class='ocrx_word' id='word_1_131' title='bbox 749 1017 807 1053; x_wconf 89' lang='lat' dir='ltr'>De</span> <span class='ocrx_word' id='word_1_132' title='bbox 837 1014 912 1052; x_wconf 87' lang='lat' dir='ltr'>hac</span> <span class='ocrx_word' id='word_1_133' title='bbox 947 1023 1102 1063; x_wconf 79' lang='lat' dir='ltr'>autem,</span> <span class='ocrx_word' id='word_1_134' title='bbox 1135 1027 1212 1066; x_wconf 90' lang='lat' dir='ltr'>qua</span> <span class='ocrx_word' id='word_1_135' title='bbox 1237 1013 1344 1051; x_wconf 86' lang='lat' dir='ltr'>idem</span> <span class='ocrx_word' id='word_1_136' title='bbox 1372 1013 1492 1051; x_wconf 88' lang='lat' dir='ltr'>homo</span> <span class='ocrx_word' id='word_1_137' title='bbox 1519 1014 1595 1050; x_wconf 87' lang='lat' dir='ltr'>sibi</span> <span class='ocrx_word' id='word_1_138' title='bbox 1620 1014 1697 1063; x_wconf 87' lang='lat' dir='ltr'>ipsi</span> <span class='ocrx_word' id='word_1_139' title='bbox 1722 1020 1926 1063; x_wconf 83' lang='lat' dir='ltr'>repugnet,</span> 
     </span>
     <span class='ocr_line' id='line_1_13' title="bbox 417 1079 1928 1131; baseline -0.004 -10"><span class='ocrx_word' id='word_1_140' title='bbox 417 1085 678 1121; x_wconf 77' lang='lat' dir='ltr'>inconstantia</span> <span class='ocrx_word' id='word_1_141' title='bbox 699 1081 778 1122; x_wconf 79' lang='lat' dir='ltr'><strong>vid.</strong></span> <span class='ocrx_word' id='word_1_142' title='bbox 799 1083 938 1130; x_wconf 80' lang='lat' dir='ltr'>Sat.2,</span> <span class='ocrx_word' id='word_1_143' title='bbox 961 1084 1001 1131; x_wconf 86' lang='lat'>7,</span> <span class='ocrx_word' id='word_1_144' title='bbox 1022 1083 1200 1122; x_wconf 78' lang='lat'><strong>7—112.</strong></span> <span class='ocrx_word' id='word_1_145' title='bbox 1214 1109 1224 1128; x_wconf 92' lang='lat'>,</span> <span class='ocrx_word' id='word_1_146' title='bbox 1251 1081 1386 1118; x_wconf 82' lang='lat' dir='ltr'>senec.</span> <span class='ocrx_word' id='word_1_147' title='bbox 1408 1079 1456 1116; x_wconf 85' lang='lat' dir='ltr'>de</span> <span class='ocrx_word' id='word_1_148' title='bbox 1477 1081 1591 1116; x_wconf 81' lang='lat' dir='ltr'>Brev.</span> <span class='ocrx_word' id='word_1_149' title='bbox 1611 1081 1677 1118; x_wconf 86' lang='lat' dir='ltr'>vit.</span> <span class='ocrx_word' id='word_1_150' title='bbox 1697 1081 1736 1119; x_wconf 90' lang='grc'>2.</span> <span class='ocrx_word' id='word_1_151' title='bbox 1766 1079 1928 1116; x_wconf 78' lang='lat' dir='ltr'>Pleros-</span> 
     </span>
     <span class='ocr_line' id='line_1_14' title="bbox 417 1146 1929 1202; baseline -0.003 -15"><span class='ocrx_word' id='word_1_152' title='bbox 417 1164 492 1202; x_wconf 77' lang='lat' dir='ltr'>que</span> <span class='ocrx_word' id='word_1_153' title='bbox 507 1150 612 1187; x_wconf 75' lang='lat' dir='ltr'>nihil</span> <span class='ocrx_word' id='word_1_154' title='bbox 630 1157 776 1186; x_wconf 80' lang='lat' dir='ltr'>certum</span> <span class='ocrx_word' id='word_1_155' title='bbox 793 1157 991 1200; x_wconf 78' lang='lat' dir='ltr'>sequentes</span> <span class='ocrx_word' id='word_1_156' title='bbox 1007 1162 1115 1199; x_wconf 69' lang='lat' dir='ltr'>vaga</span> <span class='ocrx_word' id='word_1_157' title='bbox 1132 1155 1169 1184; x_wconf 81' lang='lat' dir='ltr'>et</span> <span class='ocrx_word' id='word_1_158' title='bbox 1194 1149 1419 1184; x_wconf 79' lang='lat' dir='ltr'>inconstans</span> <span class='ocrx_word' id='word_1_159' title='bbox 1451 1153 1486 1182; x_wconf 77' lang='lat' dir='ltr'>et</span> <span class='ocrx_word' id='word_1_160' title='bbox 1505 1146 1581 1183; x_wconf 72' lang='lat' dir='ltr'>sibi</span> <span class='ocrx_word' id='word_1_161' title='bbox 1602 1146 1810 1196; x_wconf 68' lang='lat' dir='ltr'>displicens</span> <span class='ocrx_word' id='word_1_162' title='bbox 1828 1146 1929 1183; x_wconf 74' lang='lat' dir='ltr'>levi-</span> 
     </span>
     <span class='ocr_line' id='line_1_15' title="bbox 418 1213 1929 1267; baseline -0.005 -13"><span class='ocrx_word' id='word_1_163' title='bbox 418 1224 479 1254; x_wconf 75' lang='lat' dir='ltr'>tas</span> <span class='ocrx_word' id='word_1_164' title='bbox 491 1231 567 1267; x_wconf 79' lang='lat' dir='ltr'>per</span> <span class='ocrx_word' id='word_1_165' title='bbox 590 1230 694 1254; x_wconf 80' lang='lat' dir='ltr'>nova</span> <span class='ocrx_word' id='word_1_166' title='bbox 716 1215 879 1252; x_wconf 80' lang='lat' dir='ltr'>consilia</span> <span class='ocrx_word' id='word_1_167' title='bbox 892 1217 1082 1264; x_wconf 73' lang='lat' dir='ltr'>jactavit.</span> <span class='ocrx_word' id='word_1_168' title='bbox 1119 1214 1178 1254; x_wconf 88' lang='lat' dir='ltr'>Id.</span> <span class='ocrx_word' id='word_1_169' title='bbox 1206 1213 1254 1251; x_wconf 85' lang='lat' dir='ltr'>de</span> <span class='ocrx_word' id='word_1_170' title='bbox 1277 1215 1354 1252; x_wconf 88' lang='lat' dir='ltr'><strong>Vit.</strong></span> <span class='ocrx_word' id='word_1_171' title='bbox 1383 1214 1486 1252; x_wconf 85' lang='lat' dir='ltr'>beat.</span> <span class='ocrx_word' id='word_1_172' title='bbox 1506 1214 1575 1254; x_wconf 89' lang='grc'>28.</span> <span class='ocrx_word' id='word_1_173' title='bbox 1615 1227 1712 1263; x_wconf 76' lang='lat' dir='ltr'>opus</span> <span class='ocrx_word' id='word_1_174' title='bbox 1732 1219 1788 1248; x_wconf 78' lang='lat' dir='ltr'>est</span> <span class='ocrx_word' id='word_1_175' title='bbox 1806 1213 1929 1250; x_wconf 69' lang='lat' dir='ltr'>vitam</span> 
     </span>
     <span class='ocr_line' id='line_1_16' title="bbox 417 1280 1929 1335; baseline -0.003 -15"><span class='ocrx_word' id='word_1_176' title='bbox 417 1297 493 1320; x_wconf 83' lang='lat' dir='ltr'>zcno</span> <span class='ocrx_word' id='word_1_177' title='bbox 515 1290 551 1320; x_wconf 83' lang='lat' dir='ltr'>e‘t</span> <span class='ocrx_word' id='word_1_178' title='bbox 571 1283 733 1335; x_wconf 78' lang='lat' dir='ltr'>aequali</span> <span class='ocrx_word' id='word_1_179' title='bbox 753 1290 880 1320; x_wconf 81' lang='lat' dir='ltr'>tenore</span> <span class='ocrx_word' id='word_1_180' title='bbox 894 1283 1109 1332; x_wconf 80' lang='lat' dir='ltr'>producere</span> <span class='ocrx_word' id='word_1_181' title='bbox 1122 1309 1136 1326; x_wconf 85' lang='lat'>,</span> <span class='ocrx_word' id='word_1_182' title='bbox 1169 1294 1290 1332; x_wconf 77' lang='lat' dir='ltr'>quam</span> <span class='ocrx_word' id='word_1_183' title='bbox 1302 1282 1512 1331; x_wconf 74' lang='lat' dir='ltr'>propositis</span> <span class='ocrx_word' id='word_1_184' title='bbox 1533 1280 1805 1317; x_wconf 70' lang='lat' dir='ltr'>diuersissimis</span> <span class='ocrx_word' id='word_1_185' title='bbox 1824 1280 1929 1316; x_wconf 77' lang='lat' dir='ltr'>sein—</span> 
     </span>
     <span class='ocr_line' id='line_1_17' title="bbox 417 1345 1931 1401; baseline -0.003 -15"><span class='ocrx_word' id='word_1_186' title='bbox 417 1351 559 1387; x_wconf 74' lang='lat' dir='ltr'><strong>dimas.</strong></span> <span class='ocrx_word' id='word_1_187' title='bbox 617 1350 676 1390; x_wconf 86' lang='lat' dir='ltr'>Id.</span> <span class='ocrx_word' id='word_1_188' title='bbox 696 1352 820 1401; x_wconf 85' lang='lat' dir='ltr'><strong>Epist.</strong></span> <span class='ocrx_word' id='word_1_189' title='bbox 840 1351 934 1390; x_wconf 80' lang='lat'><strong>121.</strong></span> <span class='ocrx_word' id='word_1_190' title='bbox 999 1349 1173 1398; x_wconf 73' lang='lat' dir='ltr'>Quidam</span> <span class='ocrx_word' id='word_1_191' title='bbox 1191 1355 1300 1392; x_wconf 72' lang='lat' dir='ltr'>sunt,</span> <span class='ocrx_word' id='word_1_192' title='bbox 1329 1350 1400 1399; x_wconf 74' lang='lat' dir='ltr'>qni</span> <span class='ocrx_word' id='word_1_193' title='bbox 1420 1348 1564 1385; x_wconf 78' lang='lat' dir='ltr'>alterni</span> <span class='ocrx_word' id='word_1_194' title='bbox 1586 1347 1756 1392; x_wconf 73' lang='lat' dir='ltr'>Vatinii,</span> <span class='ocrx_word' id='word_1_195' title='bbox 1785 1345 1931 1382; x_wconf 74' lang='lat' dir='ltr'>alterni</span> 
     </span>
     <span class='ocr_line' id='line_1_18' title="bbox 419 1413 1929 1468; baseline -0.004 -14"><span class='ocrx_word' id='word_1_196' title='bbox 419 1418 582 1454; x_wconf 74' lang='lat' dir='ltr'>Catones</span> <span class='ocrx_word' id='word_1_197' title='bbox 603 1425 708 1455; x_wconf 79' lang='lat' dir='ltr'><strong>szmt.</strong></span> <span class='ocrx_word' id='word_1_198' title='bbox 730 1440 784 1446; x_wconf 86' lang='lat'>—-</span> <span class='ocrx_word' id='word_1_199' title='bbox 815 1419 917 1468; x_wconf 89' lang='lat' dir='ltr'>Apte</span> <span class='ocrx_word' id='word_1_200' title='bbox 936 1415 1070 1453; x_wconf 81' lang='lat' dir='ltr'>laudat</span> <span class='ocrx_word' id='word_1_201' title='bbox 1088 1415 1304 1452; x_wconf 83' lang='lat' dir='ltr'>Lambinus</span> <span class='ocrx_word' id='word_1_202' title='bbox 1323 1416 1493 1453; x_wconf 83' lang='lat' dir='ltr'>Socratis</span> <span class='ocrx_word' id='word_1_203' title='bbox 1516 1414 1664 1452; x_wconf 84' lang='lat' dir='ltr'>dictum</span> <span class='ocrx_word' id='word_1_204' title='bbox 1682 1427 1746 1464; x_wconf 88' lang='lat' dir='ltr'>ap.</span> <span class='ocrx_word' id='word_1_205' title='bbox 1766 1414 1867 1450; x_wconf 87' lang='lat' dir='ltr'>Plat.</span> <span class='ocrx_word' id='word_1_206' title='bbox 1887 1413 1929 1448; x_wconf 87' lang='lat' dir='ltr'>in</span> 
     </span>
     <span class='ocr_line' id='line_1_19' title="bbox 417 1471 1930 1535; baseline -0.002 -15"><span class='ocrx_word' id='word_1_207' title='bbox 417 1484 537 1534; x_wconf 84' lang='lat' dir='ltr'>Gorg.</span> <span class='ocrx_word' id='word_1_208' title='bbox 556 1484 712 1534; x_wconf 82' lang='lat' dir='ltr'><strong>[p.329.</strong></span> <span class='ocrx_word' id='word_1_209' title='bbox 723 1487 766 1523; x_wconf 92' lang='lat' dir='ltr'>B.</span> <span class='ocrx_word' id='word_1_210' title='bbox 780 1485 839 1523; x_wconf 90' lang='lat' dir='ltr'>ed.</span> <span class='ocrx_word' id='word_1_211' title='bbox 850 1483 974 1533; x_wconf 83' lang='lat' dir='ltr'><strong>Frkf.]</strong></span> <span class='ocrx_word' id='word_1_212' title='bbox 989 1513 998 1531; x_wconf 92' lang='lat'>,</span> <span class='ocrx_word' id='word_1_213' title='bbox 1029 1496 1107 1535; x_wconf 91' lang='lat' dir='ltr'>quo</span> <span class='ocrx_word' id='word_1_214' title='bbox 1119 1484 1152 1520; x_wconf 89' lang='lat' dir='ltr'>is</span> <span class='ocrx_word' id='word_1_215' title='bbox 1161 1489 1358 1534; x_wconf 89' lang='lat' dir='ltr'>praestare</span> <span class='ocrx_word' id='word_1_216' title='bbox 1369 1484 1442 1519; x_wconf 82' lang='lat' dir='ltr'>ait:</span> <span class='ocrx_word' id='word_1_217' title='bbox 1465 1482 1670 1527; x_wconf 83' lang='grc' dir='ltr'><strong><em>πλείστους</em></strong></span> <span class='ocrx_word' id='word_1_218' title='bbox 1687 1471 1930 1531; x_wconf 62' lang='grc' dir='ltr'><em>ἀνθρώπους</em></span> 
     </span>
     <span class='ocr_line' id='line_1_20' title="bbox 418 1544 1930 1603; baseline -0.004 -13"><span class='ocrx_word' id='word_1_219' title='bbox 418 1547 473 1602; x_wconf 75' lang='grc' dir='ltr'>μή</span> <span class='ocrx_word' id='word_1_220' title='bbox 494 1549 699 1602; x_wconf 80' lang='grc' dir='ltr'><em>ὁμολογεῖν</em></span> <span class='ocrx_word' id='word_1_221' title='bbox 717 1567 806 1603; x_wconf 90' lang='grc' dir='ltr'>μοι,</span> <span class='ocrx_word' id='word_1_222' title='bbox 836 1548 915 1591; x_wconf 72' lang='grc' dir='ltr'><strong>ἄλλ’</strong></span> <span class='ocrx_word' id='word_1_223' title='bbox 935 1551 1092 1591; x_wconf 80' lang='grc' dir='ltr'><strong><em>ἐναντία</em></strong></span> <span class='ocrx_word' id='word_1_224' title='bbox 1109 1548 1234 1602; x_wconf 76' lang='grc' dir='ltr'><strong><em>λέγειν</em></strong></span> <span class='ocrx_word' id='word_1_225' title='bbox 1254 1551 1421 1599; x_wconf 80' lang='grc' dir='ltr'>μᾶλλον,</span> <span class='ocrx_word' id='word_1_226' title='bbox 1442 1544 1471 1600; x_wconf 74' lang='grc' dir='ltr'><em>ἢ</em></span> <span class='ocrx_word' id='word_1_227' title='bbox 1491 1548 1559 1588; x_wconf 75' lang='grc' dir='ltr'>ἕνα</span> <span class='ocrx_word' id='word_1_228' title='bbox 1577 1546 1670 1588; x_wconf 67' lang='grc' dir='ltr'><strong><em>ὄντα</em></strong></span> <span class='ocrx_word' id='word_1_229' title='bbox 1691 1544 1756 1597; x_wconf 80' lang='grc' dir='ltr'>ἐμὲ</span> <span class='ocrx_word' id='word_1_230' title='bbox 1776 1545 1930 1599; x_wconf 76' lang='grc' dir='ltr'><strong><em>ἐμαυτῷ</em></strong></span> 
     </span>
     <span class='ocr_line' id='line_1_21' title="bbox 418 1613 1929 1668; baseline -0.003 -12"><span class='ocrx_word' id='word_1_231' title='bbox 418 1614 664 1668; x_wconf 74' lang='grc' dir='ltr'><em>ἄσυμφωνον</em></span> <span class='ocrx_word' id='word_1_232' title='bbox 685 1615 787 1657; x_wconf 80' lang='grc' dir='ltr'><strong><em>εἶναι</em></strong></span> <span class='ocrx_word' id='word_1_233' title='bbox 810 1618 878 1657; x_wconf 85' lang='grc' dir='ltr'>καὶ</span> <span class='ocrx_word' id='word_1_234' title='bbox 895 1618 1052 1657; x_wconf 80' lang='grc' dir='ltr'><strong><em>ἐναντία</em></strong></span> <span class='ocrx_word' id='word_1_235' title='bbox 1075 1615 1210 1668; x_wconf 81' lang='grc' dir='ltr'><strong>λέγειν.</strong></span> <span class='ocrx_word' id='word_1_236' title='bbox 1246 1615 1305 1652; x_wconf 85' lang='lat' dir='ltr'>Cf.</span> <span class='ocrx_word' id='word_1_237' title='bbox 1324 1614 1504 1655; x_wconf 85' lang='lat' dir='ltr'>Cleanth.</span> <span class='ocrx_word' id='word_1_238' title='bbox 1519 1617 1666 1666; x_wconf 85' lang='lat' dir='ltr'><strong>Hymu.</strong></span> <span class='ocrx_word' id='word_1_239' title='bbox 1689 1613 1740 1650; x_wconf 86' lang='lat' dir='ltr'>ad</span> <span class='ocrx_word' id='word_1_240' title='bbox 1756 1615 1845 1652; x_wconf 80' lang='lat' dir='ltr'><strong>Jov.</strong></span> <span class='ocrx_word' id='word_1_241' title='bbox 1863 1613 1929 1652; x_wconf 85' lang='lat'>30.</span> 
     </span>
     <span class='ocr_line' id='line_1_22' title="bbox 417 1680 1931 1736; baseline -0.001 -16"><span class='ocrx_word' id='word_1_242' title='bbox 417 1682 530 1724; x_wconf 85' lang='lat' dir='ltr'>Pha1‚</span> <span class='ocrx_word' id='word_1_243' title='bbox 551 1685 678 1734; x_wconf 86' lang='lat' dir='ltr'>Epist.</span> <span class='ocrx_word' id='word_1_244' title='bbox 700 1686 766 1725; x_wconf 88' lang='lat'>68.</span> <span class='ocrx_word' id='word_1_245' title='bbox 786 1699 827 1736; x_wconf 91' lang='lat' dir='ltr'>p.</span> <span class='ocrx_word' id='word_1_246' title='bbox 852 1686 947 1724; x_wconf 89' lang='lat'><strong>228.</strong></span> <span class='ocrx_word' id='word_1_247' title='bbox 968 1683 1028 1722; x_wconf 87' lang='lat' dir='ltr'>ed.</span> <span class='ocrx_word' id='word_1_248' title='bbox 1047 1685 1156 1735; x_wconf 87' lang='lat' dir='ltr'><strong>Lips.</strong></span> <span class='ocrx_word' id='word_1_249' title='bbox 1172 1691 1210 1721; x_wconf 87' lang='lat' dir='ltr'>et</span> <span class='ocrx_word' id='word_1_250' title='bbox 1235 1680 1435 1722; x_wconf 84' lang='lat' dir='ltr'>Plutarch.</span> <span class='ocrx_word' id='word_1_251' title='bbox 1459 1681 1507 1718; x_wconf 86' lang='lat' dir='ltr'>de</span> <span class='ocrx_word' id='word_1_252' title='bbox 1529 1683 1660 1718; x_wconf 87' lang='lat' dir='ltr'>Anim.</span> <span class='ocrx_word' id='word_1_253' title='bbox 1678 1683 1828 1732; x_wconf 85' lang='lat' dir='ltr'>Tranq.</span> <span class='ocrx_word' id='word_1_254' title='bbox 1848 1682 1931 1720; x_wconf 80' lang='lat' dir='ltr'>vn.</span> 
     </span>
     <span class='ocr_line' id='line_1_23' title="bbox 416 1751 641 1802; baseline 0.004 -12"><span class='ocrx_word' id='word_1_255' title='bbox 416 1764 458 1802; x_wconf 88' lang='lat' dir='ltr'>p.</span> <span class='ocrx_word' id='word_1_256' title='bbox 480 1751 574 1792; x_wconf 88' lang='lat'><strong>826.</strong></span> <span class='ocrx_word' id='word_1_257' title='bbox 593 1753 641 1791; x_wconf 82' lang='lat' dir='ltr'>R.</span> 
     </span>
    </p>

    <p class='ocr_par' dir='ltr' id='par_1_3' title="bbox 418 1815 1936 2938">
     <span class='ocr_line' id='line_1_24' title="bbox 527 1815 1931 1865; baseline -0.001 -10"><span class='ocrx_word' id='word_1_258' title='bbox 527 1819 575 1855; x_wconf 91' lang='lat' dir='ltr'>V.</span> <span class='ocrx_word' id='word_1_259' title='bbox 606 1817 674 1858; x_wconf 87' lang='lat'>83.</span> <span class='ocrx_word' id='word_1_260' title='bbox 731 1815 874 1853; x_wconf 72' lang='lat' dir='ltr'>1Vullis</span> <span class='ocrx_word' id='word_1_261' title='bbox 900 1838 956 1844; x_wconf 93' lang='lat'><strong>—</strong></span> <span class='ocrx_word' id='word_1_262' title='bbox 983 1818 1169 1853; x_wconf 74' lang='lat' dir='ltr'>amoenis.</span> <span class='ocrx_word' id='word_1_263' title='bbox 1229 1816 1414 1865; x_wconf 85' lang='lat' dir='ltr'>Bajarum</span> <span class='ocrx_word' id='word_1_264' title='bbox 1451 1817 1493 1854; x_wconf 90' lang='lat' dir='ltr'>in</span> <span class='ocrx_word' id='word_1_265' title='bbox 1522 1818 1636 1854; x_wconf 91' lang='lat' dir='ltr'>litore</span> <span class='ocrx_word' id='word_1_266' title='bbox 1663 1818 1766 1853; x_wconf 86' lang='lat' dir='ltr'>inter</span> <span class='ocrx_word' id='word_1_267' title='bbox 1800 1818 1931 1853; x_wconf 79' lang='lat' dir='ltr'>sinum</span> 
     </span>
     <span class='ocr_line' id='line_1_25' title="bbox 418 1884 1931 1922; baseline -0.001 -1"><span class='ocrx_word' id='word_1_268' title='bbox 418 1885 683 1922; x_wconf 81' lang='lat' dir='ltr'>Puteolanum</span> <span class='ocrx_word' id='word_1_269' title='bbox 707 1890 746 1921; x_wconf 87' lang='lat' dir='ltr'>et</span> <span class='ocrx_word' id='word_1_270' title='bbox 763 1885 962 1921; x_wconf 81' lang='lat' dir='ltr'>Misenmn</span> <span class='ocrx_word' id='word_1_271' title='bbox 986 1884 1151 1919; x_wconf 88' lang='lat' dir='ltr'>sitarum</span> <span class='ocrx_word' id='word_1_272' title='bbox 1182 1884 1462 1920; x_wconf 82' lang='lat' dir='ltr'>amoenitatem</span> <span class='ocrx_word' id='word_1_273' title='bbox 1489 1884 1608 1920; x_wconf 88' lang='lat' dir='ltr'>multi</span> <span class='ocrx_word' id='word_1_274' title='bbox 1624 1885 1842 1921; x_wconf 86' lang='lat' dir='ltr'>multorum</span> <span class='ocrx_word' id='word_1_275' title='bbox 1867 1891 1931 1920; x_wconf 86' lang='lat' dir='ltr'>te-</span> 
     </span>
     <span class='ocr_line' id='line_1_26' title="bbox 418 1948 1933 2001; baseline -0.002 -11"><span class='ocrx_word' id='word_1_276' title='bbox 418 1958 571 1990; x_wconf 86' lang='lat' dir='ltr'>stantur</span> <span class='ocrx_word' id='word_1_277' title='bbox 586 1951 677 2000; x_wconf 88' lang='lat' dir='ltr'>loci,</span> <span class='ocrx_word' id='word_1_278' title='bbox 704 1957 750 1988; x_wconf 85' lang='lat' dir='ltr'>ut</span> <span class='ocrx_word' id='word_1_279' title='bbox 771 1952 797 1989; x_wconf 88' lang='lat' dir='ltr'><strong>J</strong></span> <span class='ocrx_word' id='word_1_280' title='bbox 799 1964 864 1988; x_wconf 80' lang='lat' dir='ltr'>uv.</span> <span class='ocrx_word' id='word_1_281' title='bbox 877 1950 916 1999; x_wconf 84' lang='lat'>3,</span> <span class='ocrx_word' id='word_1_282' title='bbox 937 1948 978 1990; x_wconf 91' lang='grc'>4.</span> <span class='ocrx_word' id='word_1_283' title='bbox 1005 1951 1142 1987; x_wconf 87' lang='lat' dir='ltr'>Janua</span> <span class='ocrx_word' id='word_1_284' title='bbox 1151 1950 1352 1997; x_wconf 79' lang='lat' dir='ltr'>Bajaram</span> <span class='ocrx_word' id='word_1_285' title='bbox 1370 1957 1426 1986; x_wconf 74' lang='lat' dir='ltr'>est</span> <span class='ocrx_word' id='word_1_286' title='bbox 1436 1958 1472 1987; x_wconf 82' lang='lat' dir='ltr'>et</span> <span class='ocrx_word' id='word_1_287' title='bbox 1485 1958 1650 2001; x_wconf 78' lang='lat' dir='ltr'>gratum</span> <span class='ocrx_word' id='word_1_288' title='bbox 1667 1950 1763 1987; x_wconf 78' lang='lat' dir='ltr'>litas</span> <span class='ocrx_word' id='word_1_289' title='bbox 1779 1953 1933 1987; x_wconf 68' lang='lat' dir='ltr'>amoeni</span> 
     </span>
     <span class='ocr_line' id='line_1_27' title="bbox 423 2015 1932 2067; baseline -0.001 -12"><span class='ocrx_word' id='word_1_290' title='bbox 423 2019 616 2058; x_wconf 69' lang='lat' dir='ltr'>Secessus.</span> <span class='ocrx_word' id='word_1_291' title='bbox 673 2018 772 2055; x_wconf 79' lang='lat' dir='ltr'>Stat.</span> <span class='ocrx_word' id='word_1_292' title='bbox 795 2018 894 2055; x_wconf 82' lang='lat' dir='ltr'><strong>Silv.</strong></span> <span class='ocrx_word' id='word_1_293' title='bbox 919 2015 959 2065; x_wconf 88' lang='lat'>4,</span> <span class='ocrx_word' id='word_1_294' title='bbox 980 2019 1020 2065; x_wconf 86' lang='lat'>7,</span> <span class='ocrx_word' id='word_1_295' title='bbox 1045 2018 1110 2056; x_wconf 91' lang='grc'>18.</span> <span class='ocrx_word' id='word_1_296' title='bbox 1167 2017 1263 2053; x_wconf 85' lang='lat' dir='ltr'>Non</span> <span class='ocrx_word' id='word_1_297' title='bbox 1287 2024 1419 2053; x_wconf 82' lang='lat' dir='ltr'>tamen</span> <span class='ocrx_word' id='word_1_298' title='bbox 1435 2024 1557 2067; x_wconf 67' lang='lat' dir='ltr'>portu,</span> <span class='ocrx_word' id='word_1_299' title='bbox 1580 2019 1746 2054; x_wconf 77' lang='lat' dir='ltr'>retinent</span> <span class='ocrx_word' id='word_1_300' title='bbox 1771 2031 1932 2054; x_wconf 87' lang='lat' dir='ltr'>amoeno</span> 
     </span>
     <span class='ocr_line' id='line_1_28' title="bbox 419 2083 1931 2134; baseline -0.001 -11"><span class='ocrx_word' id='word_1_301' title='bbox 419 2086 568 2123; x_wconf 76' lang='lat' dir='ltr'>desides</span> <span class='ocrx_word' id='word_1_302' title='bbox 596 2085 742 2133; x_wconf 83' lang='lat' dir='ltr'><strong>Bajae.</strong></span> <span class='ocrx_word' id='word_1_303' title='bbox 801 2083 860 2120; x_wconf 89' lang='lat' dir='ltr'>ld.</span> <span class='ocrx_word' id='word_1_304' title='bbox 883 2084 930 2131; x_wconf 88' lang='lat'>3,</span> <span class='ocrx_word' id='word_1_305' title='bbox 967 2083 991 2124; x_wconf 85' lang='lat'>5</span> <span class='ocrx_word' id='word_1_306' title='bbox 1005 2114 1016 2133; x_wconf 93' lang='lat'>,</span> <span class='ocrx_word' id='word_1_307' title='bbox 1053 2085 1146 2125; x_wconf 90' lang='grc'><strong>101.</strong></span> <span class='ocrx_word' id='word_1_308' title='bbox 1182 2084 1454 2134; x_wconf 67' lang='lat' dir='ltr'>vaporiferas,</span> <span class='ocrx_word' id='word_1_309' title='bbox 1506 2083 1764 2122; x_wconf 76' lang='lat' dir='ltr'>blandissima</span> <span class='ocrx_word' id='word_1_310' title='bbox 1798 2084 1931 2130; x_wconf 81' lang='lat' dir='ltr'>litora,</span> 
     </span>
     <span class='ocr_line' id='line_1_29' title="bbox 420 2149 1932 2200; baseline 0.001 -11"><span class='ocrx_word' id='word_1_311' title='bbox 420 2153 563 2199; x_wconf 72' lang='lat' dir='ltr'><strong>Bajas.</strong></span> <span class='ocrx_word' id='word_1_312' title='bbox 597 2152 657 2188; x_wconf 90' lang='lat' dir='ltr'>Cf.</span> <span class='ocrx_word' id='word_1_313' title='bbox 681 2150 736 2188; x_wconf 90' lang='lat' dir='ltr'>id.</span> <span class='ocrx_word' id='word_1_314' title='bbox 757 2151 794 2199; x_wconf 85' lang='lat' dir='ltr'>l,</span> <span class='ocrx_word' id='word_1_315' title='bbox 814 2151 852 2199; x_wconf 88' lang='lat'>5,</span> <span class='ocrx_word' id='word_1_316' title='bbox 871 2152 938 2191; x_wconf 88' lang='lat'>60.</span> <span class='ocrx_word' id='word_1_317' title='bbox 959 2151 998 2198; x_wconf 84' lang='lat'>5,</span> <span class='ocrx_word' id='word_1_318' title='bbox 1023 2151 1062 2199; x_wconf 88' lang='lat'>3,</span> <span class='ocrx_word' id='word_1_319' title='bbox 1084 2151 1175 2191; x_wconf 87' lang='lat'><strong>170.</strong></span> <span class='ocrx_word' id='word_1_320' title='bbox 1201 2152 1316 2187; x_wconf 86' lang='lat' dir='ltr'>Mart.</span> <span class='ocrx_word' id='word_1_321' title='bbox 1339 2151 1404 2199; x_wconf 89' lang='lat'>11,</span> <span class='ocrx_word' id='word_1_322' title='bbox 1429 2151 1497 2191; x_wconf 90' lang='lat'>80.</span> <span class='ocrx_word' id='word_1_323' title='bbox 1525 2152 1563 2200; x_wconf 88' lang='lat'>6,</span> <span class='ocrx_word' id='word_1_324' title='bbox 1582 2149 1648 2200; x_wconf 90' lang='lat'>42,</span> <span class='ocrx_word' id='word_1_325' title='bbox 1673 2155 1715 2193; x_wconf 88' lang='lat'>7.</span> <span class='ocrx_word' id='word_1_326' title='bbox 1735 2151 1802 2200; x_wconf 90' lang='lat'>43,</span> <span class='ocrx_word' id='word_1_327' title='bbox 1828 2153 1865 2192; x_wconf 90' lang='lat'>1.</span> <span class='ocrx_word' id='word_1_328' title='bbox 1892 2153 1932 2192; x_wconf 86' lang='lat'>5.</span> 
     </span>
     <span class='ocr_line' id='line_1_30' title="bbox 420 2218 1931 2270; baseline 0 -14"><span class='ocrx_word' id='word_1_329' title='bbox 420 2222 506 2257; x_wconf 90' lang='lat' dir='ltr'>Huc</span> <span class='ocrx_word' id='word_1_330' title='bbox 531 2218 842 2268; x_wconf 79' lang='lat' dir='ltr'>commigrabant</span> <span class='ocrx_word' id='word_1_331' title='bbox 872 2218 1042 2254; x_wconf 83' lang='lat' dir='ltr'>Romani</span> <span class='ocrx_word' id='word_1_332' title='bbox 1069 2225 1138 2254; x_wconf 89' lang='lat' dir='ltr'>aut</span> <span class='ocrx_word' id='word_1_333' title='bbox 1161 2231 1353 2270; x_wconf 87' lang='lat' dir='ltr'>aquarum</span> <span class='ocrx_word' id='word_1_334' title='bbox 1382 2219 1611 2255; x_wconf 84' lang='lat' dir='ltr'>salubritate</span> <span class='ocrx_word' id='word_1_335' title='bbox 1642 2225 1679 2256; x_wconf 83' lang='lat' dir='ltr'>et</span> <span class='ocrx_word' id='word_1_336' title='bbox 1705 2221 1794 2256; x_wconf 89' lang='lat' dir='ltr'>miti</span> <span class='ocrx_word' id='word_1_337' title='bbox 1822 2221 1931 2256; x_wconf 85' lang='lat' dir='ltr'>coelo</span> 
     </span>
     <span class='ocr_line' id='line_1_31' title="bbox 419 2283 1931 2333; baseline -0.001 -9"><span class='ocrx_word' id='word_1_338' title='bbox 419 2287 531 2324; x_wconf 82' lang='lat' dir='ltr'>usuri</span> <span class='ocrx_word' id='word_1_339' title='bbox 558 2292 626 2323; x_wconf 89' lang='lat' dir='ltr'>aut</span> <span class='ocrx_word' id='word_1_340' title='bbox 653 2286 695 2322; x_wconf 89' lang='lat' dir='ltr'>in</span> <span class='ocrx_word' id='word_1_341' title='bbox 717 2286 824 2322; x_wconf 82' lang='lat' dir='ltr'>villis</span> <span class='ocrx_word' id='word_1_342' title='bbox 848 2286 928 2323; x_wconf 92' lang='lat' dir='ltr'>otio</span> <span class='ocrx_word' id='word_1_343' title='bbox 953 2297 994 2321; x_wconf 88' lang='lat' dir='ltr'>se</span> <span class='ocrx_word' id='word_1_344' title='bbox 1023 2283 1164 2321; x_wconf 86' lang='lat' dir='ltr'>daturi.</span> <span class='ocrx_word' id='word_1_345' title='bbox 1222 2284 1312 2323; x_wconf 81' lang='lat' dir='ltr'><strong>vid.</strong></span> <span class='ocrx_word' id='word_1_346' title='bbox 1333 2283 1491 2322; x_wconf 83' lang='lat' dir='ltr'>Mitsch.</span> <span class='ocrx_word' id='word_1_347' title='bbox 1515 2284 1566 2322; x_wconf 89' lang='lat' dir='ltr'>ad</span> <span class='ocrx_word' id='word_1_348' title='bbox 1594 2285 1670 2323; x_wconf 89' lang='lat' dir='ltr'>Od.</span> <span class='ocrx_word' id='word_1_349' title='bbox 1689 2287 1736 2333; x_wconf 87' lang='lat'>3,</span> <span class='ocrx_word' id='word_1_350' title='bbox 1769 2283 1818 2333; x_wconf 88' lang='lat'>4,</span> <span class='ocrx_word' id='word_1_351' title='bbox 1851 2284 1931 2330; x_wconf 80' lang='grc'><strong>24.,</strong></span> 
     </span>
     <span class='ocr_line' id='line_1_32' title="bbox 421 2350 1932 2403; baseline -0.001 -12"><span class='ocrx_word' id='word_1_352' title='bbox 421 2351 600 2392; x_wconf 84' lang='lat' dir='ltr'><strong>Schmid.</strong></span> <span class='ocrx_word' id='word_1_353' title='bbox 619 2351 671 2389; x_wconf 87' lang='lat' dir='ltr'>ad</span> <span class='ocrx_word' id='word_1_354' title='bbox 693 2353 818 2403; x_wconf 88' lang='lat' dir='ltr'>Epist.</span> <span class='ocrx_word' id='word_1_355' title='bbox 850 2351 914 2399; x_wconf 83' lang='lat'>15,</span> <span class='ocrx_word' id='word_1_356' title='bbox 936 2353 989 2399; x_wconf 93' lang='lat'>2.,</span> <span class='ocrx_word' id='word_1_357' title='bbox 1017 2350 1137 2388; x_wconf 85' lang='lat' dir='ltr'><strong>Drak.</strong></span> <span class='ocrx_word' id='word_1_358' title='bbox 1163 2350 1213 2387; x_wconf 87' lang='lat' dir='ltr'>ad</span> <span class='ocrx_word' id='word_1_359' title='bbox 1238 2352 1312 2389; x_wconf 91' lang='lat' dir='ltr'><strong>Sil.</strong></span> <span class='ocrx_word' id='word_1_360' title='bbox 1335 2352 1400 2399; x_wconf 89' lang='lat'>12,</span> <span class='ocrx_word' id='word_1_361' title='bbox 1422 2352 1525 2398; x_wconf 68' lang='lat'><strong>113„</strong></span> <span class='ocrx_word' id='word_1_362' title='bbox 1557 2351 1744 2392; x_wconf 83' lang='lat' dir='ltr'><strong>Wemsd.</strong></span> <span class='ocrx_word' id='word_1_363' title='bbox 1769 2351 1819 2389; x_wconf 78' lang='lat' dir='ltr'>ad</span> <span class='ocrx_word' id='word_1_364' title='bbox 1836 2354 1932 2390; x_wconf 91' lang='lat' dir='ltr'><strong>Aus.</strong></span> 
     </span>
     <span class='ocr_line' id='line_1_33' title="bbox 421 2415 1933 2470; baseline 0.001 -14"><span class='ocrx_word' id='word_1_365' title='bbox 421 2422 521 2458; x_wconf 89' lang='lat' dir='ltr'><strong>Mos.</strong></span> <span class='ocrx_word' id='word_1_366' title='bbox 541 2419 635 2460; x_wconf 81' lang='lat'><strong>208.</strong></span> <span class='ocrx_word' id='word_1_367' title='bbox 658 2420 689 2455; x_wconf 93' lang='grc' dir='ltr'>Ι.</span> <span class='ocrx_word' id='word_1_368' title='bbox 711 2431 752 2469; x_wconf 84' lang='lat' dir='ltr'>p.</span> <span class='ocrx_word' id='word_1_369' title='bbox 776 2417 894 2466; x_wconf 82' lang='lat'><strong>208.‚</strong></span> <span class='ocrx_word' id='word_1_370' title='bbox 919 2419 1053 2455; x_wconf 88' lang='lat' dir='ltr'><strong>Burm.</strong></span> <span class='ocrx_word' id='word_1_371' title='bbox 1069 2416 1252 2454; x_wconf 84' lang='lat' dir='ltr'>adAnth.</span> <span class='ocrx_word' id='word_1_372' title='bbox 1275 2419 1344 2455; x_wconf 87' lang='lat' dir='ltr'>lat.</span> <span class='ocrx_word' id='word_1_373' title='bbox 1363 2420 1394 2455; x_wconf 87' lang='grc' dir='ltr'>Ι.</span> <span class='ocrx_word' id='word_1_374' title='bbox 1413 2431 1453 2468; x_wconf 89' lang='lat' dir='ltr'><strong>p.</strong></span> <span class='ocrx_word' id='word_1_375' title='bbox 1475 2415 1592 2466; x_wconf 88' lang='lat'><strong>484.,</strong></span> <span class='ocrx_word' id='word_1_376' title='bbox 1617 2418 1671 2455; x_wconf 84' lang='lat' dir='ltr'>id.</span> <span class='ocrx_word' id='word_1_377' title='bbox 1698 2418 1750 2455; x_wconf 87' lang='lat' dir='ltr'>ad</span> <span class='ocrx_word' id='word_1_378' title='bbox 1762 2421 1880 2470; x_wconf 88' lang='lat' dir='ltr'><strong>Prop.</strong></span> <span class='ocrx_word' id='word_1_379' title='bbox 1897 2421 1933 2467; x_wconf 84' lang='lat' dir='ltr'>l,</span> 
     </span>
     <span class='ocr_line' id='line_1_34' title="bbox 425 2483 1932 2537; baseline 0.001 -15"><span class='ocrx_word' id='word_1_380' title='bbox 425 2487 495 2534; x_wconf 87' lang='lat'><strong>11,</strong></span> <span class='ocrx_word' id='word_1_381' title='bbox 516 2489 555 2527; x_wconf 83' lang='grc'>2.</span> <span class='ocrx_word' id='word_1_382' title='bbox 568 2515 578 2534; x_wconf 91' lang='grc'><strong>,</strong></span> <span class='ocrx_word' id='word_1_383' title='bbox 609 2487 737 2537; x_wconf 86' lang='lat' dir='ltr'>Heyn.</span> <span class='ocrx_word' id='word_1_384' title='bbox 759 2491 798 2521; x_wconf 89' lang='lat' dir='ltr'>et</span> <span class='ocrx_word' id='word_1_385' title='bbox 814 2485 969 2522; x_wconf 86' lang='lat' dir='ltr'>Dissen.</span> <span class='ocrx_word' id='word_1_386' title='bbox 988 2484 1039 2521; x_wconf 89' lang='lat' dir='ltr'>ad</span> <span class='ocrx_word' id='word_1_387' title='bbox 1055 2486 1148 2522; x_wconf 89' lang='lat' dir='ltr'><strong>Tib.</strong></span> <span class='ocrx_word' id='word_1_388' title='bbox 1167 2485 1206 2531; x_wconf 87' lang='lat'>3,</span> <span class='ocrx_word' id='word_1_389' title='bbox 1226 2483 1264 2532; x_wconf 84' lang='lat'>5,</span> <span class='ocrx_word' id='word_1_390' title='bbox 1284 2484 1346 2532; x_wconf 86' lang='lat'>3.‚</span> <span class='ocrx_word' id='word_1_391' title='bbox 1370 2486 1497 2520; x_wconf 86' lang='lat' dir='ltr'>Beier.</span> <span class='ocrx_word' id='word_1_392' title='bbox 1520 2483 1571 2521; x_wconf 87' lang='lat' dir='ltr'>ad</span> <span class='ocrx_word' id='word_1_393' title='bbox 1590 2486 1671 2523; x_wconf 81' lang='lat' dir='ltr'><strong>cio.</strong></span> <span class='ocrx_word' id='word_1_394' title='bbox 1690 2487 1847 2537; x_wconf 86' lang='lat' dir='ltr'><strong>Fragm.</strong></span> <span class='ocrx_word' id='word_1_395' title='bbox 1868 2488 1932 2524; x_wconf 89' lang='lat' dir='ltr'>Or.</span> 
     </span>
     <span class='ocr_line' id='line_1_35' title="bbox 422 2550 1934 2606; baseline 0.001 -17"><span class='ocrx_word' id='word_1_396' title='bbox 422 2566 462 2603; x_wconf 88' lang='lat' dir='ltr'>p.</span> <span class='ocrx_word' id='word_1_397' title='bbox 485 2553 539 2591; x_wconf 88' lang='lat'>99</span> <span class='ocrx_word' id='word_1_398' title='bbox 562 2565 672 2603; x_wconf 89' lang='lat' dir='ltr'><strong>sqq.‚</strong></span> <span class='ocrx_word' id='word_1_399' title='bbox 701 2552 830 2589; x_wconf 88' lang='lat' dir='ltr'>Strab.</span> <span class='ocrx_word' id='word_1_400' title='bbox 850 2551 897 2600; x_wconf 90' lang='lat'>5,</span> <span class='ocrx_word' id='word_1_401' title='bbox 923 2550 962 2591; x_wconf 81' lang='grc'>4.</span> <span class='ocrx_word' id='word_1_402' title='bbox 987 2565 1026 2602; x_wconf 92' lang='lat' dir='ltr'>p.</span> <span class='ocrx_word' id='word_1_403' title='bbox 1047 2551 1143 2591; x_wconf 87' lang='lat'><strong>395.</strong></span> <span class='ocrx_word' id='word_1_404' title='bbox 1180 2550 1362 2589; x_wconf 83' lang='lat' dir='ltr'><strong>Tauchn.</strong></span> <span class='ocrx_word' id='word_1_405' title='bbox 1380 2552 1455 2588; x_wconf 92' lang='lat' dir='ltr'>Dio</span> <span class='ocrx_word' id='word_1_406' title='bbox 1476 2551 1583 2589; x_wconf 85' lang='lat' dir='ltr'><strong>cass.</strong></span> <span class='ocrx_word' id='word_1_407' title='bbox 1602 2550 1676 2601; x_wconf 86' lang='lat'>48,</span> <span class='ocrx_word' id='word_1_408' title='bbox 1705 2552 1771 2593; x_wconf 86' lang='lat'>51.</span> <span class='ocrx_word' id='word_1_409' title='bbox 1812 2554 1934 2606; x_wconf 85' lang='lat' dir='ltr'>Sym-</span> 
     </span>
     <span class='ocr_line' id='line_1_36' title="bbox 422 2617 1935 2670; baseline 0.003 -16"><span class='ocrx_word' id='word_1_410' title='bbox 422 2617 551 2656; x_wconf 87' lang='lat' dir='ltr'><strong>mach.</strong></span> <span class='ocrx_word' id='word_1_411' title='bbox 574 2621 698 2670; x_wconf 87' lang='lat' dir='ltr'><strong>Epist.</strong></span> <span class='ocrx_word' id='word_1_412' title='bbox 724 2620 767 2667; x_wconf 90' lang='lat'>1,</span> <span class='ocrx_word' id='word_1_413' title='bbox 799 2620 840 2659; x_wconf 85' lang='lat'>3.</span> <span class='ocrx_word' id='word_1_414' title='bbox 865 2618 904 2657; x_wconf 92' lang='grc'>8.</span> <span class='ocrx_word' id='word_1_415' title='bbox 961 2620 1067 2665; x_wconf 80' lang='lat' dir='ltr'>Quae</span> <span class='ocrx_word' id='word_1_416' title='bbox 1087 2631 1315 2670; x_wconf 83' lang='lat' dir='ltr'>quanquam</span> <span class='ocrx_word' id='word_1_417' title='bbox 1338 2620 1392 2655; x_wconf 88' lang='lat' dir='ltr'>ita</span> <span class='ocrx_word' id='word_1_418' title='bbox 1414 2624 1529 2666; x_wconf 87' lang='lat' dir='ltr'>sunt,</span> <span class='ocrx_word' id='word_1_419' title='bbox 1558 2632 1696 2657; x_wconf 78' lang='lat' dir='ltr'>vereor</span> <span class='ocrx_word' id='word_1_420' title='bbox 1709 2627 1865 2669; x_wconf 88' lang='lat' dir='ltr'>tamen,</span> <span class='ocrx_word' id='word_1_421' title='bbox 1890 2629 1935 2658; x_wconf 85' lang='lat' dir='ltr'>ut</span> 
     </span>
     <span class='ocr_line' id='line_1_37' title="bbox 423 2686 1933 2738; baseline 0.003 -18"><span class='ocrx_word' id='word_1_422' title='bbox 423 2687 654 2735; x_wconf 78' lang='lat' dir='ltr'>interpretes</span> <span class='ocrx_word' id='word_1_423' title='bbox 686 2693 790 2723; x_wconf 89' lang='lat' dir='ltr'>recte</span> <span class='ocrx_word' id='word_1_424' title='bbox 819 2687 1046 2736; x_wconf 85' lang='lat' dir='ltr'>intelligant</span> <span class='ocrx_word' id='word_1_425' title='bbox 1075 2686 1190 2734; x_wconf 88' lang='lat' dir='ltr'>Bajas</span> <span class='ocrx_word' id='word_1_426' title='bbox 1223 2686 1328 2735; x_wconf 87' lang='lat' dir='ltr'>ipsas</span> <span class='ocrx_word' id='word_1_427' title='bbox 1355 2686 1421 2721; x_wconf 81' lang='lat' dir='ltr'>vel</span> <span class='ocrx_word' id='word_1_428' title='bbox 1447 2686 1578 2722; x_wconf 79' lang='lat' dir='ltr'>sinum</span> <span class='ocrx_word' id='word_1_429' title='bbox 1618 2688 1933 2738; x_wconf 83' lang='lat' dir='ltr'>interpretentur,</span> 
     </span>
     <span class='ocr_line' id='line_1_38' title="bbox 424 2750 1933 2803; baseline 0.001 -13"><span class='ocrx_word' id='word_1_430' title='bbox 424 2753 610 2790; x_wconf 88' lang='lat' dir='ltr'>Ascensio</span> <span class='ocrx_word' id='word_1_431' title='bbox 654 2751 774 2800; x_wconf 86' lang='lat' dir='ltr'>duce,</span> <span class='ocrx_word' id='word_1_432' title='bbox 818 2753 1015 2803; x_wconf 73' lang='lat' dir='ltr'>angulum</span> <span class='ocrx_word' id='word_1_433' title='bbox 1053 2766 1086 2789; x_wconf 87' lang='lat' dir='ltr'>s.</span> <span class='ocrx_word' id='word_1_434' title='bbox 1127 2750 1430 2800; x_wconf 77' lang='lat' dir='ltr'>receptaculum.</span> <span class='ocrx_word' id='word_1_435' title='bbox 1500 2753 1634 2790; x_wconf 89' lang='lat' dir='ltr'>Etiam</span> <span class='ocrx_word' id='word_1_436' title='bbox 1661 2753 1933 2792; x_wconf 86' lang='lat' dir='ltr'>Wielandius:</span> 
     </span>
     <span class='ocr_line' id='line_1_39' title="bbox 426 2817 1935 2870; baseline 0.002 -16"><span class='ocrx_word' id='word_1_437' title='bbox 426 2819 502 2866; x_wconf 90' lang='lat' dir='ltr'>„in</span> <span class='ocrx_word' id='word_1_438' title='bbox 526 2817 596 2854; x_wconf 86' lang='lat' dir='ltr'>der</span> <span class='ocrx_word' id='word_1_439' title='bbox 614 2820 727 2856; x_wconf 86' lang='lat' dir='ltr'>Welt</span> <span class='ocrx_word' id='word_1_440' title='bbox 745 2821 797 2856; x_wconf 86' lang='lat' dir='ltr'>ist</span> <span class='ocrx_word' id='word_1_441' title='bbox 815 2818 918 2856; x_wconf 87' lang='lat' dir='ltr'>doch</span> <span class='ocrx_word' id='word_1_442' title='bbox 935 2818 1031 2856; x_wconf 88' lang='lat' dir='ltr'>kein</span> <span class='ocrx_word' id='word_1_443' title='bbox 1049 2817 1237 2866; x_wconf 86' lang='lat' dir='ltr'>Winkel,</span> <span class='ocrx_word' id='word_1_444' title='bbox 1262 2817 1332 2855; x_wconf 89' lang='lat' dir='ltr'>der</span> <span class='ocrx_word' id='word_1_445' title='bbox 1354 2831 1404 2854; x_wconf 91' lang='lat' dir='ltr'>an</span> <span class='ocrx_word' id='word_1_446' title='bbox 1424 2819 1603 2857; x_wconf 77' lang='lat' dir='ltr'>Amnuth</span> <span class='ocrx_word' id='word_1_447' title='bbox 1621 2819 1713 2857; x_wconf 87' lang='lat' dir='ltr'>dem</span> <span class='ocrx_word' id='word_1_448' title='bbox 1729 2821 1935 2870; x_wconf 86' lang='lat' dir='ltr'>vonBajae</span> 
     </span>
     <span class='ocr_line' id='line_1_40' title="bbox 428 2882 1936 2938; baseline 0.003 -17"><span class='ocrx_word' id='word_1_449' title='bbox 428 2882 625 2936; x_wconf 85' lang='lat' dir='ltr'>gleicht.“</span> <span class='ocrx_word' id='word_1_450' title='bbox 681 2887 792 2922; x_wconf 89' lang='lat' dir='ltr'>Licet</span> <span class='ocrx_word' id='word_1_451' title='bbox 815 2888 921 2923; x_wconf 89' lang='lat' dir='ltr'>enim</span> <span class='ocrx_word' id='word_1_452' title='bbox 959 2898 1217 2938; x_wconf 84' lang='lat' dir='ltr'>quaecunque</span> <span class='ocrx_word' id='word_1_453' title='bbox 1250 2891 1454 2922; x_wconf 83' lang='lat' dir='ltr'>curvatura</span> <span class='ocrx_word' id='word_1_454' title='bbox 1495 2894 1599 2924; x_wconf 88' lang='lat' dir='ltr'>recte</span> <span class='ocrx_word' id='word_1_455' title='bbox 1633 2886 1785 2926; x_wconf 79' lang='lat' dir='ltr'>dicatur</span> <span class='ocrx_word' id='word_1_456' title='bbox 1808 2889 1936 2934; x_wconf 68' lang='lat' dir='ltr'>sinus,</span> 
     </span>
    </p>
   </div>
  </div>
 </body>
</html>
