2028 3268
403 243 486 286 368
551 245 925 285 COMMENTARH
955 245 1011 283 IN
1040 243 1258 284 HORATII
1285 244 1381 284 LIB.
1401 246 1429 284 1.
1453 245 1613 285 EPIST.
1635 245 1778 287 SEPT.
1860 246 1917 288 96

407 371 513 420 quasi
541 370 693 417 dixerit,
743 369 922 419 optimam
952 379 993 404 se
1023 378 1112 403 suae
1141 367 1238 404 vitae
1265 371 1412 417 partem
1439 366 1648 407 Maecenati
1675 368 1915 420 impendisse.

408 437 521 474 Conf.
552 438 663 474 etiam
690 434 755 472 Fr.
785 433 937 470 Jacobs.
968 446 1006 483 p.
1024 432 1092 473 98.
1122 437 1162 471 et
1190 433 1307 471 Orell.
1338 434 1386 470 ad
1411 434 1450 471 h.
1475 434 1502 471 l.
1528 457 1582 464 --
1603 434 1652 473 V.
1679 436 1746 476 26.
1803 434 1918 471 Forte

409 503 529 550 latim,
568 503 669 551 quod
698 502 777 550 ejus
801 505 861 538 est
889 501 952 550 qui
979 498 1165 550 pulmonis
1194 501 1331 538 viribus
1356 500 1510 549 gaudet,
1538 502 1736 550 „gesunde
1757 501 1918 551 Brust,“

408 570 442 607 ei
465 569 644 619 imprimis
672 568 940 616 necessarium,
970 567 1033 616 qui
1059 567 1097 604 in
1125 567 1219 605 urbe
1248 567 1381 605 officiis
1407 567 1484 604 suis
1503 567 1611 616 fungi
1628 567 1798 606 voluerit.
1835 569 1918 607 Sat.

409 638 456 685 2,
485 637 532 684 6,
563 634 615 675 23
641 646 726 683 sqq.
783 633 907 684 Epist.
939 633 988 683 2,
1019 636 1068 684 2,
1096 636 1149 675 67
1167 656 1222 664 -
1242 635 1312 675 70.
1368 633 1466 673 Hinc
1494 645 1570 671 non
1597 635 1783 672 assentior
1810 635 1920 672 Doe-

407 702 554 751 ringio‚
585 713 747 749 quocum
771 700 863 738 facit
891 699 1131 746 Hoeheder„
1158 714 1274 751 quum
1300 699 1406 737 latus
1433 699 1491 737 vel
1515 699 1642 737 latera
1667 701 1835 751 corporis
1864 702 1919 739 vi·-

408 781 470 806 res
499 767 685 816 intelligit,
713 767 801 816 quia
826 771 905 804 tam
931 767 1062 804 virium
1086 766 1213 816 robur,
1243 779 1356 817 quam
1382 778 1510 804 earum
1536 767 1704 805 defectus
1729 767 1769 804 in
1792 766 1920 806 lateri-

409 835 478 871 bus
508 834 711 884 praecipue
741 835 946 880 sentiatur3
999 834 1197 871 Horatium
1227 835 1361 884 igitur,
1405 833 1492 882 quia
1518 834 1685 883 corporis
1713 834 1809 873 vires
1837 847 1922 872 eum

411 902 574 938 deficere
616 902 851 950 coepissent,
904 901 1011 938 reddi
1039 900 1110 938 sibi
1149 905 1280 951 optare
1308 899 1419 950 J‘brte
1452 898 1572 936 latus.
1632 899 1684 938 At
1711 901 1810 938 conf.
1840 901 1921 938 Cic.

409 967 516 1005 Verr.
547 966 597 1016 4,
627 966 694 1006 30.
725 981 827 1018 quae
858 981 933 1005 vox
945 996 960 1014 ,
990 981 1091 1018 quae
1120 967 1271 1014 latera,
1303 980 1404 1019 quae
1429 967 1530 1003 vires
1554 966 1675 1014 hujus
1701 967 1819 1004 unius
1845 968 1925 1003 cri-

411 1036 530 1072 minis
559 1035 843 1085 querimoniam
865 1036 1019 1085 possint
1047 1034 1267 1070 sustinere?
1303 1035 1358 1071 Id.
1393 1034 1439 1071 de
1467 1034 1619 1071 Senect.
1650 1033 1691 1084 9,
1721 1034 1760 1074 5.
1825 1033 1925 1071 Ora-

413 1110 490 1148 tor,
519 1109 664 1147 metu0,
693 1115 741 1138 ne
765 1102 998 1152 languescat
1020 1107 1235 1138 senectute:
1267 1107 1324 1137 est
1345 1101 1448 1137 enim
1474 1114 1619 1138 munus
1648 1103 1731 1148 ejus
1754 1113 1832 1137 non
1859 1101 1925 1137 in-

409 1171 507 1221 geni
532 1169 677 1214 solum,
706 1168 776 1205 secl
802 1168 971 1204 laterum
997 1170 1113 1204 etiam
1139 1174 1175 1204 et
1195 1167 1351 1205 virium.
1409 1167 1562 1212 Quintil.
1583 1167 1674 1204 Inst.
1695 1168 1761 1216 11,
1788 1167 1829 1216 3,
1855 1165 1925 1206 40.

415 1238 482 1274 cui
503 1237 632 1274 aderit
659 1236 791 1272 lateris
806 1236 999 1283 firmitas.
1059 1235 1157 1273 Ibid.
1187 1247 1355 1285 prooem.
1387 1235 1452 1275 27.
1491 1247 1566 1270 vox
1575 1260 1592 1279 ,
1640 1233 1746 1270 latus
1767 1233 1928 1282 patiens

414 1304 580 1349 laboris,
609 1302 804 1342 valetudo.
862 1302 1023 1340 Ellendt.
1052 1303 1102 1339 ad
1127 1303 1207 1340 Cic.
1230 1303 1337 1339 Brut.
1366 1299 1434 1349 56,
1461 1300 1559 1342 202.
1588 1300 1636 1338 de
1662 1299 1769 1337 Orat.
1796 1300 1835 1347 1,
1859 1297 1928 1347 25,

417 1370 510 1414 114.
569 1370 712 1408 Gernh.
741 1370 790 1407 ad
817 1369 900 1407 Cic.
932 1369 1017 1406 Cat.
1049 1369 1090 1418 5,
1122 1367 1188 1418 14,
1218 1368 1257 1409 4.
1285 1389 1341 1398 —
1369 1367 1502 1418 nigros
1529 1380 1568 1404 a.
1589 1367 1627 1418 f.
1660 1365 1839 1416 capillos.
1880 1363 1930 1404 Hi

415 1444 659 1491 opponuntur
687 1442 768 1475 tum
796 1435 1016 1485 albescenti,
1048 1441 1128 1474 tum
1157 1448 1251 1474 cano
1281 1434 1426 1485 capillo.
1485 1434 1559 1471 Od.
1591 1437 1630 1483 1,
1659 1433 1734 1482 32,
1761 1433 1842 1491 11..
1881 1429 1931 1468 Α.

415 1507 458 1547 Ρ.
486 1507 553 1546 37.
611 1504 735 1542 Plaut.
767 1503 877 1540 Cure.
909 1504 956 1552 1,
985 1503 1036 1552 3,
1065 1503 1133 1543 35.
1189 1503 1385 1542 Horatium
1413 1513 1533 1538 annos
1569 1498 1622 1541 41
1661 1504 1791 1538 natum
1825 1497 1931 1542 albe-

415 1577 599 1621 scentem,
627 1572 661 1608 si
688 1583 765 1607 non
795 1582 929 1608 canum
957 1570 1131 1620 capillum
1158 1569 1335 1607 habuisse
1363 1568 1575 1606 observavit
1594 1564 1932 1607 Mitscherlichius

415 1641 464 1677 ad
494 1639 569 1675 Od.
603 1637 653 1686 3,
686 1635 763 1685 14,
792 1636 860 1678 25.
917 1636 978 1674 Cf.
1011 1637 1134 1687 Epist.
1166 1639 1214 1686 1,
1246 1637 1322 1686 20,
1353 1634 1420 1677 24.
1480 1635 1555 1672 Od.
1589 1636 1637 1683 2,
1669 1635 1745 1682 11,
1775 1634 1814 1673 7.
1841 1631 1931 1680 ibiq.

417 1706 555 1743 Sanad.
613 1703 673 1741 De
701 1702 844 1741 honore
873 1704 1002 1753 nigris
1030 1702 1188 1752 capillis
1215 1715 1238 1739 a
1258 1703 1414 1740 Graecis
1443 1707 1481 1740 et
1498 1701 1678 1740 Romanis
1707 1699 1834 1738 habito
1859 1698 1931 1736 vid.

417 1772 516 1810 Tan.
545 1770 643 1808 Fab.
673 1769 722 1805 ad
750 1767 887 1806 Anacr.
921 1771 988 1818 18,
1023 1770 1088 1809 17.
1118 1774 1156 1807 et
1181 1769 1282 1807 conf.
1312 1769 1444 1807 Jacob.
1475 1769 1548 1812 Qu.
1577 1768 1683 1818 Epic.
1713 1780 1752 1817 p.
1779 1765 1848 1806 79.
1879 1787 1934 1796 —-

416 1844 594 1890 angusta
616 1837 762 1887 fronte.
817 1835 923 1873 Haec
949 1835 1093 1885 (tenuis
1120 1836 1193 1873 Od.
1218 1837 1255 1885 1,
1285 1837 1353 1885 33,
1382 1836 1437 1887 5.,
1468 1835 1595 1872 brevis
1616 1832 1777 1871 Martial.
1794 1830 1836 1882 4,
1864 1829 1933 1880 42,

418 1906 475 1956 9.)
502 1918 572 1956 pro
600 1903 756 1955 pulchra
782 1901 911 1939 habita
949 1901 1123 1950 (Lucian.
1156 1902 1285 1941 Amor.
1315 1900 1385 1942 40.
1414 1901 1614 1940 Winkelm.
1647 1900 1750 1950 opp.
1785 1898 1867 1936 VII.
1895 1910 1934 1948 p.

422 1972 533 2021 118.)
561 1971 620 2007 hic
647 1969 763 2006 fronti
793 1968 941 2005 calvitio
974 1968 1150 2006 dilatatae
1181 1971 1395 2020 opponitur.
1451 1968 1573 2019 Epist.
1596 1970 1635 2016 1,
1667 1966 1735 2015 20,
1765 1962 1830 2007 24.
1878 1964 1937 2002 Ita

421 2040 468 2075 de
497 2049 587 2074 sene
616 2035 712 2072 Plin.
739 2035 862 2084 Epist.
891 2035 943 2083 3,
972 2035 1018 2082 6,
1050 2036 1088 2076 2.
1116 2035 1202 2070 rari
1230 2041 1267 2070 et
1293 2035 1468 2072 cedentes
1495 2033 1660 2084 capilli,
1697 2032 1783 2070 lata
1802 2032 1932 2082 frons.

421 2105 556 2142 Senec.
586 2103 634 2140 de
658 2102 768 2139 Brev.
792 2102 855 2138 vit.
882 2101 947 2141 12.
971 2099 1067 2136 dum
1095 2107 1170 2137 aut
1193 2101 1358 2148 disjecta
1386 2114 1497 2139 coma
1523 2101 1750 2149 restituitur,
1774 2106 1848 2136 aut
1871 2099 1938 2136 de-

415 2172 562 2219 ficiens
599 2169 694 2206 hinc
732 2175 850 2219 atque
886 2166 999 2203 illinc
1035 2167 1079 2203 in
1110 2168 1242 2219 fronte
1280 2169 1538 2220 compellitur.
1599 2168 1711 2206 Conf.
1737 2166 1849 2218 Vulp.
1873 2166 1935 2204 ad.

423 2237 561 2277 Catull.
592 2235 660 2286 54,
690 2237 727 2276 1.
775 2235 891 2273 Wolf.
922 2239 960 2272 et
987 2234 1113 2272 Brem.
1145 2235 1326 2286 ad3Suet.
1357 2237 1467 2275 Caes.
1495 2234 1563 2276 45.
1604 2234 1756 2274 Mitseh.
1784 2234 1834 2272 ad
1861 2234 1936 2272 od.

424 2306 466 2355 3,
499 2304 568 2354 19,
594 2303 662 2345 25.
689 2324 744 2330 -—
781 2301 826 2342 V.
855 2303 922 2343 27.
980 2301 1109 2340 Redd.
1139 2302 1254 2339 dulce
1279 2302 1390 2354 loqui
1414 2307 1486 2341 etc.
1543 2302 1602 2340 Ita
1627 2301 1675 2340 de
1700 2313 1769 2339 sua
1793 2300 1937 2350 Lalage

425 2373 502 2411 od.
535 2373 574 2421 1,
604 2373 673 2419 22,
703 2369 770 2411 23.
826 2367 959 2404 Dulce
993 2369 1182 2405 ridentem
1208 2369 1395 2420 Lalagen
1422 2368 1588 2414 amabo,
1616 2367 1750 2406 Dulce
1776 2367 1938 2418 loquen-

426 2447 519 2484 tem,
547 2438 612 2475 ubi
639 2437 712 2474 vid.
740 2434 947 2472 Mitscherl.
977 2439 1015 2472 et
1044 2436 1093 2472 ad
1123 2436 1198 2474 Od.
1231 2438 1270 2486 1,
1297 2436 1338 2486 9,
1369 2439 1433 2479 22.
1488 2436 1581 2474 Inde
1609 2435 1759 2474 omnino
1786 2437 1939 2473 senten-

425 2508 479 2544 tia
507 2506 568 2543 hic
595 2516 681 2542 esse
708 2502 859 2540 videtur
886 2501 1006 2551 qualis
1042 2502 1117 2539 Od.
1147 2501 1196 2551 4,
1228 2504 1277 2551 1,
1301 2503 1340 2543 3.
1397 2502 1495 2539 Non
1521 2515 1637 2549 sum,
1675 2500 1807 2553 qualis
1834 2514 1939 2539 eram

428 2572 551 2609 bonae
584 2569 668 2607 Sub
706 2582 826 2620 regno
859 2568 1054 2615 Cinarae,
1103 2571 1128 2606 i.
1159 2582 1192 2610 e.
1219 2570 1300 2620 jam
1340 2581 1417 2606 non
1454 2573 1565 2619 aptus
1605 2581 1689 2607 sum
1715 2569 1766 2606 ad
1804 2579 1938 2606 suaves

429 2651 646 2686 sermones,
693 2637 742 2673 ad
776 2637 896 2686 risus,
940 2637 989 2673 ad
1015 2648 1174 2674 amores.
1231 2636 1291 2673 Cf.
1318 2635 1441 2685 Epist.
1474 2637 1518 2684 1,
1549 2632 1626 2684 14,
1651 2635 1718 2678 32.
1743 2634 1811 2675 33.
1866 2633 1941 2672 Alii

430 2709 578 2753 autem,
607 2708 650 2742 ut
679 2703 919 2751 Schmfflius,
948 2703 1016 2742 R.
1046 2702 1252 2739 Jacobsius
1278 2701 1333 2753 (p.
1367 2701 1492 2752 125),
1519 2703 1729 2753 gingivam
1755 2702 1940 2738 inermem

431 2772 513 2808 Juv·
544 2771 613 2819 10,
646 2770 741 2811 200.
770 2770 831 2808 vel
858 2783 929 2807 ora
961 2775 1164 2806 exarmata
1190 2769 1338 2820 (Sidon.
1365 2768 1487 2820 Epist.
1512 2771 1560 2819 7,
1592 2766 1674 2820 14.)
1697 2772 1797 2807 tecte
1821 2768 1938 2818 signi-

431 2838 544 2876 ficata
577 2837 716 2874 vident.
773 2836 980 2888 Perperam
1006 2836 1162 2874 Bothius
1190 2835 1314 2872 ridere
1341 2836 1431 2873 illud
1459 2836 1508 2874 ad
1535 2837 1664 2886 fugam
1691 2836 1850 2874 Cinarae
1877 2847 1939 2872 re·

432 2904 521 2955 fert,
549 2915 623 2954 qua
647 2916 688 2940 re
706 2907 788 2942 tota
808 2906 1021 2957 infringitur
1041 2903 1237 2944 sententia.
1270 2924 1316 2933 -
1348 2903 1394 2942 V.
1416 2904 1483 2948 28.
1541 2902 1651 2942 Inter
1670 2904 1767 2941 vina
1779 2903 1940 2955 fugam.
