2054 3268
229 249 600 291 COMMENTARII
626 249 683 287 IN
710 246 936 286 HORATII
963 245 1139 285 EPIST.
1161 246 1306 285 PRIM.
1329 246 1431 284 LIB.
1462 246 1498 284 1.
1582 242 1640 285 45

91 365 263 404 auctoris
286 364 334 403 de
354 365 522 403 victoria
539 363 717 402 Actiaca
738 361 927 410 carmine,
957 373 1038 413 qua
1065 359 1240 399 dictione
1259 357 1368 398 hunc
1390 360 1527 398 locum
1549 372 1639 397 ma-

90 435 153 486 gis
177 433 381 472 firmatum
400 435 450 472 iri
470 435 658 486 opinatur
677 433 758 469 Fea
773 431 808 468 1.
828 444 870 482 p.
888 431 1038 468 XXIII.
1065 428 1130 467 ed.
1150 427 1270 468 Both.
1290 430 1410 467 Torr.
1434 434 1641 481 comparat

91 501 177 540 cic.
205 499 256 539 de
285 503 394 542 Orat.
423 503 470 553 1,
512 502 581 543 50.
611 513 744 540 omnes
772 505 879 536 artes
898 499 1049 536 oraton·
1073 497 1329 551 subsungere.
1390 496 1507 535 Adde
1528 498 1641 538 verr.

91 571 140 620 2,
168 571 214 620 1,
243 570 315 612 21.

203 639 252 678 V·
281 640 465 682 ‘zo—26.
521 638 661 689 Quod,
690 649 814 692 quam
835 648 953 688 aegre
973 636 1078 675 ferat
1105 649 1268 674 omnem
1295 647 1461 674 suorum
1487 632 1643 672 studio-

92 719 183 745 rum
209 719 368 746 moram
383 736 395 758 ‚
424 709 641 760 multiplici
666 719 792 759 eaque
809 705 980 757 joculari
1011 704 1186 743 declarat
1210 707 1335 743 Poeta
1362 702 1641 752 similitudine,

92 782 197 814 tecte
213 789 380 814 monere
398 775 558 815 videtur
575 778 861 823 Maecenatem,
891 786 944 810 ne
960 786 1004 812 se
1022 772 1074 811 ad
1090 772 1245 811 ludicra
1264 786 1432 824 poeseos
1447 773 1643 823 juvenili-

93 843 169 882 bus
191 844 305 882 annis
327 843 460 883 danda
481 858 668 883 revocare
689 845 800 883 velit.
823 865 881 871 -
907 843 1162 894 Francogalli
1183 842 1246 878 illi
1266 840 1444 894 quidem,
1470 853 1644 894 quorum

94 925 216 964 supra
234 912 403 951 fecimus
422 915 684 963 mentionem,
713 914 844 965 prima
863 909 1128 950 similitudine
1148 910 1196 947 ab
1217 911 1352 947 amica
1370 911 1398 948 i.
1421 924 1457 948 e.
1472 911 1644 947 muliere

95 980 298 1033 impudice
319 989 451 1020 amata
476 980 620 1035 (Epist.
641 984 678 1032 1,
700 982 765 1031 15,
784 982 854 1022 21.
886 980 972 1018 Sat.
990 979 1077 1029 1‚5‚
1098 978 1168 1032 15)
1188 985 1410 1016 amatorem
1426 977 1645 1016 deludente

96 1048 199 1103 (Sat.
219 1051 256 1099 1,
281 1049 320 1098 5,
341 1047 426 1104 82)
455 1052 579 1103 petita
599 1050 743 1090 offensi
762 1050 932 1088 delicate
950 1054 1207 1086 mutaverunt
1226 1048 1314 1099 ipsa
1333 1048 1489 1085 Horatii
1507 1047 1647 1086 verbm

96 1117 193 1155 Nox
215 1117 542 1170 longa-diesque
566 1119 693 1172 longa
727 1119 886 1158 videtur
913 1116 1067 1155 dictum
1091 1123 1137 1154 ut
1161 1115 1278 1154 Ovid.
1305 1117 1471 1154 Metam.
1499 1115 1548 1165 4,
1573 1114 1645 1156 40.

97 1185 210 1238 quod
227 1193 404 1238 tempora
423 1186 548 1239 longa
574 1189 706 1226 videri
726 1201 807 1225 non
825 1188 947 1224 sinat.
1010 1186 1094 1224 cic.
1114 1183 1166 1222 ad
1183 1186 1306 1222 Attic.
1331 1185 1404 1235 12,
1434 1185 1474 1226 5.
1503 1183 1646 1231 horae,

96 1253 243 1306 quibus
262 1254 555 1307 exspectabam,
585 1256 732 1308 longae
747 1254 1000 1294 videbantur.
1061 1255 1151 1292 Liv.
1169 1254 1217 1303 3,
1235 1255 1284 1302 2,
1307 1253 1376 1294 10.
1432 1253 1517 1291 His
1535 1254 1648 1290 νοοί-

98 1321 174 1360 bus
199 1324 379 1361 imitatus
404 1323 517 1361 miles
546 1325 590 1362 in
618 1325 722 1362 diem
743 1330 948 1375 posterum
972 1324 1017 1361 in
1045 1330 1180 1360 castra
1210 1322 1415 1360 reducitur
1423 1350 1441 1369 ,
1480 1321 1648 1374 longam

99 1392 234 1430 venire
255 1399 408 1430 noctem
427 1398 541 1429 ratus
551 1420 567 1438 ,
598 1406 702 1444 quae
722 1405 877 1430 moram
895 1393 1106 1430 certamini
1113 1391 1288 1443 faceret.
1320 1391 1419 1443 ibiq.
1432 1388 1556 1429 Drak.
1568 1391 1647 1429 Se-

98 1473 200 1497 neca
224 1459 274 1498 de
291 1462 409 1499 Brev.
429 1461 502 1498 vit.
524 1460 591 1500 17.
621 1460 739 1499 Illud
752 1474 908 1512 quoque
924 1466 1210 1512 argumentum
1230 1472 1312 1497 non
1334 1466 1409 1506 est,
1440 1473 1518 1512 quo
1527 1467 1648 1511 putes

99 1528 173 1566 diu
189 1529 380 1575 victuros,
411 1528 522 1580 quod
539 1541 656 1579 saepe
679 1528 764 1566 illis
783 1528 931 1580 longus
952 1528 1111 1566 videtur
1129 1527 1213 1565 dies
1226 1543 1239 1565 .-
1272 1527 1383 1580 quod
1398 1528 1496 1566 dum
1512 1530 1649 1566 veniat

102 1597 329 1635 condictum
355 1604 510 1648 tempus
538 1609 708 1643 coenae,
747 1597 861 1635 tarde
888 1598 947 1635 ire
969 1596 1090 1634 horas
1123 1604 1359 1648 queruntur.
1395 1596 1525 1648 Epist.
1550 1597 1647 1636 122.

99 1665 256 1704 Nullus
279 1666 419 1718 agenti
434 1665 517 1702 dies
537 1664 683 1716 longus
701 1672 770 1702 est.
804 1665 920 1704 Ovid.
942 1668 1039 1704 Met.
1065 1667 1088 1707 1
1102 1695 1113 1715 ,
1131 1665 1231 1707 273.
1260 1664 1450 1717 longique
1467 1662 1648 1701 labor—

98 1735 213 1774 anni.
229 1770 231 1773 .
245 1733 388 1772 Claud.
407 1731 458 1771 de
477 1735 601 1786 Nupt.
618 1735 770 1772 Honor.
794 1732 861 1776 14.
891 1734 1060 1772 Ιησιιεαί
1077 1747 1166 1784 spes
1190 1747 1317 1786 aegra
1335 1746 1486 1779 moras,
1512 1732 1648 1784 longi—

99 1816 178 1855 que
194 1802 380 1841 videntur
395 1809 502 1840 stare
521 1803 618 1840 dies.
681 1802 744 1842 Cf.
762 1803 898 1842 Bentl.
921 1809 960 1841 et
977 1801 1235 1855 Peerlkamp.
1256 1801 1309 1840 ad
1330 1801 1405 1841 Od.
1429 1803 1475 1852 1,
1500 1800 1556 1842 25
1570 1830 1581 1852 ‚
1604 1803 1647 1843 7.

101 1871 208 1910 Cort.
230 1870 283 1909 ad
302 1871 467 1910 Sallust.
486 1873 527 1910 J.
549 1869 627 1921 64,
649 1872 690 1912 6.

210 1941 262 1979 V.
290 1940 362 1980 21.
418 1940 536 1977 Errat
553 1940 773 1986 Dae-erius,
807 1941 878 1994 qui
902 1954 1004 1992 opus
1026 1953 1099 1992 pro
1122 1953 1244 1991 opera
1268 1945 1507 1991 usurpatum
1538 1937 1649 1977 dicit.

103 2007 264 2044 Etenim
282 2021 381 2058 opus
398 2007 595 2059 imprimis
618 2007 766 2047 debent
782 2017 852 2047 aut
871 2010 975 2047 servi
996 2015 1084 2058 aut,
1113 2007 1223 2061 quod
1245 2009 1388 2046 malim
1407 2005 1499 2045 cum
1517 2005 1649 2046 Scho-

104 2076 221 2113 liasta
240 2075 358 2128 Cruq.
371 2104 383 2124 ,
411 2078 670 2126 mercenarii,
700 2078 772 2129 qui
796 2078 906 2128 operi
925 2079 1072 2115 rustico
1092 2075 1336 2129 perficiendo
1357 2075 1649 2126 conducuntur,

105 2143 158 2184 cf.
190 2141 265 2181 Od.
295 2143 336 2192 3,
368 2144 434 2193 17,
471 2145 538 2185 16.
586 2147 664 2197 Ep.
690 2148 730 2194 2,
761 2146 799 2194 1,
831 2143 926 2186 142.
984 2147 1045 2183 Ita
1082 2145 1250 2182 Graeci:
1291 2143 1432 2198 ἔργον,
1465 2140 1647 2198 ἐργάτης,

104 2207 355 2264 ἐργάζεσθαι.
411 2211 502 2251 vid.
537 2213 680 2251 Graev.
715 2214 844 2251 Lectt.
875 2213 1040 2251 Hesiod.
1071 2226 1105 2251 c.
1136 2213 1203 2253 10.
1232 2226 1273 2264 p.
1299 2214 1367 2254 50.
1396 2210 1562 2250 Ruhnk.
1598 2211 1651 2249 ad

105 2279 272 2316 Terent.
302 2280 407 2317 Eun.
428 2282 476 2330 2,
514 2282 560 2330 1,
592 2279 658 2322 14.
700 2283 957 2320 Mercenariis
984 2294 1145 2334 quoque
1166 2282 1210 2318 in
1230 2293 1325 2331 agro
1357 2279 1526 2319 colendo
1554 2294 1651 2319 usos

105 2360 192 2385 esse
213 2349 416 2386 Romanos
442 2348 560 2387 docet
581 2352 705 2389 Varro
732 2351 780 2388 R.
802 2352 849 2388 R.
878 2351 915 2399 1,
945 2351 1014 2391 17.
1062 2350 1175 2399 Opus
1204 2350 1325 2386 etiam
1351 2363 1424 2401 pro
1451 2362 1652 2402 quocum-

105 2427 185 2468 que
208 2415 358 2454 laboris
381 2417 525 2456 effectu
544 2418 645 2468 dici,
669 2431 731 2456 res
756 2425 874 2466 nota3
907 2432 946 2456 v.
972 2417 1162 2456 Doederl.
1190 2417 1344 2469 Synon.
1363 2419 1396 2455 I.
1418 2432 1460 2469 p.
1486 2419 1568 2460 112
1588 2432 1652 2472 sq.

104 2483 278 2522 Proinde
306 2498 389 2524 non
418 2488 749 2538 repugnaverim,
788 2488 824 2525 si
857 2488 928 2539 qui
952 2487 1068 2524 aliter
1087 2484 1197 2523 hunc
1226 2486 1364 2523 locum
1395 2487 1651 2539 explicarint.

105 2552 295 2590 ceterum
319 2555 464 2604 miror,
491 2562 551 2594 tot
572 2556 678 2594 viros
700 2555 838 2594 doctos
858 2555 1089 2605 Bentlejum
1107 2555 1276 2606 repetito
1302 2555 1497 2594 vocabulo
1526 2556 1651 2609 longa

107 2619 307 2658 offensum
323 2630 479 2662 secutos
502 2637 600 2674 esse,
627 2636 755 2676 quum
773 2625 879 2662 inter
898 2636 1038 2662 omnes
1057 2630 1232 2671 constet,
1261 2629 1415 2662 veteres
1439 2626 1650 2677 scriptores

106 2702 189 2727 non
215 2689 336 2728 modo
360 2704 443 2729 non
461 2694 563 2731 tales
585 2694 842 2745 repetitiones
866 2693 1060 2741 evitasse,
1097 2690 1170 2729 sed
1195 2704 1314 2743 saepe
1343 2694 1465 2730 etiam
1485 2697 1650 2747 quaesi-

107 2758 235 2806 visse,
265 2765 311 2795 ut
335 2761 507 2798 orationi
522 2762 718 2812 majorem
743 2760 938 2798 adderent
969 2761 1208 2812 gravitatem
1235 2767 1276 2798 et
1295 2761 1498 2812 librarios,
1527 2761 1648 2814 hujus

106 2839 204 2863 usus
231 2827 415 2878 ignaros,
446 2828 635 2867 audacter
659 2835 839 2866 mutasse
869 2829 1004 2867 verba.
1064 2829 1130 2868 Sic
1152 2828 1247 2867 Tib.
1265 2828 1316 2877 3,
1344 2830 1385 2879 6,
1409 2830 1479 2872 53.
1516 2831 1651 2882 Quam

107 2893 251 2931 vellem
282 2894 426 2946 longas
462 2903 590 2934 tecum
617 2899 856 2949 requiescere
897 2905 1029 2935 noctes
1055 2898 1113 2936 Et
1142 2905 1271 2935 tecum
1299 2896 1440 2950 longos
1466 2902 1651 2953 pervigi-

110 2961 195 3000 lare
219 2963 321 3010 dies,
346 2970 385 3001 et
404 2963 459 3000 ibi
477 2966 605 3017 Heyn.
628 2972 667 3003 et
685 2964 933 3005 Huschkius.
963 2966 1149 3005 Similem
1169 2979 1343 3004 errorem
1361 2968 1506 3006 erravit
1523 2970 1650 3008 Bent-
