2054 3268
745 283 1135 327 PRAEFATIO.
1636 292 1722 323 xm

174 419 241 463 his
260 418 412 479 nugiS,
443 431 547 478 quas
571 422 728 464 vocant
749 418 917 478 quidam
937 419 1096 464 obesae
1122 417 1240 462 naris
1262 415 1534 475 homunculi,
1564 416 1722 461 immo-

174 525 271 571 rer,
308 509 501 555 ordinem
533 509 750 570 indicabo,
797 525 878 570 quo
917 510 987 555 hic
1027 509 1124 555 cod.
1166 524 1248 553 ms.
1292 512 1404 554 teste
1441 506 1722 552 Broukhusio

173 602 414 647 exhibuerit
433 605 634 662 poemata
653 602 910 648 Horatiana.
979 602 1139 647 Libros
1164 605 1279 660 quat.
1314 600 1546 645 carminum
1567 599 1726 659 excipit

171 694 228 739 A.
249 693 328 755 P.,
355 694 468 738 hanc
486 694 797 753 subsequuntur
813 693 974 754 Epodi,
1000 691 1151 739 Garm.
1174 691 1226 738 S.
1240 724 1254 752 ,
1283 691 1580 752 Epistolarum
1597 691 1722 750 liber,

171 783 281 846 (sed
300 787 541 846 scripturae
563 786 850 846 discrepantIa
878 790 1042 831 tantum
1067 785 1254 846 pertinet
1274 783 1331 827 ad
1350 783 1408 844 8,
1445 783 1493 827 6.
1523 783 1592 827 ubi
1613 783 1724 827 haec

171 882 378 922 annotata
411 879 641 938 leguntur:
682 881 828 938 „post
858 877 971 922 hunc
1002 891 1177 937 versum
1206 876 1367 921 multae
1398 875 1555 920 codicis
1586 875 1724 919 nostri

173 970 360 1029 paginae
388 970 632 1029 perierunt3
674 982 781 1028 quae
810 974 976 1015 restant
1003 971 1207 1030 incipiunt
1240 967 1410 1012 demum
1442 982 1469 1010 a
1497 981 1628 1011 versu
1660 965 1724 1009 20

171 1060 245 1103 lib.
269 1059 315 1103 2.
345 1059 491 1120 Epist.
519 1057 608 1103 2.“
675 1059 902 1118 Bentlejus
925 1075 1090 1120 quoque
1113 1061 1168 1104 ad
1184 1077 1229 1105 v.
1259 1060 1338 1103 12.
1363 1059 1546 1118 indicat,
1576 1057 1724 1102 Grae-

172 1152 344 1196 vianum
374 1166 402 1195 a
429 1167 473 1197 v.
503 1152 550 1197 7.
579 1151 707 1210 hujus
729 1153 958 1213 Epistolae
984 1150 1216 1212 deficere.)
1247 1152 1548 1212 Epistolarum
1578 1150 1652 1193 lib.
1677 1149 1722 1193 2.

171 1242 324 1302 Incipit
343 1242 604 1290 Sermonum
623 1245 732 1288 llber
755 1245 818 1305 I.,
849 1229 926 1289 sed
947 1246 1121 1289 varians
1147 1247 1360 1305 scriptura
1380 1243 1536 1288 desinit
1559 1243 1601 1286 in
1625 1238 1724 1287 Sat.

171 1334 210 1395 I,
233 1334 290 1395 2,
323 1335 466 1396 113.,
499 1335 555 1379 ad
588 1350 713 1395 quem
743 1351 918 1382 versum
946 1337 1056 1382 haec
1090 1338 1323 1398 leguntur:
1361 1337 1448 1397 „in
1480 1335 1565 1379 hoc
1594 1347 1724 1378 versu

173 1424 330 1470 desinit
355 1430 504 1472 noster
533 1427 671 1472 codex
703 1429 867 1473 avulsis
897 1430 1072 1490 reliquis
1101 1429 1360 1474 membranis
1391 1433 1434 1473 et
1463 1420 1725 1486 dispersis-‘⁶

173 1515 382 1562 Ceterum
407 1519 452 1562 in
478 1518 562 1564 hoc
590 1520 736 1565 codice
768 1522 944 1582 singula
971 1520 1067 1566 fere
1095 1522 1286 1566 carmina
1314 1521 1475 1565 habent
1501 1517 1725 1577 inscripti-

172 1622 302 1670 ones,
334 1609 519 1669 itemque
540 1611 773 1671 Epistolae
795 1618 978 1674 excepta
997 1615 1162 1674 prima,
1198 1612 1254 1657 ad
1284 1626 1409 1672 quam
1430 1610 1597 1671 quidem
1619 1608 1726 1652 nihil

171 1704 422 1746 annotatum
446 1707 528 1747 est.
563 1703 694 1764 Apud
712 1703 959 1762 Bentlejum
978 1705 1253 1750 Graevianus
1277 1718 1455 1749 numero
1473 1703 1509 1748 Ι.
1533 1704 1724 1747 notatur.

277 1791 440 1849 Quodsi
470 1794 537 1838 his
570 1796 797 1855 praesidiis
827 1798 1088 1858 instructus,
1139 1798 1287 1857 quibus
1322 1800 1424 1841 ante
1462 1809 1543 1840 nos
1580 1793 1725 1838 nullus

171 1883 467 1943 Epistolarum
490 1886 630 1932 editor
653 1891 721 1933 est
732 1904 853 1950 usus,
874 1889 1015 1935 denuo
1035 1890 1079 1933 in
1097 1890 1322 1950 pulverem
1344 1887 1465 1947 quasi
1477 1891 1520 1931 et
1539 1885 1678 1930 solem
1697 1898 1726 1928 a

171 1975 316 2020 multis
328 1981 508 2036 rogatus
530 1982 739 2042 processi,
759 1981 960 2027 id·debeo
982 1981 1236 2026 humanitati
1257 1994 1406 2026 eorum
1425 1981 1632 2038 virorum,
1657 1976 1725 2035 qui

173 2067 251 2109 illa
277 2068 390 2111 bona
416 2069 536 2113 nobis
563 2071 756 2117 invidere
787 2074 1032 2118 noluerunt.
1088 2072 1306 2118 Maximos
1343 2074 1479 2133 igitur
1511 2071 1580 2114 his
1618 2069 1724 2114 viris

174 2157 490 2202 humanissimis
518 2174 663 2205 coram
692 2164 884 2208 omnibus
907 2179 994 2224 ago
1016 2165 1208 2224 gratias,
1242 2167 1514 2222 majoresque
1539 2160 1724 2204 habebo.

174 2247 298 2304 Quae
314 2249 415 2294 inde
435 2251 598 2295 utilitas
619 2252 805 2298 Horatio
823 2268 850 2297 a
870 2256 1124 2314 corruptelis
1146 2255 1374 2315 purgando
1395 2255 1531 2298 allata
1552 2253 1624 2312 sit,
1651 2251 1724 2295 alii

165 2339 383 2401 Judicent,
417 2342 484 2399 qui
510 2343 643 2401 probe
673 2346 840 2405 sciunt,
871 2360 994 2404 quam
1022 2360 1136 2390 vana
1165 2350 1210 2391 et
1239 2359 1376 2406 prope
1402 2359 1556 2389 manca
1581 2345 1654 2404 sit,
1687 2344 1723 2387 si

173 2431 285 2476 tales
314 2445 387 2476 res
422 2433 495 2476 vel
530 2436 814 2495 negligantur
841 2437 914 2481 vel
939 2442 1292 2497 contemnantur,
1332 2439 1469 2482 omnis
1501 2438 1596 2497 ipsa
1621 2450 1724 2481 cer—

171 2523 299 2567 nendi
318 2524 623 2585 judicandique
650 2529 716 2572 vis
740 2532 868 2587 atque
900 2527 1101 2574 facultas.
1171 2529 1240 2573 De
1265 2529 1362 2573 aliis
1393 2530 1577 2574 aliorum
1598 2528 1724 2574 codi-

171 2615 287 2659 cibus
319 2630 423 2660 mss.
451 2616 521 2662 hic
548 2617 690 2664 dicere
719 2635 804 2666 non
833 2622 1003 2666 attinet.
1076 2618 1268 2667 Suorum
1300 2623 1473 2680 quisque
1503 2625 1572 2666 est
1598 2622 1722 2666 testis

171 2710 297 2766 atque
315 2708 541 2768 interpres.
569 2708 777 2756 Ceterum
797 2713 840 2756 in
860 2714 910 2757 iis
931 2712 1223 2774 significandis
1247 2712 1415 2775 eodem,
1437 2728 1517 2773 quo
1531 2711 1723 2756 Kirch-

170 2812 319 2842 uerus
346 2800 391 2842 in
415 2798 599 2846 Satiris
627 2819 672 2863 p.
697 2802 939 2865 §ic—O„
979 2806 1046 2849 usi
1075 2819 1221 2849 sumus
1264 2820 1457 2852 numero.
1527 2804 1596 2851 Ne
1630 2806 1721 2864 quis

171 2895 315 2935 autem
354 2893 652 2954 negligentiae
684 2909 754 2940 me
797 2897 988 2957 incuset,
1039 2897 1230 2956 ingenue
1268 2897 1438 2959 fateor,
1484 2912 1554 2943 me
1603 2896 1721 2943 Var.

176 2981 390 3027 Lection.
412 2997 473 3027 ex
502 2984 840 3037 Codmembr.
863 2987 945 3047 (C.
967 2987 1027 3035 A.
1049 2988 1096 3033 3.
1117 2988 1365 3051 Monam),
1387 3004 1495 3052 quae
1513 2991 1721 3052 leguntur
