2028 3268
107 254 164 298 83
262 250 644 294 comuENTARn
663 252 725 293 IN
743 250 967 294 HoRATn
986 250 1480 296 Lm.1.EP1sr.SEPT.
1569 251 1653 294 355

53 411 56 419 .
109 378 231 432 sopho
264 377 404 430 dignae
442 378 590 416 minime
633 377 855 417 officiens.“
912 378 1037 424 Quam
1073 390 1154 417 rem
1191 390 1306 430 quum
1331 378 1430 418 bene
1465 379 1655 417 sensisset

24 476 30 495 ζ.
53 451 57 486 ἶ
113 445 386 492 Weichertus‚
408 446 506 485 hanc
529 446 743 498 Epistolam
764 445 967 484 arbitratus
998 449 1059 485 est
1082 446 1139 500 (in
1165 445 1420 498 „Prolusione
1445 447 1475 487 Ι.
1498 448 1548 486 de
1570 447 1654 487 Ho-

20 510 22 513 ’
107 516 194 555 ratii
219 502 450 567 Epistolis.“
507 515 663 554 Grimae
694 514 817 557 1826.
846 526 886 566 p.
913 513 1003 566 22.)
1027 527 1073 554 ea
1095 519 1223 555 mente
1241 515 1392 564 fictam
1404 543 1419 562 ,
1451 520 1494 555 ut
1518 527 1656 567 „quae

27 619 55 642 ÷
110 587 151 624 et
174 582 296 634 qualis
323 583 474 623 Horatii
507 598 592 623 cum
615 584 840 623 Maecenate
868 582 1103 621 familiaritas
1133 584 1296 633 fuisset,
1339 584 1429 623 inde
1462 584 1658 622 discerent

21 643 53 663 ”
109 651 310 703 aequales,
356 651 521 702 alioquin
557 652 778 691 inurbanum
814 653 854 689 et
882 650 943 689 vel
978 651 1200 690 inurbanum
1235 652 1354 690 fuisse
1383 652 1561 703 opinatur
1590 651 1658 690 Vir

20 664 55 771 ἒ
109 719 350 759 doctissimus
375 719 570 771 publicare
595 732 769 770 carmen,
807 719 847 757 in
873 731 949 770 quo
978 723 1141 770 patrono
1155 746 1169 770 ,
1202 720 1372 771 quamvis
1400 723 1460 758 tot
1488 724 1528 759 et
1551 723 1659 758 tanta

20 796 22 801 “
51 814 57 834 ,ν
109 788 146 827 ei
174 787 335 827 deberet
362 788 462 827 vitae
493 791 692 829 commoda
719 801 766 827 ac
795 786 1003 838 beneficia,
1049 790 1195 840 justum
1231 793 1359 829 tamen
1386 800 1470 826 cum
1496 788 1658 839 quadam

19 876 24 886 =
50 844 59 876 v·
109 856 224 895 animi
251 857 489 896 contumacia
517 858 812 897 detrectavisset
840 856 1111 908 obsequium.“
1170 858 1278 903 Quae
1314 855 1431 895 verba
1468 869 1534 894 cur
1563 856 1658 894 scri-

20 971 22 973 ·
108 928 178 976 pta
206 937 294 964 esse
327 924 487 975 nollem,
535 927 692 978 exposui
725 927 764 965 in
802 927 927 965 Jahnii
966 925 1163 977 „Jahrbb.
1199 926 1228 963 f.
1257 925 1354 964 Phil.
1384 939 1421 962 u.
1451 922 1660 974 Paedag.“

22 1001 54 1056 23
111 992 237 1035 1827.
264 992 295 1031 Ι.
324 1006 364 1044 p.
389 992 443 1035 92
468 1006 554 1044 sqq.
613 994 815 1046 Ingeniosa
848 1008 941 1033 sane
975 994 1121 1032 Jahnii
1152 997 1213 1032 est
1251 994 1472 1044 conjectura
1508 990 1658 1043 (NJbb.

18 1058 49 1162 ξ
110 1060 238 1102 1832.
259 1061 293 1099 Ι.
313 1058 355 1100 4.
384 1074 426 1111 p.
449 1058 584 1114 473.)‚
614 1075 689 1113 qua
713 1063 810 1102 hanc
828 1063 1043 1115 Epistolam
1069 1076 1147 1101 non
1174 1066 1254 1101 tam
1269 1061 1519 1110 Maecenatis,
1549 1071 1662 1111 quam

21 1149 42 1184 'n
109 1127 274 1179 Augusti
303 1141 418 1167 causa
450 1131 633 1182 scriptam
662 1133 852 1185 opinatur.
910 1131 982 1172 Hic
1012 1132 1110 1170 enim
1138 1131 1323 1181 Horatio,
1372 1134 1413 1169 ut
1448 1128 1561 1167 testis
1600 1131 1662 1166 est

27 1183 51 1251 ’Ῐῇ
110 1196 288 1248 antiquus
314 1197 378 1235 ille
407 1198 506 1237 vitae
533 1199 768 1240 Horatianae
796 1205 953 1251 auctor,
984 1200 1230 1252 epistolarum
1259 1198 1426 1237 officium
1455 1196 1661 1235 obtulerat.

19 1254 47 1322 {j
110 1262 173 1303 Ad
198 1264 271 1303 hoc
295 1277 431 1304 munus
457 1270 499 1304 ut
522 1266 797 1319 honorificum,
834 1270 888 1307 ita
916 1268 1063 1308 Poetae
1089 1268 1292 1307 molestum
1314 1266 1458 1306 urbane
1481 1278 1663 1304 recusan-

27 1327 47 1382 ξ
111 1333 201 1372 dum
226 1337 266 1372 et
291 1334 390 1372 hanc
413 1334 523 1384 quasi
551 1347 597 1374 ex
627 1337 839 1388 composito
866 1338 914 1376 ad
942 1337 1205 1376 Maecenatem
1229 1339 1269 1375 et
1293 1337 1459 1375 fortasse
1483 1334 1595 1372 aliam
1613 1333 1664 1371 ad

110 1401 327 1453 Augustum
358 1402 486 1440 datam
527 1416 615 1441 esse
655 1405 858 1456 epistolam
889 1406 1096 1444 arbitratur
1132 1405 1199 1443 Vir
1238 1405 1498 1442 doctissimus.
1556 1401 1664 1442 Nolo

110 1474 240 1509 autem
267 1470 478 1508 sinceritati
506 1475 545 1509 et
574 1473 731 1511 candori
760 1473 868 1524 hujus
894 1472 1095 1525 Epistolae
1124 1473 1272 1511 detrahi
1298 1473 1522 1524 quicquam,
1548 1471 1663 1508 immo

109 1539 151 1578 in
175 1551 222 1577 ea
243 1551 357 1590 quam
386 1551 503 1590 supra
526 1541 638 1592 posui
660 1540 912 1594 explicatione
938 1554 984 1579 eo
1010 1542 1133 1592 magis
1160 1541 1384 1592 acquiesco,
1411 1552 1487 1590 quo
1516 1539 1664 1590 impen-

112 1607 191 1646 sius
218 1607 291 1646 hoc
315 1605 450 1645 Musae
476 1608 668 1659 pedestris
696 1622 852 1648 munere
877 1609 1021 1659 laetor,
1067 1610 1172 1660 quod
1197 1621 1265 1647 eos
1299 1608 1522 1646 temeritatis
1550 1612 1665 1656 atque

112 1675 220 1715 anilis
245 1676 454 1726 sapientiae
489 1677 660 1728 incusat,
700 1679 764 1728 qui
794 1679 842 1716 de
870 1677 1028 1716 Horatio
1062 1678 1258 1716 adulatore
1287 1678 1432 1727 garrire
1459 1688 1538 1713 non
1563 1675 1667 1712 desi-

113 1748 219 1783 nunt.
278 1744 525 1795 Quapropter
563 1746 755 1784 verissime
792 1747 841 1785 de
873 1746 943 1784 hac
974 1747 1126 1796 quidem
1155 1745 1332 1797 Epistola
1356 1744 1502 1795 judicat
1539 1742 1580 1779 J.
1621 1741 1666 1781 C.

118 1812 303 1865 Scaliger
330 1811 493 1864 (Poetis.
510 1812 548 1852 6.
569 1826 607 1864 p.
629 1812 763 1866 808.)‚
787 1827 902 1866 quum
926 1814 1034 1852 dicit:
1061 1815 1262 1866 „Septima
1289 1813 1387 1851 adeo
1413 1811 1567 1863 elegans
1592 1815 1666 1861 est,

113 1882 212 1920 adeo
236 1880 406 1931 urbana,
435 1884 478 1919 ut
498 1882 548 1919 ad
574 1894 640 1919 eas
667 1882 828 1921 virtutes
855 1882 943 1921 nihil
971 1883 1060 1920 addi
1088 1894 1206 1934 posse
1228 1881 1445 1920 videatur.“

229 1982 383 2033 Scripta
410 1982 559 2021 videtur
586 1982 763 2034 Epistola
786 1987 946 2022 exeunte
975 1995 1106 2021 mense
1138 1981 1312 2032 Augusto
1341 1981 1402 2018 vel
1435 1982 1589 2018 ineunte
1614 1992 1664 2018 m.

115 2049 332 2102 Septembri
356 2061 390 2087 a.
419 2063 455 2087 u.
482 2063 515 2087 c.
544 2050 643 2090 731.
667 2050 795 2099 Varr.,
824 2063 869 2088 eo
892 2051 977 2101 ipso
1000 2063 1116 2098 ann0,
1146 2062 1221 2099 quo
1245 2049 1424 2087 Horatius
1451 2048 1572 2085 hieme
1595 2049 1664 2085 ad-

115 2123 296 2159 ventante
318 2117 373 2169 (v.
404 2115 491 2169 11.)
520 2117 666 2156 Veliam
686 2117 747 2155 vel
775 2117 977 2155 Salernum
1007 2117 1248 2168 profecturus
1276 2120 1370 2154 erat.
1428 2116 1516 2153 Vid.
1539 2115 1663 2166 Epist.

119 2190 170 2238 1,
202 2186 267 2229 15.
326 2186 432 2225 Idem
460 2186 629 2224 sentiunt
659 2184 893 2223 Schmidius
921 2188 960 2222 et
996 2183 1230 2221 Groebelias
1257 2185 1308 2222 ad
1340 2184 1378 2222 h.
1403 2183 1454 2232 l.,
1489 2182 1666 2220 Iahnius

114 2256 142 2296 l.
166 2256 216 2306 l.,
266 2255 490 2293 Massonus
517 2251 612 2304 (Vit.
634 2253 730 2292 Hor.
763 2267 801 2305 p.
833 2251 962 2303 231.),
1000 2251 1240 2289 Weiclzertas
1268 2251 1395 2304 (Poet.
1421 2249 1509 2290 Lat.
1537 2249 1662 2300 Reliq.

116 2320 302 2376 p.458.)‚
327 2321 539 2361 Kirelzner.
569 2320 666 2373 (tab.
694 2321 882 2372 chronol.)
911 2325 950 2359 et
977 2320 1180 2358 Rankius
1204 2319 1329 2369 (Fast.
1359 2319 1452 2358 Hor.
1483 2332 1523 2370 p.
1538 2315 1666 2369 204.).

42 2391 43 2394 ’
65 2431 67 2434 ⁴
117 2389 260 2431 Dubito
287 2396 435 2441 autem,
465 2403 554 2428 num
579 2394 685 2428 recte
710 2390 894 2441 temporis
924 2389 1114 2438 ordinem,
1145 2402 1220 2439 quo
1246 2392 1406 2438 utraque
1437 2387 1580 2438 scripta
1605 2390 1664 2424 est

116 2458 306 2512 Epistola,
329 2460 532 2497 immutarit
559 2458 822 2504 Sanadonus,
850 2469 964 2508 quum
990 2457 1043 2494 ita
1065 2457 1250 2508 disputat:
1277 2455 1337 2505 „Il
1356 2469 1380 2506 y
1402 2467 1426 2493 a
1449 2467 1666 2506 apparence

46 2543 47 2546 ¹
119 2527 258 2578 qu'elle
293 2532 353 2566 est
385 2528 435 2565 de
467 2526 561 2566 l'e'te'
596 2528 645 2565 de
670 2527 778 2575 731,
822 2526 946 2577 quand
975 2523 1125 2564 Horace
1152 2524 1209 2562 fut
1237 2536 1378 2561 revenu
1408 2523 1456 2560 de
1481 2521 1586 2560 Ve'lie
1616 2535 1665 2560 ou

121 2595 170 2634 de
197 2595 378 2643 Saleme,
408 2596 458 2633 ou
486 2595 511 2633 il
535 2596 638 2634 avoit
669 2597 734 2634 e'te'
753 2595 918 2647 prendre
946 2592 1003 2630 les
1032 2604 1151 2641 eaux,
1177 2591 1271 2629 ainsi
1298 2604 1371 2641 que
1395 2603 1489 2628 nous
1517 2589 1665 2628 l'avons

121 2675 171 2702 vu
209 2664 305 2701 dans
334 2662 484 2714 l'e'pitre
523 2663 636 2714 Quae
669 2664 723 2701 sit
758 2663 894 2715 hyems
940 2659 1090 2699 Veliae.
1102 2659 1131 2683 ‘⁶
1208 2659 1354 2696 Contra
1397 2657 1667 2710 Grotefimdus

50 2743 65 2778 -ζ
121 2729 179 2783 (p.
202 2727 298 2772 474.
324 2730 381 2780 a.)
406 2730 620 2782 Epistolam
643 2744 677 2770 a.
701 2730 798 2773 735.
827 2742 957 2769 mense
985 2725 1202 2780 Septembri
1230 2731 1421 2767 exaratam
1448 2726 1664 2766 arbitratur.

27 2062 52 2106 ser:
24 2012 54 2055 {hai

235 2832 446 2883 Separatim
492 2832 565 2883 Ep.
611 2833 809 2884 septimam
855 2831 960 2869 brevi
998 2830 1242 2869 annotatione
1288 2829 1512 2868 illustratam
1549 2829 1667 2867 edidit

68 2916 71 2922 v
131 2899 364 2938 Gmebelc'zcs
396 2899 572 2938 Dresdae
603 2900 738 2950 1832,
767 2904 808 2939 ut
838 2903 942 2938 esset
970 2897 1193 2948 „Editionis
1221 2896 1367 2936 Horatii
1396 2910 1420 2936 a
1450 2897 1542 2938 Chr.
1568 2895 1665 2935 Dav.

59 3001 62 3007 .
124 2966 207 3006 Jani
237 2969 357 3008 curari
385 2971 544 3019 coeptae
567 2966 824 3008 absolvendae
849 2965 1087 3020 specimen.“
1143 2965 1301 3015 Singula
1321 2964 1382 3004 vel
1407 2965 1456 3004 ad
1479 2966 1667 3017 interpre-

1212 3019 1268 3061 23
1286 3021 1352 3074 (6)
1367 3019 1390 3046 *
