2028 3268
423 242 507 286 238
564 242 940 285 COMMENTARII
956 243 1013 283 IN
1034 240 1260 283 HORATII
1275 240 1371 283 LIB.
1390 242 1419 282 Ι.
1446 242 1608 288 EPIST.
1624 243 1821 291 QUART.
1877 244 1931 287 48

427 366 556 407 Τοῦτο
587 366 662 418 ἔχει
687 363 716 418 ἦ
744 360 931 416 τελειότης
957 364 1028 404 τοῦ
1056 356 1211 413 ἤθους,
1239 359 1283 402 ‘td
1306 366 1438 403 πᾶσαν
1465 362 1614 416 ἡμέραν
1635 364 1689 413 ὥς
1707 365 1931 406 τελευταίαν

425 429 631 485 διεξάγειν.
688 432 748 469 Cf.
771 433 821 469 id.
842 434 888 480 2,
921 431 984 471 11.
1005 443 1043 480 p.
1062 425 1129 467 46.
1148 429 1197 478 3,
1224 429 1262 468 8.
1286 441 1322 477 p.
1343 430 1412 470 82.
1432 429 1480 479 3,
1505 431 1571 471 12.
1593 445 1632 482 p.
1655 433 1720 472 86.
1745 434 1794 482 2,
1829 433 1867 472 5.
1890 445 1930 482 p.

423 497 490 539 43.
546 498 698 536 Lucian.
717 496 831 533 Char.
854 496 918 535 20.
947 494 1081 533 Daum.
1101 495 1149 532 ad
1172 494 1256 533 Cat.
1276 493 1373 531 Dist.
1392 495 1438 544 1,
1466 495 1532 534 33.
1560 509 1600 546 p.
1623 498 1689 537 89.
1709 502 1747 536 et
1766 498 1929 536 Schmid.

423 566 472 603 ad
497 565 535 605 h,
555 566 578 604 l,
638 564 759 608 Quam
776 562 882 600 anxie
903 565 1028 600 autem
1048 561 1087 597 in
1104 560 1169 598 tali
1184 573 1224 597 re
1243 564 1385 598 veteres
1413 561 1561 598 omnino
1589 563 1806 600 evitaverint
1822 575 1930 600 voca-

421 631 548 668 bulum
575 630 735 674 mortis,
778 629 885 678 hujus
913 628 983 665 loci
1012 638 1088 664 non
1115 625 1304 663 immemor
1329 628 1438 665 docet
1470 627 1624 665 Heller.
1654 628 1693 665 in
1724 627 1855 678 Progr.
1883 628 1931 665 de

422 700 557 734 mortis
577 703 692 732 metu.
749 693 900 743 Erlang.
927 693 1045 734 1825.
1068 714 1124 720 -—
1151 691 1198 732 V.
1216 690 1280 731 14.
1317 693 1446 730 Grata
1467 695 1708 743 superveniet
1726 698 1796 734 etc.
1826 695 1930 732 Haec

421 763 585 800 hilaritas
603 767 641 799 et
659 761 808 798 minima
832 760 904 797 diei
921 759 1071 797 crastini
1088 771 1175 796 cura
1199 770 1244 796 ex
1261 760 1467 809 praeceptis
1492 763 1572 796 tum
1589 758 1772 812 Aristippi
1794 760 1931 812 Epicu-

421 830 547 877 rique,
575 832 655 865 tum
674 827 882 864 Stoicorum
903 826 1046 863 diversa
1072 825 1219 875 quidem
1245 826 1389 863 ratione
1408 827 1652 876 promanavit.
1710 826 1770 864 Cf.
1793 827 1868 867 od.
1892 827 1930 876 1,

420 896 472 944 9,
505 895 567 934 13.
587 907 642 943 sq.
674 895 751 942 11,
782 894 821 932 8.
847 894 896 942 2,
925 893 1000 942 16,
1032 891 1096 931 25.
1128 892 1176 940 3,
1211 893 1258 941 8,
1294 892 1359 932 27.
1392 893 1466 942 29,
1501 890 1569 932 41.
1602 904 1687 942 sqq·
1715 889 1762 942 4,
1791 893 1839 941 7,
1866 891 1930 931 17.

419 959 546 1011 Epod.
574 959 650 1009 13,
668 958 790 999 3—5.
845 958 965 1009 Epist.
992 959 1036 1007 1,
1063 959 1137 1007 11,
1166 958 1232 998 22.
1257 970 1341 1007 sqq.
1370 958 1419 998 al.
1460 958 1519 996 Ita
1535 959 1647 996 Ovid.
1668 957 1784 997 Trist.
1817 958 1862 1007 1,
1889 957 1930 1006 3,

421 1026 489 1064 68.
507 1026 549 1060 in
572 1025 679 1061 lucro
689 1052 704 1069 ,
731 1039 832 1075 quae
849 1025 968 1061 datur
981 1024 1104 1069 hora,
1133 1023 1233 1060 milzi
1252 1031 1317 1063 est.
1378 1023 1530 1062 Terent.
1549 1024 1697 1064 Phorm.
1722 1025 1767 1073 2,
1792 1024 1842 1073 3,
1863 1024 1929 1064 21.

428 1090 629 1141 Quicquid
648 1099 800 1141 praeter
816 1105 922 1142 spem
943 1091 1109 1139 eveniet,
1138 1104 1249 1127 omne
1281 1091 1326 1127 id
1340 1091 1534 1141 deputabo
1558 1093 1599 1128 in
1624 1091 1744 1128 lucro-
1799 1092 1928 1129 senec,

419 1157 542 1207 Epist.
572 1158 637 1197 12.
700 1157 927 1195 Crastinum
962 1159 998 1194 si
1025 1157 1213 1204 adjecerit
1240 1157 1378 1203 Deus,
1415 1158 1510 1194 laeti
1544 1159 1792 1208 recipiamus.
1854 1157 1931 1194 Ille

422 1223 667 1262 beatissimus
697 1231 753 1260 est
780 1231 817 1260 et
835 1238 993 1261 securus
1013 1226 1077 1260 sui
1091 1237 1315 1274 possessor,
1347 1225 1417 1274 qui
1444 1226 1659 1262 crastinum
1679 1226 1762 1262 sine
1779 1224 1929 1261 sollici-

420 1291 557 1329 tudine
576 1297 781 1340 exspectat.
850 1291 1036 1341 Quisquis
1056 1291 1177 1327 dixit:
1198 1291 1284 1327 vixi
1295 1319 1305 1340 ,
1335 1290 1505 1340 quotidie
1534 1291 1592 1327 ad
1608 1291 1763 1328 lucrum
1782 1292 1923 1341 surgit.

418 1358 477 1398 Id.
497 1357 617 1407 Epist.
638 1358 703 1396 32.
732 1356 898 1394 subinde
917 1357 1119 1394 considera
1131 1385 1147 1403 ‚
1176 1371 1297 1408 quam
1308 1357 1484 1407 pulc-lira
1504 1371 1566 1394 res
1594 1359 1645 1394 sit
1663 1370 1931 1394 consummare

419 1426 545 1461 vitam
572 1431 664 1460 ante
697 1431 878 1471 mortem,
907 1425 1047 1462 deinde
1076 1432 1294 1474 exspectare
1320 1438 1499 1461 sec-urum
1529 1424 1723 1475 reliquam
1749 1425 1930 1474 temporis

420 1492 483 1529 sui
499 1498 653 1540 partem
672 1492 715 1527 in
728 1492 970 1540 possessione
991 1491 1126 1528 beatae
1146 1494 1249 1529 vitae
1262 1494 1435 1542 positam
1450 1507 1461 1527 :
1485 1505 1585 1542 quae
1606 1491 1752 1527 beatio-r
1768 1505 1846 1527 non
1853 1479 1928 1538 fit,

420 1559 489 1596 sed
518 1558 682 1608 longior.
740 1557 797 1595 Id.
836 1557 883 1594 de
906 1557 1047 1598 Brevit.
1077 1559 1141 1596 vit.
1170 1560 1207 1597 7.
1266 1558 1406 1596 Gatak.
1426 1559 1474 1595 ad
1492 1558 1545 1596 M.
1567 1556 1708 1594 Anton.
1731 1559 1780 1606 7,
1798 1557 1863 1597 56.
1887 1570 1926 1607 p.

421 1625 515 1664 227.
543 1628 582 1661 et
609 1623 779 1662 Perizon.
814 1625 862 1660 ad
878 1623 1021 1662 Aelian.
1043 1626 1088 1663 V.
1104 1627 1156 1664 H.
1179 1624 1254 1676 14,
1285 1627 1324 1666 6.
1382 1623 1483 1675 Apte
1499 1625 1627 1662 laudat
1645 1623 1759 1660 Orell.
1774 1623 1923 1662 Muson.

419 1703 479 1739 ap.
497 1690 602 1726 Stob.
621 1690 647 1727 I.
675 1704 712 1740 p.
731 1687 796 1727 41.
814 1689 863 1728 G.
883 1694 921 1726 et
936 1689 1124 1729 Plutarch.
1141 1694 1188 1729 de
1206 1692 1242 1729 T
1242 1704 1349 1740 ranq.
1369 1704 1429 1731 an.
1452 1691 1518 1730 16.

528 1755 574 1794 V.
602 1756 667 1796 15.
704 1755 768 1794 16.
830 1756 898 1791 Me
927 1778 983 1784 —-
998 1771 1179 1806 porcum.
1237 1756 1416 1806 Exemplo
1446 1769 1513 1794 suo
1541 1769 1652 1807 quam
1680 1760 1927 1808 proposuerat

418 1822 641 1861 sententiam
657 1823 937 1859 confirmaturus
953 1822 1047 1861 hanc
1063 1825 1189 1874 jocose
1205 1824 1310 1862 addit
1329 1823 1547 1860 clausulam:
1576 1851 1602 1874 „
1615 1823 1728 1860 Certe
1754 1835 1833 1873 me,
1863 1824 1927 1872 qui

417 1889 475 1926 his
495 1888 700 1938 praeceptis
718 1892 853 1925 memet
870 1889 949 1939 ipse
968 1891 1249 1928 accommodans
1267 1893 1415 1940 praeter
1431 1893 1552 1926 cutem
1577 1888 1666 1926 nihil
1698 1901 1784 1926 curo
1806 1901 1927 1926 rerum

418 1955 679 2004 humanarum,
708 1954 771 1991 ubi
798 1956 847 1991 ad
869 1968 928 1992 me
952 1958 1117 2007 veneris,
1157 1958 1314 1994 nitidum
1343 1955 1483 1993 videbis
1519 1955 1706 2004 obesoque
1733 1956 1927 2006 corpore.“

417 2020 463 2058 In
485 2033 559 2070 qua
576 2021 725 2069 quidem
741 2033 781 2058 re
806 2021 941 2071 duplex
959 2024 1146 2060 notandus
1168 2027 1225 2060 est
1244 2024 1487 2071 interpretum
1517 2022 1657 2071 aliquot
1684 2034 1805 2072 error,
1831 2034 1927 2060 unus

418 2099 563 2136 eorum,
593 2087 656 2135 qui
696 2086 786 2135 ipsis
809 2086 930 2124 verbis
961 2088 1172 2140 Tibullum,
1201 2093 1243 2127 ut
1272 2089 1445 2127 inviseret
1473 2089 1648 2138 amicum,
1683 2089 1812 2126 vident
1835 2090 1927 2127 invi-

418 2157 555 2203 tatum,
585 2166 659 2203 qua
675 2154 944 2204 interpretandi
965 2156 1108 2194 ratione
1125 2157 1275 2206 elegans
1293 2155 1353 2192 ille
1369 2154 1633 2192 sententiarum
1648 2156 1739 2193 ordo
1759 2156 1835 2194 fere
1852 2157 1928 2194 dis-

418 2221 613 2270 rumpitur,
670 2220 732 2257 Sic
762 2219 974 2258 Rodellius
1003 2225 1043 2258 et
1077 2223 1327 2272 Campenon,
1355 2220 1431 2258 hic:
1473 2220 1624 2270 „Venez
1641 2234 1698 2259 me
1710 2223 1806 2268 voir3
1833 2235 1926 2261 vous

419 2290 612 2325 trouverez
641 2298 691 2322 un
717 2286 788 2324 ami
816 2287 879 2334 qui
908 2289 1028 2336 prend
1057 2289 1140 2326 soin
1170 2289 1217 2326 de
1248 2301 1292 2326 sa
1323 2300 1528 2338 personne,
1566 2287 1716 2325 brillant
1736 2289 1927 2326 d'embon-

419 2353 566 2403 point.“
621 2351 727 2389 Alter
749 2365 898 2402 eorum,
938 2354 1000 2402 qui
1030 2359 1120 2404 post
1151 2369 1186 2394 v.
1215 2355 1319 2392 voles
1352 2354 1621 2404 distinguentes
1651 2354 1782 2392 verba:
1823 2356 1927 2404 Epi-

420 2421 506 2455 curi
531 2442 586 2447 ——
606 2433 774 2469 porcum
799 2432 866 2469 per
894 2421 1164 2469 appositionem
1189 2424 1238 2459 ad
1262 2422 1458 2471 pinguem
1487 2425 1526 2457 et
1552 2421 1723 2457 nitidum
1751 2422 1926 2472 referunt,

419 2486 472 2522 sic
498 2487 735 2536 Desprezius
763 2490 802 2523 et
832 2486 1076 2536 Doeringius
1086 2516 1102 2533 ,
1142 2500 1298 2536 quorum
1317 2487 1396 2524 ille:
1425 2491 1562 2536 „certe
1580 2500 1639 2524 me
1656 2488 1754 2524 succi
1777 2487 1926 2537 plenum

419 2555 459 2588 et
499 2565 653 2602 corpore
687 2553 836 2602 egregie
870 2552 970 2590 culto
1001 2553 1203 2603 fulgentem
1232 2553 1395 2602 videbis,
1433 2554 1510 2589 imo
1526 2581 1542 2598 ,
1579 2554 1615 2589 si
1639 2555 1772 2599 joc-art
1810 2554 1924 2599 velis,

420 2630 522 2654 suem
543 2631 586 2655 ex
602 2619 693 2656 hara
706 2619 904 2668 Epicuri“;
935 2619 993 2656 hic
1010 2624 1134 2658 autem
1154 2621 1287 2657 verba:
1324 2619 1368 2668 Q.
1390 2632 1423 2658 r.
1444 2633 1482 2656 ν.
1506 2632 1574 2669 pro
1592 2621 1733 2668 protasi
1754 2621 1926 2659 habuisse

419 2684 565 2721 videtur
584 2685 702 2722 locum
716 2685 964 2734 interpretans
979 2686 1033 2722 uti
1053 2687 1172 2724 editor
1191 2685 1408 2723 Parisiensis
1430 2697 1462 2722 a.
1493 2685 1621 2726 1752:
1659 2687 1736 2737 „Si
1763 2691 1805 2724 tu
1831 2699 1925 2724 veux

420 2748 606 2800 t'e'gayer‚
635 2751 737 2787 viens
754 2751 842 2788 chez
873 2751 965 2788 moi:
995 2755 1038 2788 tu
1059 2765 1182 2789 verras
1197 2751 1262 2789 Un
1282 2751 1479 2801 Epicurien
1507 2751 1591 2788 bien
1604 2753 1749 2803 nourri,
1783 2765 1870 2802 gros
1887 2755 1926 2789 et

420 2816 546 2866 gras.“
602 2815 686 2853 Alia
709 2818 852 2854 ratione
876 2817 1052 2855 falluntur
1076 2819 1120 2868 ii,
1151 2818 1213 2866 qui
1229 2818 1298 2854 hoc
1315 2816 1395 2855 loco
1421 2818 1565 2869 decepti
1585 2822 1628 2855 ut
1644 2819 1735 2856 List
1750 2817 1816 2868 (de
1831 2818 1926 2856 Poe-

420 2882 576 2920 nitentia
591 2882 737 2920 Horatii
756 2883 1013 2935 Philosophiea
1033 2884 1080 2923 ab
1102 2885 1250 2923 insolito
1269 2883 1410 2921 tonitru
1428 2887 1629 2935 provocata
1644 2884 1766 2923 Carm.
1794 2883 1815 2922 1
1827 2909 1840 2933 ,
1861 2881 1926 2924 24.
