2028 3268
121 255 176 298 27
233 250 608 292 COMMENTARII
638 249 694 287 IN
723 245 947 286 HORATII
965 243 1139 282 EPIST.
1163 242 1386 283 SECUND.
1413 243 1515 281 LIB.
1537 243 1570 280 I.
1600 238 1682 280 133

122 365 240 406 detur
269 360 644 415 Venderbourgius,
676 373 819 400 vocem
854 359 1027 396 maxime
1054 371 1127 410 pro
1159 357 1301 410 gentili
1334 356 1574 408 cognomine
1603 353 1682 393 ha-

120 435 232 475 bent.
287 434 527 485 Quanquam
554 432 598 469 in
635 430 800 482 antiquo
820 425 957 479 lapide
983 439 1048 478 ap.
1078 428 1236 468 Gruter.
1259 426 1356 474 638,
1387 426 1428 465 2.
1447 425 1499 462 P.
1519 423 1683 461 Lollius

121 502 334 542 Maximus
369 499 688 539 Nummularius
712 499 874 551 primus·
904 495 1095 548 officinae
1126 496 1382 533 Affonetariae
1408 493 1684 546 Argentariae

121 569 359 620 exhibetur,
389 583 484 609 eum
512 576 651 607 tamen
674 580 808 620 neque
827 563 1007 616 ejusdem
1039 565 1150 614 aevi,
1179 577 1313 617 neque
1338 561 1519 614 ejusdem
1549 561 1682 613 gentis

121 653 168 678 ac
178 641 235 677 M.
246 640 426 677 Lollium
444 639 653 677 consulem
670 638 809 684 fuisse,
827 635 930 672 bene
947 632 1065 672 docet
1083 634 1296 672 Massonus
1311 634 1338 671 l.
1349 634 1379 674 l.
1396 632 1552 671 Lollios
1573 631 1683 668 enim

119 708 322 760 imprimis
348 708 654 760 cognominatos
678 705 803 743 fuisse
829 701 1055 741 Palikanos
1082 698 1160 757 (sic
1194 702 1237 738 in
1265 702 1444 739 nummis
1463 696 1683 754 scribitur),

119 777 240 814 facile
265 777 459 829 probatur
483 786 612 828 quum
645 786 699 811 ex
731 780 917 810 veterum
945 772 1105 822 scriptis
1141 767 1245 826 (vid.
1271 772 1410 808 Burin.
1440 769 1492 808 ad
1521 771 1683 817 Quinct.

120 847 220 884 Inst.
245 843 286 895 4,
317 847 358 894 2,
386 845 428 884 2.
473 843 678 881 Onomast.
710 841 826 879 Tull.
859 842 912 878 Π.
937 853 978 891 p.
1007 839 1106 880 360.
1133 838 1196 877 ed.
1228 840 1364 887 Orell.,
1395 841 1484 880 val.
1505 841 1617 882 Max,
1641 839 1683 889 3,

120 913 164 963 8,
190 913 232 957 8.
256 914 307 952 cf.
325 909 493 951 Ellendt
510 910 562 948 ad
581 911 664 948 Cic.
684 911 795 947 Brut.
817 923 858 961 p.
882 904 1023 959 162),
1053 914 1142 945 tum
1164 921 1216 946 ex
1238 909 1438 957 nummis,
1469 909 1512 945 in
1537 908 1684 960 quibus

122 994 347 1033 cognomen
366 978 554 1018 Palikani
571 979 781 1031 reperitur.
822 975 1020 1015 Raschius
1047 979 1157 1014 enim
1175 977 1335 1029 (Lexic.
1357 978 1467 1015 univ.
1489 978 1546 1015 rei
1568 990 1684 1015 num.

120 1057 203 1089 vet.
220 1052 273 1089 11.
295 1051 334 1090 2.
351 1061 445 1101 pag.
469 1044 616 1102 1815.)
635 1048 679 1084 in
701 1053 819 1098 gente
838 1046 971 1085 Lollia
991 1049 1171 1100 quinque
1192 1045 1312 1097 hujus
1332 1048 1488 1097 generis
1504 1052 1686 1084 recenset

119 1130 332 1166 nummos3
361 1116 445 1156 vid.
464 1115 624 1154 Morell.
643 1116 757 1154 Fam.
773 1116 882 1154 Loll.
904 1115 962 1166 fg.
991 1115 1030 1155 1.
1057 1129 1097 1167 p.
1123 1113 1207 1156 248
1227 1129 1279 1153 SS.
1331 1117 1449 1152 Patin
1472 1114 1522 1152 de
1538 1116 1685 1154 Famil.

119 1191 292 1232 Roman.
318 1201 360 1240 p.
383 1185 479 1227 158.
535 1185 659 1222 Plura
683 1185 764 1222 alia
783 1184 902 1222 affert
922 1185 1162 1235 cognomina
1183 1185 1323 1221 Burm.
1346 1183 1397 1222 ad
1421 1183 1589 1223 Anthol.
1612 1186 1686 1223 lat.

119 1259 153 1298 I.
178 1271 221 1310 p.
247 1254 347 1298 254.
373 1261 414 1292 et
444 1252 594 1291 videsis
623 1254 815 1292 Murator.
845 1254 947 1293 Nov.
983 1251 1111 1290 Thes.
1135 1259 1217 1290 vet.
1248 1255 1370 1292 Inscr.
1400 1254 1467 1291 IV.
1492 1253 1618 1291 Indic.
1641 1268 1684 1307 p.

121 1327 274 1375 2300„
305 1338 359 1362 ex
379 1335 460 1376 qua
479 1322 767 1373 cognominum
786 1321 1018 1360 recensione
1041 1321 1284 1373 intelligitur
1297 1351 1307 1371 ,
1337 1323 1490 1360 Lollios
1509 1336 1555 1361 eo
1576 1329 1686 1360 tem-

121 1407 220 1447 pore
246 1403 470 1444 cognomen
501 1389 682 1427 Maximi
710 1402 792 1427 non
828 1387 1032 1428 habuisse.
1098 1390 1289 1428 Attamen
1329 1394 1551 1443 permirum
1581 1391 1686 1430 mihi

122 1461 304 1511 videtur,
341 1459 499 1502 Horatii
532 1458 772 1509 interpretes
813 1457 864 1495 ad
898 1471 1028 1499 unum
1067 1472 1227 1508 omnes,
1263 1473 1391 1512 quum
1432 1464 1685 1513 cognominis

121 1531 373 1570 mentionem
397 1527 576 1576 faciunt,
605 1524 662 1564 M.
689 1527 822 1565 Lollio
849 1528 1016 1580 ejusque
1049 1530 1161 1579 genti
1187 1530 1430 1580 imposuisse
1459 1544 1687 1582 cognomen

121 1598 333 1639 Palikani.
401 1595 580 1635 Praeivit
619 1596 831 1647 exemplo,
870 1594 979 1648 quod
1015 1596 1206 1649 equidem
1240 1599 1386 1647 sciam,
1429 1601 1686 1638 Torrentius.

122 1669 179 1707 At
203 1680 270 1706 me
297 1664 504 1704 adducunt
531 1677 674 1717 graves
705 1676 872 1713 causae,
901 1671 946 1702 ut
976 1665 1032 1702 M.
1062 1666 1196 1705 Lollio
1232 1680 1457 1718 cognomen
1496 1669 1689 1707 Paullc'm‘

121 1736 313 1775 tribuam„
378 1734 512 1772 Lollia
548 1734 681 1781 enim,
722 1733 807 1783 ejus
846 1733 1000 1785 neptis,
1045 1738 1356 1786 cognominatur
1396 1739 1607 1787 Paullina,
1648 1745 1688 1776 et

123 1815 360 1858 quanquam
392 1804 635 1854 cognomina
661 1815 744 1839 non
772 1815 933 1854 semper
964 1800 1206 1842 hereditaria
1231 1805 1357 1844 fuisse
1384 1820 1450 1844 me
1468 1821 1550 1845 non
1566 1808 1685 1858 fugit,

124 1887 173 1912 ea
200 1879 361 1921 tamen,
391 1883 518 1923 quum
540 1871 780 1923 plerumque
803 1871 1001 1921 majorum
1023 1873 1239 1912 virtutibus
1265 1888 1310 1912 ac
1330 1876 1458 1926 gloria
1487 1877 1688 1915 illustrata

124 1947 282 1991 essent,
315 1953 339 1978 a
368 1941 539 1992 posteris
574 1940 762 1991 religiose
795 1945 951 1977 retenta
982 1946 1023 1978 et
1054 1941 1254 1980 custodita
1283 1944 1420 1994 fuisse,
1455 1959 1577 1983 nemo
1605 1959 1688 1983 non

125 2008 230 2050 mihi
254 2009 461 2060 largietur.
519 2007 587 2046 Ad
617 2008 731 2046 illam
760 2009 1005 2047 sententiam
1034 2009 1274 2049 firmandam
1299 2025 1495 2064 magnum
1524 2026 1687 2066 quoque

125 2077 243 2117 affert
268 2082 546 2124 momentum,
580 2075 690 2128 quod
716 2075 759 2113 in
786 2077 914 2114 Fastis
938 2077 1147 2116 Consular.
1168 2079 1218 2116 ab
1239 2081 1545 2120 Alineloveenio
1567 2082 1687 2120 editis

125 2146 179 2185 ad
197 2159 234 2184 a.
252 2159 295 2182 u.
314 2142 412 2185 846.
436 2142 506 2183 93.
531 2150 622 2195 post
641 2142 712 2181 Ch.
734 2158 775 2182 n.
808 2145 1032 2195 [Onomast.
1046 2147 1159 2185 Tull.
1179 2150 1249 2186 111.
1267 2161 1307 2199 p.
1329 2151 1542 2202 LXXVII,]
1572 2164 1687 2189 com-

126 2219 375 2254 memoratur
395 2213 450 2249 M.
475 2212 632 2250 Lollius
652 2215 864 2251 Paullinus
887 2214 1006 2252 Cons.
1037 2215 1250 2265 suffectus,
1277 2219 1348 2269 qui
1373 2219 1459 2255 sine
1484 2218 1605 2257 dubio
1634 2233 1688 2257 ex

126 2281 271 2322 eadem
295 2287 416 2333 gente
445 2279 639 2319 oriundus
667 2288 730 2331 et,
762 2289 959 2334 quantum
989 2296 1063 2334 ego
1084 2285 1310 2334 conjectura
1332 2298 1545 2339 assequor,
1577 2289 1688 2326 Con-

127 2352 241 2400 sniis,
263 2349 313 2388 de
338 2362 418 2402 quo
438 2362 547 2386 nunc
566 2350 711 2401 agitur,
739 2363 940 2403 pronepos
959 2351 1050 2391 fuit.
1114 2353 1223 2398 Quae
1247 2354 1283 2390 si
1304 2367 1399 2391 vera
1419 2362 1526 2404 sunt,
1550 2358 1686 2396 nescio

126 2421 290 2473 utique,
316 2431 386 2456 cur
414 2417 652 2469 interpretes
676 2419 933 2470 neglexerint
953 2418 1098 2472 Ryckii
1126 2420 1178 2459 ad
1207 2423 1339 2460 Tacit.
1362 2425 1466 2462 Ann.
1489 2426 1555 2474 12,
1582 2427 1617 2476 1,
1643 2426 1686 2467 3.

128 2489 430 2527 annotationem
455 2486 635 2524 Lollium
665 2487 723 2524 ibi
751 2489 1074 2539 cognominantis
1090 2490 1336 2528 PauHinum.
1394 2495 1555 2532 Mecum
1582 2508 1687 2548 quo-

130 2570 210 2610 que
251 2556 406 2594 faciunt
441 2556 506 2594 Jo.
543 2556 777 2608 Cuspinian.
825 2555 875 2594 de
911 2557 1076 2598 consul.
1117 2560 1234 2597 Rom.
1281 2562 1551 2602 Commentar.
1591 2566 1685 2603 Bas.

132 2752 238 2794 Quae
263 2762 309 2785 ne
329 2747 471 2784 sibimet
494 2747 678 2782 Horatium
695 2748 933 2794 praecepisse,
958 2749 1067 2793 dicas,
1096 2762 1128 2785 e.
1156 2762 1191 2785 v.
1217 2751 1274 2786 27.
1302 2752 1683 2792 Restat—elementis.

130 2808 281 2856 plurima
305 2808 458 2849 obstant,
481 2814 551 2839 non
576 2805 687 2850 magis
709 2806 753 2840 ad
776 2807 866 2842 Hor.
891 2809 1100 2854 reserenda,
1124 2819 1229 2854 quam
1251 2810 1297 2845 ad
1318 2810 1580 2849 Maecenatem:
1603 2821 1683 2849 tan-

132 2878 239 2912 quam
263 2877 300 2901 v.
317 2864 376 2900 43.
400 2862 459 2899 44.
484 2862 575 2908 (vid.
593 2862 664 2898 od.
685 2865 721 2908 3,
748 2865 803 2908 16,
831 2866 887 2900 18.
911 2866 988 2912 38.)
1013 2866 1071 2902 45.
1098 2867 1155 2903 58.
1176 2868 1233 2904 59.
1250 2889 1298 2894 —
1324 2871 1445 2914 Quare
1468 2883 1541 2906 non
1567 2873 1685 2907 Lollio

133 2925 232 2969 haec,
255 2923 318 2958 sed
340 2920 453 2957 cuivis
475 2920 649 2966 universe,
672 2921 797 2957 lectori
819 2923 992 2970 denique,
1010 2925 1220 2972 praecipere
1251 2927 1505 2976 intelligatur,
1538 2931 1685 2966 Homeri

135 2993 218 3017 usus
242 2979 439 3024 occasione,
463 2978 687 3026 auctoritate,
712 2984 750 3015 et
772 2981 874 3026 quasi
897 2983 1025 3018 voce.“
1047 2981 1119 3028 [ἓέ]
