2028 3268
397 241 482 284 206
536 241 913 284 COMMENTARII
937 242 996 282 IN
1015 241 1241 283 HORATII
1262 242 1360 287 LIB.
1376 244 1407 287 I.
1443 244 1606 289 EPIST.
1630 245 1786 289 TERT.
1851 249 1905 289 16

398 369 498 403 esset
529 366 731 404 communis
760 366 955 415 poetarum
980 362 1161 414 formula,
1202 368 1244 401 ut
1267 367 1323 402 ire
1333 391 1349 409 ,
1377 366 1508 402 venire
1530 368 1573 403 in
1597 367 1782 413 saecula,
1810 381 1908 418 ape-

398 433 476 468 rire
503 433 545 468 in
579 431 739 468 saecula
748 458 764 475 ,
802 430 979 474 mittere,
1017 428 1149 465 tollere
1177 430 1220 465 in
1245 430 1430 476 saecula,
1459 433 1631 479 mittere,
1659 434 1851 470 dimittere
1864 435 1908 471 in

396 511 539 535 aevum
564 502 603 535 et
618 497 771 546 similia,
800 496 847 532 de
867 495 1000 544 quibus
1019 498 1166 545 praeter
1179 496 1300 545 ipsum
1323 497 1493 536 dixerunt
1522 498 1648 537 Burm.
1673 501 1722 538 ad
1742 500 1824 538 val.
1847 499 1907 539 Fl.

398 566 438 613 2,
461 562 553 603 245.
581 563 712 602 Barth.
743 563 792 600 ad
817 562 1012 599 claudian.
1034 562 1149 599 Cons.
1174 561 1278 602 Mall.
1297 562 1445 603 Theod.
1464 561 1555 603 114.
1578 564 1684 604 cort.
1701 567 1751 604 ad
1765 565 1906 604 Lucan.

399 631 470 679 10,
490 629 583 670 533.
612 628 729 666 Drak.
760 629 810 667 ad
831 628 898 666 Sil.
922 629 971 669 12
984 655 997 678 ,
1022 628 1117 667 312.
1135 628 1259 667 Burm.
1286 629 1367 666 Sec.
1389 629 1437 667 ad
1456 627 1572 671 Anth.
1593 629 1681 674 Lat,
1701 631 1731 673 I,
1752 645 1790 683 p,
1811 631 1906 672 366.

395 717 451 725 —-
462 709 595 745 paces.
630 695 755 737 Schol.
774 696 889 745 Cruq,
909 708 1006 732 nove
1030 694 1154 740 dixit,
1184 697 1280 745 qaia
1306 698 1562 747 grammatici
1589 704 1736 747 negant
1756 699 1798 734 in
1810 697 1908 748 plu-

395 762 477 798 rali
504 775 664 798 numero
698 761 906 799 declinari.
965 759 1019 798 At
1043 761 1128 798 vide
1163 762 1329 812 exempla
1355 775 1377 800 a
1410 763 1611 800 Schmidio
1644 763 1692 801 ad
1723 763 1761 800 h.
1782 763 1806 802 l.
1827 766 1866 801 et
1882 775 1906 801 a

395 828 548 864 Kritzio
571 829 621 865 ad
647 829 737 870 Sall.
765 829 852 878 Jug.
876 828 954 878 31,
974 827 1040 869 20.
1059 831 1097 864 et
1123 840 1146 864 a
1165 828 1376 879 Forbigero
1400 830 1449 867 ad
1470 828 1620 872 Lucret.
1639 828 1688 880 5,
1711 829 1832 871 1229.
1853 829 1907 867 al·

395 895 483 936 lata.
531 895 701 945 Intellige
728 899 852 933 autem
875 894 933 932 vel
949 894 1344 945 „Friedensschliisse“
1371 896 1428 934 vel
1447 894 1571 946 (bella
1591 902 1629 933 et
1644 894 1788 946 pam),
1817 896 1908 932 Ho-

394 961 554 998 clzedero
571 962 795 1012 interprete,
823 974 882 1000 res
900 966 940 999 et
959 962 998 998 in
1013 960 1110 998 bello
1131 964 1169 997 et
1189 961 1226 997 in
1245 974 1336 1013 pace
1356 966 1495 1012 gestas.

503 1028 549 1069 V.
567 1027 605 1070 9,
657 1029 765 1078 Quid
792 1051 843 1057 —
875 1042 958 1065 ora.
991 1028 1140 1064 Titium
1161 1025 1285 1065 Acron
1309 1033 1347 1066 et
1369 1029 1602 1079 Porphyrion
1619 1026 1771 1066 Pindari
1795 1028 1910 1066 inter-

393 1099 537 1146 pretem
556 1096 691 1146 fuisse,
717 1096 947 1144 eundemque
968 1094 1083 1144 lyrica
1107 1094 1296 1144 scripsisse
1332 1097 1492 1134 carmina
1517 1097 1671 1134 tradunt
1699 1098 1750 1145 et,
1768 1095 1801 1132 si
1815 1095 1909 1133 fides

392 1162 564 1201 habenda
588 1166 647 1200 est
671 1161 821 1211 Acroni,
840 1162 951 1199 etiam
969 1161 1194 1209 tragoedias,
1252 1161 1465 1207 „Deridet
1486 1169 1618 1199 autem
1643 1161 1750 1198 hunc
1769 1163 1908 1198 Hora-

394 1231 516 1267 τίως’(
529 1258 544 1274 ,
583 1229 690 1268 addit
715 1227 878 1278 Porph.‚
914 1255 947 1273 ,‚
958 1227 1065 1278 quod
1090 1240 1212 1263 ausus
1239 1228 1290 1264 sit
1318 1241 1476 1264 sacrum
1504 1241 1602 1278 opus
1624 1231 1903 1267 contaminare.

394 1298 529 1334 Potest
545 1304 673 1333 tamen
699 1303 736 1331 et
756 1308 843 1332 vere
861 1294 1023 1330 laudari
1035 1309 1047 1330 .-
1074 1307 1169 1330 nam
1200 1293 1344 1330 Tiberii
1365 1308 1489 1331 comes
1509 1302 1545 1330 et
1561 1295 1806 1334 doctissimus
1818 1297 1910 1347 suit

395 1370 430 1399 et
461 1363 585 1413 lyrica
614 1362 897 1411 conscripsitf‘
954 1360 1052 1397 Cum
1073 1363 1233 1408 utroque
1252 1360 1457 1398 Scholiasta
1476 1362 1552 1399 fere
1572 1363 1755 1401 consentit
1784 1363 1908 1402 Schol.

394 1431 571 1480 Cruquii,
607 1435 867 1481 praeterquam
892 1427 996 1476 quod
1026 1426 1073 1463 ab
1097 1426 1168 1464 hoc
1196 1426 1320 1463 Titius
1348 1430 1500 1465 vocatur
1525 1429 1651 1466 Titius
1678 1431 1902 1481 Septimius.

393 1497 508 1546 Cujus
527 1496 675 1544 quidem
694 1494 897 1542 Cruquiani
917 1497 1065 1530 secutus
1090 1493 1200 1530 fidem
1225 1493 1474 1531 W'eiclzertus
1499 1496 1538 1532 in
1566 1496 1777 1536 doctissima
1795 1499 1908 1537 Com·-

392 1563 620 1599 mentatione
645 1562 692 1598 de
731 1562 829 1597 Titio
867 1561 1054 1610 Septimio
1085 1562 1207 1596 Poeta
1239 1560 1282 1613 (l.
1311 1561 1336 1602 l.
1362 1576 1401 1613 p.
1434 1561 1516 1602 365
1546 1562 1649 1614 sqq.)
1679 1576 1756 1602 non
1786 1566 1907 1604 solum

394 1641 520 1665 omnes
554 1628 715 1665 virorum
746 1628 939 1664 doctorum
970 1627 1017 1663 de
1044 1626 1115 1664 hoc
1146 1626 1248 1664 Titio
1280 1627 1470 1677 opiniones
1510 1633 1678 1667 accurate
1712 1633 1907 1683 recensuit,

393 1707 519 1732 verum
547 1695 657 1731 etiam
682 1693 848 1744 pluribus
874 1693 1071 1743 probatum
1100 1693 1167 1730 ivit
1194 1695 1443 1744 argumentis,
1479 1694 1576 1732 hunc
1595 1694 1779 1735 hominem
1795 1699 1909 1737 fuisse

392 1773 620 1798 communem
637 1760 786 1797 Horatii
809 1764 847 1796 et
874 1758 1013 1796 Tibulli
1031 1760 1186 1796 amicum
1201 1761 1451 1809 eundemque,
1479 1760 1535 1797 cui
1563 1760 1809 1813 inscripsisset
1825 1766 1906 1803 Ho-

392 1828 508 1865 ratius
544 1831 581 1864 et
598 1826 806 1876 Epistolam
833 1839 969 1863 nonam
987 1829 1025 1862 et
1046 1826 1168 1863 Odam
1188 1830 1330 1864 sextam
1356 1827 1437 1864 libri
1456 1828 1494 1869 2.
1551 1829 1656 1866 Idem
1685 1830 1760 1867 sere
1782 1843 1907 1870 sense-

391 1899 477 1932 rant
499 1894 720 1944 C'ruquizm,
750 1894 910 1940 Minos,
944 1893 1143 1930 Dae-erius
1170 1895 1217 1930 ad
1236 1894 1272 1935 h,
1293 1894 1331 1943 1.,
1357 1895 1539 1943 Ileynias
1550 1922 1566 1939 ,
1596 1897 1635 1932 J.
1662 1897 1718 1933 Ii.
1748 1898 1908 1935 Vossius

392 1960 535 2001 adTib.
562 1961 582 1999 1
596 1987 608 2010 ,
627 1958 675 2009 4,
700 1958 778 2010 (5),
798 1960 887 2008 73.,
916 1959 1193 1996 Broukhuvsius
1214 1962 1262 1997 ad
1280 1961 1390 2001 eund,
1407 1961 1428 1999 1
1442 1987 1454 2010 ,
1472 1958 1520 2010 4,
1539 1962 1593 2000 67
1615 1989 1627 2011 ,
1666 1963 1907 2002 Wernsdor..

381 2028 471 2076 fiiis
501 2029 549 2064 ad
573 2026 679 2068 Poet.
705 2025 791 2067 Lat,
821 2025 997 2067 min‚111,
1025 2039 1062 2075 p.
1083 2026 1223 2075 XXX.,
1256 2026 1327 2067 alii.
1384 2026 1614 2076 Argumenta
1644 2032 1783 2080 tamen,
1813 2044 1908 2080 quae

392 2095 519 2132 attulit
543 2094 607 2131 Vir
628 2094 859 2131 doctissimus
878 2093 965 2129 mihi
995 2105 1116 2141 neque
1134 2092 1219 2130 olim
1238 2093 1396 2144 probata
1415 2098 1525 2143 sunt,
1561 2107 1682 2144 neque
1705 2109 1803 2135 nunc
1821 2112 1907 2150 pro—

391 2161 540 2202 bantur.
598 2162 704 2206 Quae
743 2164 872 2197 contra
916 2160 1123 2210 disputavi,
1170 2160 1345 2209 leguntur
1383 2162 1421 2197 in
1463 2161 1643 2199 Seebodii
1677 2165 1908 2209 „Arclziv“

396 2228 516 2269 1825.
555 2242 594 2279 p.
623 2224 704 2267 456
733 2240 818 2276 sqq.
877 2229 974 2265 Sunt
1000 2228 1072 2264 duo
1095 2227 1339 2277 potissimum.
1396 2227 1556 2266 Primum
1584 2230 1790 2270 Scholiasta
1813 2234 1906 2285 ipse,

394 2295 426 2332 si
442 2294 711 2344 comparaveris
739 2297 816 2345 ejus
843 2299 1023 2332 annotata
1051 2295 1099 2331 ad
1125 2294 1198 2330 Od.
1224 2294 1272 2343 2,
1311 2294 1350 2334 6.
1369 2298 1406 2331 et
1426 2294 1547 2344 Epist,
1577 2296 1623 2346 1,
1651 2296 1689 2336 9,
1718 2297 1816 2336 hunc
1830 2312 1906 2338 non

394 2363 574 2412 eundem,
604 2362 705 2411 cujus
732 2362 782 2398 ibi
804 2363 942 2399 mentio
971 2362 1033 2410 fit,
1061 2360 1233 2398 habuisse
1261 2360 1417 2401 videtur.
1473 2359 1618 2398 Deinde
1646 2363 1810 2402 confusio
1837 2378 1906 2404 no-

392 2429 532 2467 minum
550 2427 742 2477 gentilium
757 2428 847 2464 Titii
867 2431 904 2464 et
923 2427 1110 2477 Septimii,
1137 2438 1230 2474 quae
1247 2437 1332 2463 vere
1346 2431 1434 2463 sunt
1450 2425 1642 2480 Romana,
1670 2429 1738 2467 hac
1757 2432 1907 2480 quidem

394 2499 519 2533 aetate
543 2507 601 2532 res
628 2499 686 2532 est
715 2495 827 2546 plane
861 2494 1040 2531 inaudita.
1111 2493 1350 2541 Quapropter
1388 2494 1610 2530 Torrentius
1639 2496 1746 2533 scribi
1777 2499 1906 2537 maluit

401 2562 655 2611 Septiminus.
715 2561 858 2598 Eodem
884 2563 1101 2610 argumento
1125 2561 1199 2610 jam
1229 2571 1315 2595 usus
1342 2559 1427 2596 olim
1447 2564 1505 2598 est
1530 2562 1746 2600 Massonus
1764 2564 1801 2600 in
1827 2565 1903 2602 Vit.

392 2627 485 2666 Hor.
509 2642 546 2678 p.
569 2627 662 2677 259,
693 2628 750 2664 cui
769 2627 908 2666 assensi
937 2630 1025 2664 sunt
1050 2626 1095 2663 V
1087 2625 1378 2675 anderburgius
1400 2627 1448 2663 ad
1469 2627 1542 2665 Od.
1565 2629 1612 2679 2,
1643 2630 1682 2668 6.
1712 2634 1750 2668 et
1769 2623 1904 2682 huper-

392 2695 481 2732 rime
508 2695 678 2731 Orellius
696 2696 745 2732 ad
765 2696 802 2732 h.
822 2695 863 2745 l.‚
882 2694 945 2743 qui
962 2697 1080 2730 totam
1102 2693 1194 2730 Titii
1214 2693 1383 2743 Septimii
1405 2693 1593 2732 historiam
1619 2695 1687 2733 niti
1711 2698 1763 2734 ait
1781 2709 1904 2736 errore

394 2761 704 2799 commentatoris
719 2763 850 2811 Cruq.,
875 2765 912 2798 et
931 2764 1030 2798 recte
1053 2760 1221 2810 quidem;
1253 2761 1387 2798 etenim
1406 2762 1502 2799 idem
1521 2763 1651 2799 eodem
1675 2764 1786 2801 modo
1804 2768 1904 2803 errat

393 2829 442 2866 ad
469 2829 551 2868 Sat.
584 2830 631 2878 2,
665 2831 711 2878 2,
741 2827 829 2877 50.,
866 2827 929 2864 ubi
957 2827 1032 2865 vid.
1053 2828 1260 2866 Kirclmer.
1288 2841 1326 2878 p.
1348 2828 1414 2868 25.
1462 2829 1636 2866 Ceterum
1653 2833 1752 2868 recte
1770 2831 1904 2870 statuit

400 2895 468 2933 W
460 2895 648 2933 eie-bertus
677 2895 734 2948 (p.
757 2893 860 2947 377)
882 2895 1144 2946 praeeuntibus
1177 2895 1390 2933 Sanadono
1403 2923 1419 2942 ,
1457 2895 1739 2947 Dorigkellone
1748 2925 1764 2943 ,
1807 2899 1902 2935 Ha-
