2054 3268
361 258 388 298 6
926 261 1305 298 HORATII

429 371 525 416 Non
556 377 693 416 tamen
720 373 869 415 iccirco
901 377 1145 417 contemnas
1174 373 1311 430 lippus
1342 374 1535 432 inungui3

428 450 545 509 Neo,
590 452 682 508 quia
710 451 910 509 desperes
942 452 1082 494 invicti
1111 451 1296 494 membra
1324 451 1550 512 Glyconis,

1819 455 1874 495 30

428 528 603 573 Nodosa
629 543 778 586 corpus
805 529 915 571 nolis
943 530 1164 587 prohibere
1194 529 1418 587 cheragra.

429 607 512 652 Est
539 606 713 666 quadam
738 606 908 665 prodire
935 610 1085 666 tenus,
1128 609 1164 650 si
1188 622 1271 652 non
1302 607 1423 652 datur
1450 608 1576 652 ultra.

360 771 418 805 38.
449 769 563 803 oculis.
587 769 656 802 Ms-
680 771 714 811 3,
740 781 758 802 c
782 780 838 814 ap.
863 769 929 803 Fe.
952 789 997 795 -—
1019 771 1089 804 lin-

361 836 447 860 ceus.
483 825 568 858 Mss.
592 827 692 860 Dess.
717 827 751 860 2.
776 827 810 860 3.
835 826 933 870 Lips.
960 828 992 860 1.
1005 827 1039 860 2.
1053 828 1087 862 3.

362 882 481 915 Guelf.
509 884 541 916 1.
564 883 598 916 2.
622 882 656 916 4.

408 940 452 971 V.
474 939 530 973 29.
569 943 798 982 contempnas.
844 938 905 971 Sic
926 948 1007 972 mss.
1030 949 1091 972 sex

361 1005 418 1038 ΒΡ.
441 994 573 1028 Bersm.
597 994 796 1036 barbarica,
832 999 870 1028 ut
901 994 968 1036 ait,
1003 995 1088 1027 scri-

361 1051 490 1095 ptione,
515 1050 634 1084 Guelf.
660 1051 694 1084 2.
711 1050 745 1084 4.
771 1062 828 1085 un.
846 1050 965 1084 Jaeck.
988 1051 1090 1083 Dess-

362 1108 395 1140 1.
410 1108 445 1140 2.
461 1107 494 1140 3.
520 1107 619 1139 Gott.
635 1108 666 1140 1.
691 1106 788 1151 Lips.
807 1108 839 1141 1.
854 1108 891 1141 2.
908 1108 941 1142 3.
959 1108 1090 1141 Graev.

361 1162 419 1194 Cf.
445 1162 607 1196 Schneid.
631 1163 788 1196 Elemtrl.
827 1175 862 1208 p.
886 1163 965 1198 467.
1012 1175 1092 1197 con-

360 1219 492 1252 tendas.
537 1219 606 1252 Ee}
631 1219 728 1263 Lips.
752 1218 833 1253 510.
857 1239 903 1244 —
930 1220 1092 1265 inungui.

359 1274 875 1310 nlss.Pul111.1.3.4.10.duo
893 1287 950 1321 ap.
941 1277 1091 1310 .Bersm.

360 1343 448 1364 omn.
465 1332 540 1364 fere
556 1343 611 1375 ΒΡ.
631 1331 737 1364 Torr.
754 1332 855 1365 Dess.
874 1334 905 1366 1.
923 1333 959 1366 3.
984 1332 1091 1366 Goth.

360 1387 498 1430 Reliqui
531 1386 574 1420 de
598 1386 650 1420 his
674 1388 778 1420 rebus
802 1388 940 1422 minutis
964 1395 1093 1423 tacent.

359 1444 418 1476 Cf.
446 1443 566 1476 Lamb.
591 1449 626 1476 et
650 1442 757 1476 Torr.
783 1445 825 1477 ad
849 1444 967 1489 Epist.
991 1446 1034 1489 2,
1058 1447 1092 1488 2,

361 1499 439 1533 183.
465 1498 592 1532 Cellar.
618 1498 785 1543 orthogr.
809 1500 870 1534 lat.
895 1513 931 1545 p.
949 1501 1016 1536 385
1036 1502 1092 1535 ed.

308 1589 318 1604 ⁸
359 1555 460 1588 Harl.
484 1555 615 1587 Eodem
634 1555 733 1588 modo
758 1556 895 1590 variant
917 1558 998 1591 libri
1015 1559 1091 1592 Sat.

360 1615 393 1655 1,
418 1613 451 1653 6,
480 1611 557 1645 123.
590 1611 649 1644 ubi
673 1611 744 1644 vid.
766 1613 910 1646 Kirchn.
935 1620 971 1647 et
993 1615 1091 1648 Cort-

359 1667 403 1700 ad
435 1666 568 1699 Lucan.
600 1667 640 1708 3,
672 1667 752 1702 238.
799 1668 893 1702 Edd.
926 1670 998 1703 vid.
1034 1682 1090 1715 ap.

359 1722 477 1764 Feam,
503 1723 603 1755 etiam
620 1722 728 1757 Hunt.
754 1730 789 1757 et
803 1724 959 1768 Passov.,
985 1732 1090 1760 recte.

405 1779 450 1811 V.
474 1779 531 1813 30.
555 1779 604 1812 Et
619 1779 713 1823 quia.
739 1780 807 1814 Ns.
829 1781 871 1814 A.
895 1793 952 1826 ap.
970 1783 1090 1816 Comb-

360 1847 404 1871 m.
445 1846 502 1880 ap.
538 1835 694 1869 Hoched.
750 1836 842 1870 Edd.
880 1839 978 1884 Lips.
1010 1840 1090 1874 492.

359 1892 449 1924 Ven.
471 1889 538 1924 498
563 1895 597 1924 et
620 1892 744 1925 multae
769 1894 847 1926 edd.
872 1900 981 1937 vett.,
1006 1906 1092 1939 quas

359 1947 489 1980 indicat
511 1947 598 1979 Fea.
629 1948 730 1981 Hanc
753 1949 956 1993 scripturam
981 1951 1091 1995 expli-

360 2009 438 2037 cant
453 2002 628 2036 Landinus
646 2009 681 2036 et
691 2003 888 2039 Ascensius.
912 2006 1091 2050 Nonquia.

359 2060 427 2092 Ms.
451 2059 547 2092 Fene
571 2061 602 2101 1,
619 2059 653 2091 k.
679 2059 754 2094 Neu
771 2062 864 2105 quia.
889 2062 981 2095 Edd.
1001 2064 1090 2096 Cun.

360 2117 444 2149 San.
475 2135 522 2141 --
556 2116 727 2158 desperas.
767 2116 834 2150 Ms.
860 2129 916 2151 un.
942 2119 1037 2152 Feae
1060 2124 1095 2152 et

357 2172 503 2206 Jaeckii.
527 2191 573 2196 —
596 2171 748 2206 Milonis.
773 2171 842 2206 Ms.
860 2174 973 2217 Fene,
1001 2177 1032 2216 1,
1058 2175 1092 2207 k.

359 2241 380 2262 Β
402 2231 437 2263 2.
462 2241 505 2262 m.
531 2235 565 2262 et
589 2228 748 2262 oberlin.
783 2229 824 2262 C.
859 2229 894 2264 in
918 2232 1093 2276 margine3

359 2292 597 2319 commemorat
627 2284 746 2318 Schol.
772 2285 880 2329 Cruq.
931 2288 1093 2322 Ceterum

362 2342 526 2383 Gliconis,
551 2354 619 2375 non
644 2342 806 2385 Glyconis
829 2344 990 2377 exhibent
1014 2356 1092 2379 mss.

360 2398 463 2443 pqu.‚
486 2399 572 2431 illud
596 2404 713 2432 servat
737 2400 791 2432 ed.
816 2399 957 2433 Minois.

404 2455 450 2487 V.
471 2455 527 2488 31.
561 2454 699 2488 Nodosa
721 2456 792 2490 nol.
817 2467 909 2500 corp.
932 2476 978 2481 -—
1001 2457 1095 2490 cira-

361 2520 443 2553 gra.
490 2510 559 2543 Ms.
584 2511 704 2544 Guelf.
731 2514 762 2546 1.
810 2513 993 2557 cheragra.
1026 2513 1094 2546 Ms.

362 2566 455 2598 Pott.
482 2566 514 2598 1.
540 2566 646 2599 Goth.
671 2567 840 2612 chiragra
863 2569 992 2611 (Dess.
1020 2569 1093 2612 1.),

363 2633 434 2664 cyr.
458 2621 520 2653 cir.
546 2622 664 2664 (Dess.
689 2626 724 2659 3.
748 2626 802 2669 2.)
827 2627 920 2670 chyr.
944 2625 1093 2669 (Graev.

361 2677 460 2722 Lips.
485 2679 592 2721 omn.)
617 2680 763 2714 variatio
788 2682 928 2716 usitata.
963 2682 1095 2715 Cheru-

362 2745 432 2778 gra
462 2734 609 2776 rectius,
652 2737 788 2778 quoties
820 2739 930 2782 prima
962 2739 1095 2782 syllaba

364 2789 561 2834 corripitur,
585 2802 619 2824 v.
637 2790 750 2826 Bentl.
775 2795 817 2827 ad
834 2796 909 2828 Sat.
926 2796 960 2837 2,
976 2796 1008 2836 7,
1028 2793 1096 2837 15„

364 2847 462 2891 prob.
487 2845 661 2888 Piscator,
696 2849 743 2881 H.
768 2850 889 2894 Steph.
923 2851 959 2883 in
982 2849 1095 2884 Diatr.

365 2915 401 2948 p.
434 2904 477 2938 68
510 2908 545 2936 et
577 2903 727 2938 casaub.
763 2906 805 2938 ad
834 2905 932 2939 Pers.
966 2906 1007 2950 5,
1038 2907 1094 2941 58.

1143 771 1235 805 Edd.
1252 771 1403 816 Xyland.
1419 770 1518 813 duae,
1536 769 1662 812 Bentl„
1685 780 1783 814 quem
1798 780 1872 813 seq.

1144 829 1219 862 fere
1241 841 1331 862 omn.
1355 828 1580 862 recentiores.
1616 826 1762 869 Dorigli.
1786 825 1872 858 scri-

1144 886 1231 931 psit:
1253 885 1430 929 chiragra
1445 882 1641 928 majuscula.
1665 882 1732 914 Est
1745 886 1781 914 et
1796 880 1876 914 huic

1145 942 1275 975 formae
1290 953 1386 975 sunm
1397 942 1468 984 jus.
1496 941 1674 983 podagra.
1704 936 1791 970 Mss.
1807 935 1875 969 duo
1893 958 1896 959 ν

1146 1010 1203 1044 ΒΡ.
1221 999 1339 1041 Feam,
1362 999 1510 1031 fortasse
1525 997 1568 1029 ob
1586 993 1693 1028 Ovid.
1718 1005 1760 1027 ex
1771 991 1874 1025 Pont-

1146 1057 1187 1098 1,
1212 1056 1252 1097 3,
1275 1055 1333 1090 23.

1191 1112 1235 1144 V.
1246 1111 1304 1146 32.
1317 1109 1479 1155 quadam.
1492 1107 1578 1141 Mss.
1590 1107 1699 1150 Cruq.
1712 1107 1744 1150 1,
1756 1104 1831 1148 ΒΑ,
1842 1115 1874 1138 Β.

1145 1167 1289 1211 [aliqua
1307 1177 1362 1211 pr.
1387 1170 1456 1200 ten.
1477 1176 1541 1198 ms.
1563 1165 1584 1198 9
1607 1162 1716 1206 ibid.]
1745 1166 1780 1194 et
1802 1161 1876 1204 ejus

1147 1223 1266 1256 Schol.
1288 1223 1324 1256 in
1349 1223 1524 1263 lemmate,
1547 1219 1643 1253 Pott.
1668 1219 1700 1252 1.
1725 1218 1758 1251 2.
1782 1221 1818 1250 et
1839 1217 1876 1250 b.

1147 1291 1204 1325 ap.
1228 1278 1386 1313 Hoched.
1432 1277 1525 1310 Edd.
1558 1275 1682 1308 Colon-
1714 1273 1794 1307 519.
1816 1272 1876 1307 96.

1146 1331 1267 1369 L'amb.
1290 1335 1358 1378 (ex
1381 1333 1606 1378 conjectura)
1640 1331 1750 1374 Cruq.
1771 1328 1877 1362 Dion.

1148 1404 1169 1426 a
1191 1392 1297 1425 Prato
1322 1392 1428 1434 (teste
1452 1389 1602 1432 Cuning.
1626 1399 1662 1432 p.
1687 1385 1766 1430 75),
1789 1385 1879 1419 duae

1147 1448 1296 1491 Minois,
1338 1448 1469 1481 Bersm.
1506 1443 1622 1478 Bentl.
1655 1442 1743 1487 (qui
1779 1442 1877 1485 def.)

1147 1515 1316 1549 quemque
1338 1514 1414 1547 seq.
1438 1501 1587 1548 plurim„
1610 1501 1711 1544 prob.
1729 1498 1876 1532 Gatack.

1147 1561 1190 1595 ad
1219 1560 1383 1594 Antonin.
1418 1570 1454 1603 p.
1491 1557 1568 1592 144.
1614 1555 1762 1600 quodam
1794 1565 1877 1587 mss.

1147 1617 1256 1650 nostri
1285 1627 1354 1649 uno
1386 1619 1531 1659 excepto
1563 1618 1599 1646 et
1630 1610 1767 1656 plurimi
1789 1611 1875 1644 alio-

1146 1684 1232 1706 rum.
1274 1671 1365 1705 Edd.
1382 1670 1476 1713 vulg.
1493 1673 1572 1702 ante
1586 1668 1786 1712 Bentlejum‚
1808 1674 1878 1702 tum

1146 1728 1232 1761 Dae.
1249 1726 1362 1760 Maitt.
1377 1726 1456 1758 Jon.
1472 1725 1567 1759 Pott.
1584 1725 1702 1768 Casnp.
1720 1723 1877 1758 Hoched.

1146 1783 1225 1828 (qui
1246 1783 1336 1826 def.)
1360 1781 1542 1826 quoddam.
1568 1780 1655 1813 Mss.
1674 1780 1770 1813 Feae
1795 1781 1827 1823 1,
1844 1792 1877 1813 e.

1147 1840 1182 1872 k.
1206 1840 1246 1883 (a
1270 1840 1302 1874 1.
1327 1839 1390 1881 m.)
1413 1838 1457 1880 7,
1482 1848 1514 1869 Β.
1538 1836 1581 1870 A.
1604 1836 1650 1868 D.
1676 1835 1722 1869 F.
1747 1836 1794 1869 G.
1819 1847 1877 1880 ΒΡ.

1147 1897 1268 1930 Comb.
1291 1896 1389 1928 Gott.
1408 1894 1443 1927 2.
1488 1892 1581 1926 Edd.
1604 1896 1690 1926 vett.
1714 1903 1800 1936 quas
1823 1892 1877 1925 in-

1147 1953 1242 1986 dicat
1264 1952 1357 1993 Fea,
1382 1950 1483 1983 etiam
1506 1949 1585 1982 edd.
1609 1953 1695 1981 vett.
1715 1948 1797 1983 474.
1819 1948 1878 1981 76.

1149 2019 1206 2052 ΒΡ.
1243 2006 1410 2039 Maittair.
1446 2005 1544 2050 Lips.
1580 2003 1660 2038 492.
1699 2009 1734 2037 et
1770 2003 1879 2037 Loch.

1149 2064 1238 2096 Ven.
1261 2063 1341 2097 498.
1377 2060 1555 2094 Schurerii
1578 2058 1659 2094 514.
1693 2059 1776 2093 Bas.
1798 2061 1879 2095 517.

1148 2120 1244 2152 Feae
1267 2118 1345 2162 (qui
1365 2117 1454 2160 def.)
1475 2117 1593 2150 Jaeck.
1611 2117 1754 2150 Weber.
1778 2117 1879 2160 quid-

1149 2176 1242 2208 dam.
1280 2174 1335 2208 Al.
1358 2178 1448 2207 teste
1470 2172 1661 2206 Piscatore.
1697 2173 1881 2216 quondam.

1149 2232 1235 2265 Mss.
1268 2235 1341 2264 tres
1376 2242 1432 2276 ap.
1466 2230 1531 2263 Fe.
1572 2240 1630 2262 un.
1670 2239 1728 2274 ap.
1759 2229 1878 2262 Jaeck.

1148 2288 1242 2322 Altd.
1260 2299 1317 2333 ap.
1333 2286 1480 2320 Haberf.
1496 2284 1630 2318 Barthii
1645 2285 1754 2318 codex
1766 2284 1879 2328 (Adv.

1148 2345 1205 2386 37,
1233 2345 1307 2388 19.)
1334 2344 1369 2376 h.
1394 2343 1418 2376 l.
1443 2342 1495 2375 sic
1518 2341 1677 2374 exhibet:
1709 2341 1775 2374 Est
1797 2353 1882 2385 qao·

1150 2402 1232 2434 dam
1252 2400 1391 2444 prodire
1413 2400 1539 2434 tenus?
1564 2399 1595 2433 si
1618 2404 1684 2432 etc.
1732 2398 1879 2431 Goelen.

1150 2457 1258 2500 (Lat.
1282 2456 1367 2500 ling.
1391 2458 1484 2490 obss.
1510 2468 1545 2500 p.
1569 2455 1641 2498 58)
1675 2455 1726 2488 sic
1761 2455 1880 2488 habet:

1150 2514 1217 2546 Est
1239 2512 1374 2556 aliquid
1393 2512 1531 2556 prodire
1554 2517 1651 2546 tenus
1674 2516 1740 2545 etc.
1775 2511 1880 2545 Cete-

1150 2580 1224 2603 rum
1255 2569 1424 2612 quoddam
1456 2567 1631 2602 ferendum
1662 2573 1771 2610 esset,
1814 2567 1883 2601 nisi

1148 2626 1228 2666 loci,
1253 2625 1377 2668 quibus
1397 2625 1472 2658 Fea
1495 2636 1579 2658 suae
1593 2624 1749 2670 opinioni
1764 2629 1881 2669 patro·-

1150 2681 1275 2714 cinium
1298 2681 1450 2724 quaerit,
1474 2681 1601 2715 Catuli.
1634 2682 1696 2723 63,
1720 2680 1801 2724 (64)
1826 2681 1882 2715 18.

1152 2737 1258 2771 ovid.
1283 2738 1370 2771 Her.
1397 2738 1450 2779 12,
1478 2739 1535 2772 27.
1562 2738 1640 2771 Val.
1663 2737 1721 2770 Fl.
1747 2738 1778 2780 1,
1801 2734 1881 2770 538.

1151 2794 1251 2827 Suet.
1277 2794 1378 2828 caes.
1403 2805 1434 2826 c.
1451 2793 1497 2828 52
1519 2798 1635 2827 essent
1649 2793 1774 2828 dubiae
1787 2791 1881 2834 fidei,

1150 2850 1253 2894 longe
1275 2850 1375 2883 aliter
1396 2850 1566 2884 sentiente
1588 2849 1788 2893 Prisciano,
1821 2848 1882 2892 qui

1153 2905 1338 2950 Virgiliani
1369 2905 1455 2939 loci:
1493 2917 1630 2941 crurum
1662 2911 1760 2942 tenua
1789 2916 1882 2939 more
