2054 3268
384 268 438 308 50
525 271 888 308 COMMENTARII
917 272 970 307 IN
1000 269 1214 308 HORATII
1241 267 1409 307 EPIST.
1437 269 1578 307 PRIM.
1605 269 1702 307 LIB.
1730 270 1762 306 1.

385 383 465 419 rio:
496 383 577 419 His
590 382 810 431 respondet,
829 383 899 432 qui
922 395 947 417 a
973 381 1100 418 studio
1120 381 1335 430 sapientiae
1353 380 1579 416 deterrentes
1597 386 1743 430 negant
1756 377 1893 429 perse·-

385 455 489 485 ctam
510 450 743 498 sapientiam
763 461 986 499 quenquam
1007 455 1246 491 assecutum,
1271 447 1402 483 dicens
1423 453 1617 483 contentos
1635 459 1705 483 nos
1729 458 1806 482 esse
1824 445 1894 481 de-

386 514 471 551 bere
488 515 831 566 quantulocunque
846 522 1066 564 praecepto.
1126 516 1186 552 Eo
1209 516 1310 550 enim
1335 515 1468 564 utique
1487 514 1688 550 deteriores
1715 526 1795 549 non
1819 513 1894 548 eri-

385 596 485 619 mus.
509 604 564 610 -
585 583 629 619 Si
643 593 823 632 usquam,
842 579 918 617 hoc
936 583 1024 619 loco
1042 569 1287 619 codices⁰non
1303 578 1549 627 numerandi,
1575 579 1645 616 sed
1659 577 1892 616 aestimaudi

385 657 488 688 sunt.
554 649 698 687 Oculos
716 649 822 684 enim
843 647 1083 695 contendere,
1125 648 1262 699 (cujus
1295 647 1475 684 dictionis
1509 647 1691 697 exempla
1715 645 1797 683 vid.
1829 658 1894 695 ap.

384 718 513 754 Bentl.
539 723 576 753 et
598 717 637 751 in
658 728 745 751 mea
767 714 860 752 edit.
884 715 939 766 1.)
969 715 1179 765 opponitur
1200 716 1235 751 ei
1249 744 1259 762 ‚
1291 716 1358 765 qui
1378 715 1512 750 oculos
1534 713 1723 764 dispicere
1740 713 1892 763 nequit,

385 786 468 822 sive
489 784 597 832 cujus
617 784 721 819 oculi
745 795 859 831 aegre
880 795 922 818 se
943 781 1184 818 contendunt
1207 780 1380 831 (Lucret.
1398 779 1436 827 4,
1458 779 1580 830 810),
1602 778 1708 830 quod
1727 778 1830 815 cadit
1852 779 1892 813 in

386 858 567 888 naturam
583 849 850 900 lippitudinis,
879 848 940 899 (v.
960 848 1058 899 29.)
1087 849 1129 885 in
1150 844 1372 900 γλαμυροῦς
1395 843 1657 898 ὀφθαλμούς,
1687 847 1756 897 qui
1777 857 1894 894 saepe

387 919 492 954 visco
512 916 663 968 gravidi
684 917 887 952 rutilantes
907 916 1000 952 solis
1030 913 1158 952 radios
1182 915 1282 951 ferre
1312 921 1527 965 nequeunt.
1584 913 1650 950 Sic
1677 912 1788 949 Stob.
1807 911 1894 946 Ecl.

388 986 425 1031 1,
444 984 513 1024 31.
543 997 582 1034 Ρ.
611 984 705 1022 616.
737 981 797 1018 ed.
825 984 874 1018 H.
903 981 946 1021 οἱ
969 977 1267 1032 ὀφθαλμιῶντες
1289 980 1328 1021 δὲ
1354 983 1469 1021 τοῦτο
1499 976 1716 1032 πάσχουσιν
1736 977 1895 1029 (iridem

387 1050 587 1103 quandam
612 1050 818 1101 cernunt),
844 1044 938 1088 ’ὅταν
957 1049 1012 1094 εἷς
1031 1047 1100 1088 τὸν
1119 1044 1264 1100 λύχνον
1287 1044 1577 1100 ἀποβλέψωσιν.
1606 1047 1745 1084 Senec.
1769 1046 1895 1095 Epist.

387 1117 454 1157 83.
517 1116 855 1167 Quemadmodum
875 1115 1054 1164 difficiles
1062 1115 1228 1166 faciunt
1246 1114 1377 1150 oculos
1397 1113 1542 1150 diutini
1560 1112 1686 1149 morbi
1703 1114 1822 1149 etiam
1841 1111 1902 1148 ad

387 1185 594 1221 minimam
613 1183 719 1220 radii
738 1183 832 1219 solis
847 1182 1097 1234 offensionem
1115 1188 1186 1217 etc.
1248 1181 1308 1217 cf.
1333 1179 1492 1217 Ruhnk.
1521 1179 1573 1217 ad
1589 1181 1710 1217 Rutil.
1727 1181 1830 1230 Lup.
1855 1193 1895 1229 p.

390 1251 483 1292 103.
515 1253 617 1288 Hinc
639 1252 785 1301 optime
803 1250 987 1287 Vossius:
1014 1250 1201 1296 „Kannst
1223 1246 1275 1284 du
1300 1245 1402 1284 auch
1421 1245 1530 1284 nicht
1550 1245 1799 1297 scharftiugig
1820 1245 1896 1283 deu

387 1316 503 1355 Blick
531 1316 810 1355 ausdehnen.“
857 1317 932 1362 Qui
955 1321 1110 1362 autem,
1138 1321 1179 1350 ut
1198 1315 1298 1361 Fea,
1325 1315 1483 1365 Lynceo
1509 1314 1713 1350 oculorum
1732 1319 1896 1350 conten—

388 1386 497 1421 tione
517 1397 599 1421 non
617 1397 715 1435 opus
742 1384 863 1420 fuisse
887 1382 1105 1429 affirmant,
1134 1379 1236 1417 nihil
1255 1387 1389 1430 agmit.
1446 1381 1578 1418 Poetis
1599 1380 1706 1416 enim
1721 1380 1813 1416 licet
1837 1380 1898 1416 ef-

390 1452 539 1489 fectum
562 1464 679 1488 causa
703 1449 876 1486 indicare
889 1479 899 1497 ‚
930 1457 976 1486 ut
1008 1449 1139 1486 oculos
1168 1447 1419 1491 contendere,
1448 1446 1660 1490 intendere,
1697 1446 1900 1483 oculorum

390 1520 516 1555 aciem
532 1519 727 1555 intendere
745 1529 862 1567 saepe
885 1515 987 1552 nihil
1009 1515 1116 1552 aliud
1136 1516 1186 1552 sit
1210 1514 1288 1550 nisi
1314 1520 1475 1550 acutum
1493 1525 1644 1550 cernere
1661 1510 1764 1560 (Sat.
1786 1513 1808 1552 1
1821 1541 1832 1560 ,
1855 1506 1896 1560 3,

393 1584 465 1634 26)
469 1612 485 1630 ,
515 1585 646 1621 oculos
662 1597 772 1620 acres
774 1611 790 1629 ‚
812 1590 948 1620 acutos
965 1582 1022 1618 ad
1033 1581 1192 1632 aliquid
1209 1581 1392 1632 dirigere,
1421 1581 1469 1616 cf.
1487 1578 1600 1616 ovid.
1618 1580 1712 1615 Met.
1735 1580 1762 1618 7
1773 1608 1784 1627 ‚
1802 1577 1897 1619 584.

390 1653 483 1689 Juv.
505 1652 551 1698 8,
578 1649 672 1690 149.
729 1651 815 1687 val.
841 1651 970 1686 Flacc.
991 1649 1038 1697 3,
1071 1648 1165 1688 571.
1190 1648 1285 1698 ibiq.
1313 1648 1446 1683 Burin.
1467 1644 1653 1682 Prudent.
1682 1647 1898 1696 Hamartig.

391 1717 485 1757 895.
543 1719 617 1764 Qui
635 1716 805 1768 denique
826 1716 937 1753 oculo
957 1714 1181 1751 contendere
1198 1714 1398 1764 explicant
1417 1720 1577 1757 certare,
1598 1725 1682 1748 rem
1701 1714 1900 1750 inculcant

392 1785 567 1834 ineptam
591 1791 708 1835 atque
730 1784 934 1830 insulsam,
962 1795 1041 1819 nou
1061 1780 1252 1828 videntes,
1275 1780 1579 1830 explicationem
1596 1777 1739 1816 horum
1757 1781 1902 1818 verbo—

393 1863 481 1887 rum
509 1852 564 1887 sic
591 1849 825 1901 procedere:
876 1849 972 1885 Non
1000 1850 1130 1898 possis
1158 1847 1358 1883 oculorum
1383 1847 1467 1882 acie
1496 1845 1571 1882 tali
1596 1846 1709 1882 modo
1735 1854 1900 1891 certare,

393 1916 507 1966 quali
526 1918 688 1953 certavit
711 1917 894 1966 lynceus
902 1943 920 1961 ,
949 1914 1054 1966 quod
1072 1927 1122 1950 ne
1146 1914 1303 1950 fabulae
1323 1911 1484 1964 quidem
1504 1911 1688 1962 produnt.
1743 1915 1902 1951 Rectius

392 1985 605 2021 formulam
633 1984 745 2021 oculo
780 1990 883 2020 cont.
925 1981 1173 2032 interpretati
1201 1986 1294 2017 sunt
1327 1979 1525 2029 Cruquius
1535 2006 1550 2023 ,
1591 1979 1834 2031 Doeringiz'cs
1863 1988 1902 2019 et

397 2050 635 2087 Schmidius.
697 2051 881 2088 Ceterum
899 2050 1050 2100 Lyncei
1078 2047 1146 2100 (de
1168 2059 1246 2098 quo
1266 2052 1444 2082 accurate
1463 2045 1565 2082 dixit
1583 2045 1726 2084 Heind.
1749 2046 1800 2084 ad
1818 2047 1903 2086 Sat.

397 2118 435 2164 1,
456 2118 496 2166 2,
519 2117 590 2168 90)
608 2118 884 2168 perspicacitas
899 2117 942 2152 iu
956 2115 1207 2166 proverbium
1229 2113 1336 2149 abiit.
1392 2113 1524 2149 Etiam
1542 2113 1675 2151 Cicero
1694 2113 1744 2151 ad
1765 2115 1903 2152 Famil.

393 2185 432 2231 9,
454 2187 492 2224 2.
556 2184 653 2234 Quis
669 2191 725 2220 est
741 2191 823 2220 tam
837 2183 1038 2232 Lynceus,
1066 2182 1137 2231 qui
1154 2181 1273 2217 tantis
1288 2178 1452 2216 tenebris
1468 2180 1575 2217 nihil
1592 2181 1784 2233 offendat,
1806 2195 1903 2218 nus-

395 2264 515 2301 quam
536 2252 726 2289 incurrat.
755 2250 913 2302 Apulej.
932 2250 1026 2285 Met.
1047 2249 1116 2285 lib.
1134 2249 1174 2288 2.
1193 2260 1233 2297 p.
1254 2247 1347 2286 101.
1388 2246 1506 2284 Vides
1522 2247 1904 2298 lzominemsmeum

395 2325 431 2354 et
445 2319 675 2363 insomnem,
694 2324 793 2355 certe
805 2317 1130 2367 perspicaciorem
1157 2316 1240 2365 ipso
1259 2314 1416 2364 Lynceo
1433 2313 1499 2349 vel
1512 2313 1648 2365 Argo,
1672 2321 1710 2350 et
1723 2313 1902 2351 oculeum

395 2393 528 2426 totum.
586 2386 748 2423 Graeci:
778 2382 880 2436 ’ὑπὲρ
899 2380 970 2424 τόν
993 2380 1174 2435 Λυγκέα,
1213 2380 1295 2418 vid.
1324 2381 1492 2431 interpp.
1522 2379 1572 2416 ad
1592 2381 1756 2422 Lucian,
1799 2382 1902 2418 Her-

395 2453 547 2489 motim.
569 2465 602 2488 c.
621 2453 687 2492 20.
701 2453 766 2490 VI.
781 2465 820 2502 p.
831 2451 927 2490 379.
946 2448 1108 2499 ed.Bip.
1131 2447 1185 2497 [et
1200 2449 1362 2486 Timon.
1382 2445 1673 2484 ed.Leh1nann.
1692 2449 1724 2484 1.
1740 2445 1902 2499 p.427.]

396 2519 550 2555 Erasini
564 2517 716 2569 Adagg.
735 2520 774 2566 2,
795 2519 832 2566 1,
853 2516 920 2557 53.
941 2536 998 2544 -·

507 2586 554 2622 V.
576 2586 644 2624 29.
701 2585 897 2637 Cruquius
922 2581 973 2619 ad
992 2581 1076 2619 Sat.
1106 2581 1152 2629 1,
1181 2581 1230 2629 3,
1259 2579 1335 2620 25:
1371 2579 1567 2629 „Lippus
1598 2578 1758 2628 dicitur,
1795 2580 1904 2630 cujus

398 2651 503 2687 oculi
520 2653 703 2702 pituitam
723 2649 921 2702 quandam
935 2648 1219 2687 mordicantem
1238 2646 1446 2695 exsudant,
1460 2648 1485 2667 “
1520 2658 1620 2696 quae
1637 2647 1906 2697 interpretatio

400 2716 460 2754 his
482 2717 642 2768 quidem
661 2719 757 2754 locis
780 2715 1072 2758 accormnodata
1091 2714 1267 2762 videtur,
1293 2721 1334 2751 at
1351 2727 1432 2751 non
1453 2713 1649 2750 omnibus.
1685 2713 1784 2751 Vide
1801 2713 1904 2750 cels.

399 2786 445 2820 R.
473 2784 528 2820 M.
557 2784 605 2830 6,
634 2784 684 2830 6,
709 2785 778 2823 26.
832 2784 936 2821 Plin.
965 2785 1015 2820 H.
1042 2784 1091 2820 N.
1123 2782 1199 2830 28,
1227 2779 1294 2822 47.
1324 2788 1362 2818 et
1383 2777 1680 2818 Lichtenstaedt
1700 2780 1743 2816 in
1767 2777 1905 2818 Jahnii

398 2849 562 2888 salu-bb.
584 2850 704 2890 1827.
726 2851 772 2897 V,
798 2849 837 2889 4.
858 2864 899 2901 p.
919 2848 1000 2890 402
1017 2862 1106 2902 sqq.
1141 2848 1298 2897 „Uiber
1321 2846 1384 2884 die
1401 2845 1637 2896 Bedeutung
1656 2845 1725 2884 des
1743 2847 1905 2885 Wortes

401 2917 594 2968 lippitudo
610 2916 693 2954 und
711 2918 808 2954 iiber
826 2916 889 2954 die
906 2915 1107 2955 Ursaohen
1126 2914 1253 2953 dieser
1269 2912 1501 2952 Krankheit.
1515 2916 1540 2936 ‘⁴
1559 2910 1777 2952 Wallroth.
1789 2912 1906 2965 Sym.
