2028 3268
138 236 167 277 9
606 235 750 273 LIBRI
777 236 811 272 Ι.
869 232 1136 272 EPISTOLA
1166 236 1217 273 11.

1612 230 1694 272 115

212 349 285 396 Ad
317 351 539 410 strepitum
574 349 766 401 citharae
802 352 1015 402 cessatum
1051 348 1208 400 ducere
1242 363 1403 400 curam.

213 429 274 476 Ut
299 430 506 493 jugulent
542 430 762 491 homines,
799 434 983 492 surgunt
1013 428 1068 473 de
1097 433 1224 475 nocte
1250 430 1472 490 latrones3

147 608 267 656 Epist.
283 607 494 644 discrimine.
512 621 550 655 p.
566 609 623 644 36.
639 619 689 644 ss.
721 609 780 645 Cf.
796 608 892 644 Her-

145 679 260 703 mann.
293 667 469 702 Element.
489 667 605 701 doctr.
628 671 730 701 metr.
753 679 791 712 p.
807 665 890 701 342.

190 725 239 760 V.
255 724 315 760 31.
347 725 431 759 cith.
457 724 546 768 (non
562 724 655 768 cyth-
672 729 711 758 ut.
725 723 825 770 Lips.
836 722 892 767 2.)

147 782 315 818 exhibent
350 781 473 828 optimi
507 781 644 826 nostri,
683 786 723 815 ut
753 781 889 815 Graev.

145 839 251 874 Dess-
268 850 360 874 omn.
379 844 416 874 et
430 838 476 873 al.
493 858 540 865 —-
563 844 741 874 cessatum
759 839 891 872 ducere

145 907 285 931 curam.
316 896 380 930 Sic
400 908 484 931 mss.
502 903 539 931 et
554 897 635 931 edd.
651 897 762 941 vulg„
788 895 893 930 etiam

145 954 325 1001 Porphyr.
360 959 397 989 et
427 954 549 989 Schol.
576 955 702 1000 Cruq.,
738 959 779 988 ut
803 954 894 988 bene

146 1011 251 1048 docet
279 1012 480 1047 Schmidius
519 1016 642 1046 contra
672 1010 893 1055 Bentlejum3

145 1068 210 1114 qui
230 1074 344 1105 tamen
360 1069 532 1103 Acronem
555 1068 674 1103 dicere
698 1079 768 1102 non
785 1068 892 1102 debe-

145 1127 221 1162 bat.
253 1133 468 1162 cessantum.
500 1127 571 1161 Ms.
587 1126 685 1160 Feae
703 1127 735 1170 1,
752 1125 779 1159 i.
797 1125 892 1160 Edd.

145 1183 247 1218 Flor.
271 1185 353 1220 482.
386 1186 448 1230 (in
480 1196 552 1231 qua
573 1183 755 1218 Landinus
779 1194 895 1218 cessa-

145 1246 226 1276 tum
247 1260 296 1274 —.
317 1242 372 1277 sic
394 1243 525 1289 legitur
547 1242 586 1277 in
614 1246 715 1277 textu
747 1258 795 1267 ——
831 1252 894 1275 ex-

147 1299 278 1346 plicam
320 1300 512 1335 otiosorum
543 1300 570 1334 i.
605 1311 639 1334 e.
673 1300 894 1343 cessantum)

147 1357 239 1391 Ven.
267 1356 349 1392 483.
382 1358 440 1403 (a)
471 1359 530 1394 86.
571 1357 794 1401 (cessatum.)
834 1357 893 1391 90.

146 1415 206 1454 92.
223 1415 282 1450 98.
301 1414 415 1450 Loch.
432 1415 581 1450 Erford.
598 1415 678 1451 517.
694 1414 796 1460 Lips.
812 1413 894 1448 492.

146 1474 207 1508 98.
223 1474 283 1508 99.
301 1474 382 1509 508.
402 1474 459 1509 10.
484 1473 542 1508 14.
569 1473 626 1508 19.
659 1472 792 1507 Colon..
811 1471 894 1508 510.

146 1529 260 1566 Pulm.
277 1531 359 1566 581.
391 1531 608 1576 (quanquam
632 1529 670 1564 in
694 1530 896 1565 annotatio-

147 1589 250 1630 nibus
273 1594 310 1624 et
326 1589 364 1624 in
382 1589 438 1636 ed.
456 1588 638 1634 Antwerp.
657 1587 740 1624 557.
766 1587 897 1633 legitur

149 1647 365 1692 cessatum),
391 1646 559 1693 probavit
581 1646 616 1680 J.
643 1645 803 1680 Clericus
840 1645 897 1690 (in

148 1704 328 1741 Friedem.
347 1708 384 1739 et
399 1703 555 1738 Seebod.
571 1703 677 1738 Misc.
697 1704 792 1738 critt.
811 1703 842 1737 Ι.
858 1704 896 1738 3.

149 1775 188 1811 p.
204 1762 305 1808 543.)
329 1761 531 1808 explicans:
554 1761 732 1807 „educere
756 1773 800 1795 ex
817 1761 895 1795 ani-

149 1834 205 1857 mo
222 1821 413 1856 otiosorum
430 1820 590 1864 curam“,
618 1823 658 1854 ut
672 1819 789 1854 Plaut.
805 1818 895 1853 Pro-

147 1879 222 1926 log.
249 1879 334 1914 Cas.
366 1878 426 1914 24.
467 1882 662 1912 cessantem
687 1897 735 1903 —
758 1888 896 1911 curam.

149 1937 246 1973 Edd.
266 1937 360 1971 Ven.
373 1934 457 1971 495.
483 1935 579 1979 (Fea
593 1936 723 1980 teste),
741 1935 896 1979 Cuning.

150 2000 324 2030 cessatam
346 1994 382 2028 d.
407 2005 437 2026 c.
463 1992 536 2027 Ms.
562 1993 629 2027 Bn.
662 1993 690 2028 f.
721 1999 898 2028 cessatam

150 2063 226 2087 non
249 2053 286 2086 d.
309 2063 340 2086 c.
372 2050 445 2085 Ms.
473 2049 594 2084 Guelf.
629 2051 664 2086 2.
696 2058 899 2086 coenatum.

151 2109 224 2144 Ms.
247 2108 370 2144 Jaeck.
389 2107 424 2142 5.
456 2119 576 2158 curas.
617 2108 740 2143 Guelf.
757 2108 792 2144 4.
829 2110 900 2144 Ga-

151 2179 232 2202 ram
257 2165 446 2212 majuscula
471 2165 640 2200 exhibent
663 2166 758 2200 Edd.
778 2167 899 2202 Wetz.

153 2225 308 2260 Schmid.
326 2223 488 2258 Hoched.
512 2223 690 2267 Braunh.,
714 2224 810 2268 quod
833 2224 899 2258 im-

152 2284 280 2330 probat
290 2281 399 2316 Bach.
410 2281 447 2315 in
462 2280 662 2314 Zimmerm.
675 2280 899 2316 zeitschrift.

154 2345 223 2376 etc.
262 2341 364 2377 1834.
399 2352 437 2385 p.
466 2338 566 2374 1032.
605 2349 778 2373 somnum.
810 2339 900 2374 Mss.

154 2398 267 2444 Cruq.
291 2398 328 2442 1,
357 2397 477 2432 a-—d-
510 2395 627 2430 Bentl.
654 2397 686 2431 1.
720 2396 758 2430 in
788 2408 900 2442 marg.

153 2467 220 2502 pro
235 2468 314 2492 var.
331 2455 414 2490 lect.
433 2455 532 2489 Feae
545 2455 579 2498 2,
597 2453 633 2488 h.
650 2455 718 2489 Bn.
729 2454 775 2488 D.
789 2454 901 2488 Goth.

155 2525 221 2560 pro
254 2525 292 2548 v.
320 2513 406 2548 lect.
443 2523 596 2547 somnos.
639 2511 710 2546 Ms.
746 2523 807 2547 un.
840 2524 901 2558 ap.

155 2570 238 2606 val.
265 2571 399 2616 Dorv.‚
432 2571 495 2605 sed
522 2570 642 2605 nescio
674 2574 790 2604 utrum
813 2581 903 2604 unus

156 2640 203 2663 an
219 2628 302 2664 duo.
334 2632 528 2664 cessantem
547 2629 583 2662 d.
601 2638 776 2663 somnum.
807 2627 903 2661 Edd.

156 2685 274 2721 Bentl.
292 2686 378 2719 San.
394 2685 512 2719 Merv.
522 2686 630 2721 Bask.
641 2685 792 2731 Dorigh.
804 2684 902 2719 Sivr.

157 2743 320 2786 Wakef„
362 2741 486 2789 Camp.
499 2769 510 2788 ,
552 2744 728 2790 improbat
758 2747 902 2790 praeter

158 2799 248 2836 alios
263 2801 394 2835 Bauer.
413 2799 492 2834 loco
510 2812 547 2835 v.
563 2802 600 2836 4.
633 2801 790 2846 laudato,
808 2799 902 2835 tueri

159 2857 301 2892 videtur
317 2856 480 2892 Clarkius
506 2858 550 2893 ad
574 2859 679 2894 Hom.
707 2859 841 2904 Odyss.
857 2859 901 2902 θ’,

157 2913 240 2950 248.
288 2920 464 2949 cessatum
496 2915 578 2949 duc.
610 2927 784 2951 somnum.
830 2917 902 2951 Ed.

159 2970 273 3006 Par-is.
291 2973 373 3008 752.
409 2971 452 3018 (,,
463 2972 550 3008 dont
571 2972 703 3015 l’ennui
719 2975 903 3021 s'empare,

948 606 1094 654 Desque
1119 608 1217 644 vient
1243 609 1265 644 a
1293 620 1412 644 cessei·
1433 608 1469 643 le
1488 606 1587 643 bruit
1601 605 1698 641 dela

948 665 1179 712 Guitarre.“)
1225 667 1398 702 Similiter
1427 667 1504 702 Jos.
1535 664 1698 710 Scaliger

948 724 994 758 ad
1010 724 1120 770 Prop.
1150 725 1187 767 1,
1211 724 1254 768 6,
1271 726 1330 759 21.
1363 724 1571 771 scripturam
1596 723 1697 767 vulg.

948 781 1128 828 explicans
1156 785 1333 815 cessatum
1360 781 1479 825 jungit
1503 792 1579 815 cum
1602 781 1696 814 Sub-

946 838 1103 874 stantivo
1120 839 1309 884 strepitum
1321 838 1430 884 (idem
1446 839 1560 874 literis
1570 850 1698 885 supra-

949 896 1094 942 scriptis
1126 896 1215 931 facit
1246 896 1325 930 cod.
1358 896 1395 930 d.
1429 907 1488 943 ap.
1514 895 1700 940 Hoched.)

949 954 977 988 i.
995 966 1028 989 e.
1045 954 1231 1000 strepitum
1258 953 1436 998 citharae,
1466 954 1524 988 cui
1541 959 1701 988 cessatur

950 1012 987 1046 h.
1006 1025 1039 1047 e.
1057 1012 1115 1047 oui
1130 1016 1289 1047 vacatur.
1337 1012 1434 1046 Idem
1450 1011 1601 1057 conjecit
1616 1012 1699 1056 (ne-

950 1069 1024 1104 scio
1050 1080 1120 1114 quo
1149 1069 1251 1113 loeo)
1289 1075 1464 1104 cessatam
1497 1071 1533 1103 d.
1561 1080 1700 1114 curam,

949 1129 978 1162 i.
1012 1140 1046 1162 e.
1080 1128 1252 1170 solutam3
1296 1139 1366 1162 non
1397 1127 1620 1174 improbante
1651 1127 1700 1162 D.

952 1186 1103 1220 Heinsio
1114 1212 1124 1230 ‚
1142 1186 1304 1230 Bentlejo
1320 1187 1547 1231 reprobante.
1592 1185 1700 1220 Cete-

950 1256 1028 1280 rum
1052 1244 1110 1278 hic
1137 1244 1370 1288 conjecturam
1395 1254 1511 1276 suam=
1538 1241 1702 1277 certatim

952 1303 1084 1338 ducere
1105 1307 1255 1347 noctem,
1271 1300 1484 1347 repetitione
1499 1311 1580 1334 voc.
1597 1305 1703 1336 nocte

953 1374 990 1397 v.
1023 1361 1082 1396 32.
1133 1361 1309 1404 offensus,
1356 1358 1437 1404 ipse
1474 1357 1703 1403 repudiavit3

945 1420 1082 1465 fallere
1097 1423 1235 1453 noctem
1251 1417 1415 1451 habuisse
1436 1414 1524 1449 dicit
1546 1420 1704 1450 veterem

952 1477 1108 1512 codicem
1133 1475 1340 1518 Pulmanni‚
1374 1474 1438 1507 sed
1466 1473 1506 1506 in
1533 1472 1590 1506 ed.
1618 1472 1702 1508 581.

952 1534 1042 1570 nihil
1066 1537 1121 1568 est
1146 1538 1360 1567 annotatum.
1384 1550 1432 1557 -
1464 1529 1619 1564 cessanti
1634 1530 1706 1564 ἀει-Δ

953 1604 1031 1627 cere
1063 1602 1200 1626 curam.
1249 1590 1352 1635 Conj.
1381 1587 1535 1632 Cuning.
1565 1606 1614 1617 ,-
1645 1586 1706 1620 Aa

952 1647 1144 1693 strepitum
1170 1660 1200 1682 c.
1217 1647 1372 1682 cessanti
1393 1646 1550 1680 incidere
1566 1656 1705 1680 curam.

954 1707 1059 1751 Conj.
1076 1706 1166 1741 Jam.
1197 1703 1425 1747 Tunstallus,
1449 1702 1486 1736 in
1502 1707 1622 1749 partes
1639 1714 1705 1736 vo-

954 1775 1037 1799 oans
1068 1763 1188 1809 Epist.
1216 1763 1278 1807 14,
1304 1762 1362 1797 36.
1394 1760 1552 1794 incidere
1575 1760 1707 1794 ludum

955 1827 992 1858 et
1008 1822 1086 1856 Cic.
1105 1821 1217 1855 Tusc.
1237 1821 1268 1864 1,
1285 1818 1343 1861 44,
1364 1818 1443 1853 106.
1469 1829 1563 1862 quae
1580 1829 1707 1855 curam

954 1891 1076 1916 somno
1092 1888 1266 1924 suspenso
1284 1876 1373 1921 (21)
1392 1876 1500 1910 levas.
1528 1877 1707 1922 Rosellus,

954 1942 1048 1972 teste
1078 1936 1254 1981 Dorigh.‚
1295 1934 1349 1968 ita
1387 1933 1555 1979 scriptum
1593 1935 1708 1970 fuisse

956 1995 1120 2041 opinatus
1145 1999 1219 2029 estt
1250 1993 1308 2026 Ad
1325 1993 1516 2038 strepitum
1533 1994 1708 2039 citharae,

957 2057 1154 2095 cessatum,
1194 2051 1344 2085 educere
1376 2062 1503 2085 curam
1536 2050 1563 2085 i.
1589 2062 1622 2085 e.
1663 2052 1710 2086 ad

957 2121 1080 2145 sonum
1114 2109 1234 2153 lyrae,
1268 2118 1338 2152 qua
1373 2119 1500 2142 sonare
1532 2112 1709 2143 cessatum

956 2168 1086 2211 fuerat,
1103 2171 1143 2201 ut
1159 2165 1256 2200 locus
1274 2164 1419 2199 daretur
1430 2176 1563 2207 somno,
1576 2163 1709 2209 pellere

957 2234 1068 2269 genus
1101 2233 1202 2257 omne
1233 2233 1406 2256 curarum.
1434 2242 1482 2247 —
1512 2226 1709 2256 cessantem

958 2291 1138 2316 accersere
1169 2290 1342 2314 somnum.
1376 2279 1537 2324 Conject.
1563 2291 1621 2324 ap.
1644 2279 1708 2314 Jo.

958 2348 1035 2372 nes.
1065 2336 1202 2370 Contra
1211 2335 1417 2382 Dorighello
1435 2342 1630 2371 cessantem
1640 2338 1710 2372 du-

959 2408 1037 2431 cere
1062 2407 1188 2430 curam
1213 2406 1292 2429 esse
1322 2406 1428 2441 posse
1455 2395 1619 2440 opinatur
1643 2407 1708 2441 pro

959 2455 1141 2500 decipere,
1174 2453 1330 2487 incertus
1360 2456 1495 2495 tamen,
1524 2451 1611 2497 quid
1635 2457 1710 2486 sta-

958 2517 1048 2557 tuat,
1065 2512 1178 2546 locum
1194 2510 1301 2544 habet
1316 2522 1380 2555 pro
1398 2515 1577 2555 corrupto.
1597 2509 1708 2545 Prae-

959 2570 1093 2605 dicovii
1122 2567 1304 2603 luxurians
1333 2579 1477 2602 acumen
1502 2567 1618 2602 dedit:
1650 2568 1710 2602 Ad

959 2634 1006 2664 st.
1024 2641 1054 2663 c.
1072 2630 1266 2662 cessantem
1285 2625 1322 2659 d.
1338 2620 1491 2668 κούρην.
1525 2624 1600 2659 Sed
1614 2625 1711 2660 nulla

959 2688 1098 2733 indiget
1113 2688 1210 2721 locus
1229 2681 1484 2720 emendatione.
1512 2682 1619 2727 Vulg.
1637 2695 1708 2717 scr.

958 2751 1081 2781 tuetur
1112 2749 1148 2779 et
1181 2742 1336 2790 explicat
1362 2740 1444 2775 Jan.
1474 2740 1642 2785 Rutgers.
1672 2741 1710 2775 in

956 2800 1150 2847 Excerptis
1167 2804 1235 2834 etc.
1251 2812 1289 2846 p.
1306 2799 1388 2835 432.
1406 2798 1463 2832 ed.
1493 2799 1613 2833 Burm.
1627 2799 1708 2833 699.

960 2861 1020 2895 Cf.
1038 2858 1222 2893 Schirach.
1246 2856 1348 2891 Clav.
1365 2855 1456 2891 Hor.
1478 2869 1515 2904 p.
1540 2855 1599 2891 53.
1626 2856 1707 2892 395.

961 2916 1073 2951 Gesn.
1093 2919 1129 2949 et
1144 2914 1299 2949 Wetzel.

1007 2972 1053 3006 V.
1079 2971 1138 3007 32.
1191 2969 1238 3006 Ut
1265 2971 1430 3018 vigilent.
1485 2970 1581 3006 Edd.
1609 2970 1707 3005 Flor.
