2028 3268
554 842 1325 903 COMMENTARII

914 998 962 1028 IN

157 1107 548 1154 HORA'I'II
616 1107 1156 1156 EPIS'POLAM
1216 1109 1718 1157 SECUNDAM

755 1250 990 1304 LIB.
1062 1251 1115 1304 1.

154 1490 292 1553 Haec
329 1515 513 1567 Epistola
553 1518 696 1554 iccirco
737 1516 787 1554 ad
820 1519 1002 1557 Lollium
1038 1517 1130 1557 data
1174 1530 1260 1555 esse
1293 1516 1473 1566 videtur,
1503 1520 1570 1556 vel
1608 1518 1718 1572 quod

154 1583 344 1620 Horatius
385 1584 565 1623 Lollium
604 1588 733 1626 bonae
773 1588 940 1641 quidem
978 1586 1066 1638 spei
1093 1587 1305 1636 juvenem,
1335 1600 1478 1625 verum
1513 1589 1634 1625 etiam
1665 1587 1718 1626 ad

154 1652 251 1689 vitia
271 1652 494 1703 proclivem
522 1664 710 1706 noverat,
742 1658 828 1705 vel,
861 1653 972 1709 quod
999 1656 1085 1692 veri
1108 1656 1281 1693 similius
1306 1663 1387 1705 est,
1413 1663 1556 1706 rogatu
1577 1659 1716 1708 patris,

153 1732 330 1772 quocum
355 1722 505 1771 Poeta,
535 1731 581 1761 ut
600 1739 653 1762 ex
671 1725 746 1764 Od.
765 1724 806 1776 4,
831 1727 872 1764 9.
907 1731 1094 1775 apparet,
1125 1725 1377 1762 familiariter
1407 1725 1532 1772 vixit,
1564 1727 1717 1777 quique

153 1787 302 1827 dilecto
329 1789 472 1839 juveni
503 1794 715 1830 Horatium
742 1795 985 1833 monitorem
1021 1793 1074 1830 ad
1104 1806 1243 1831 veram
1267 1794 1374 1830 vitae
1413 1795 1611 1831 rationem
1642 1794 1717 1832 ad·-

151 1858 384 1899 hortantem
423 1862 555 1899 noluit
590 1861 744 1900 deesse.
810 1864 916 1909 Quas
961 1860 1129 1914 quidem
1179 1862 1383 1899 monentis
1429 1864 1548 1899 amici
1582 1870 1717 1914 partes

151 1930 344 1967 Horatius
373 1931 430 1967 ita
460 1932 659 1982 suscepit,
690 1938 734 1968 ut
769 1932 993 1982 praeceptis
1017 1930 1291 1968 saluberrimis
1314 1930 1503 1982 jungeret
1525 1931 1717 1969 subtilem

152 2005 410 2036 venustatem
449 2005 489 2035 et
542 2000 826 2038 urbanitatem.
906 2001 1157 2051 Quapropter
1200 2012 1283 2036 non
1324 2006 1411 2047 est,
1462 1998 1572 2052 quod
1611 1998 1716 2038 hanc

151 2067 380 2117 Epistolam
403 2067 475 2103 illa
494 2066 680 2122 εἰρωνείᾳ
698 2069 902 2106 Socratica
930 2067 1074 2104 leviter
1098 2074 1258 2103 tantum
1287 2067 1456 2104 tinctam
1477 2075 1599 2119 atque
1632 2070 1715 2105 im-

150 2135 293 2171 butam
316 2136 523 2172 miremur.
581 2137 900 2186 Argumentum,
932 2147 1012 2187 quo
1032 2135 1148 2185 quasi
1168 2135 1277 2170 viam
1297 2133 1348 2170 ad
1373 2134 1438 2183 id,
1470 2135 1580 2186 quod
1603 2149 1716 2174 asse-

152 2204 224 2255 qui
246 2201 452 2251 studebat,
483 2203 560 2240 sibi
589 2205 731 2240 sternit
747 2205 872 2241 Poeta
889 2233 899 2251 ,
932 2209 993 2239 est
1012 2202 1142 2238 bonus
1165 2203 1387 2250 Homerus,
1418 2216 1471 2239 ex
1496 2215 1576 2255 quo
1607 2206 1714 2242 vitae

150 2278 363 2324 praecepta
397 2271 558 2322 plenius
590 2279 628 2309 et
656 2272 803 2309 melius
834 2269 986 2308 hauriri
1018 2282 1135 2320 posse
1172 2268 1289 2317 dicit,
1320 2283 1442 2322 quam
1472 2284 1524 2308 ex
1564 2285 1713 2324 magno

150 2353 320 2378 numero
343 2340 540 2377 librorum
563 2353 586 2376 a
603 2339 748 2378 Stoicis
774 2345 813 2375 et
835 2337 1086 2376 Academicis
1107 2339 1437 2389 conscriptorum.
1500 2340 1712 2391 ExempliS

151 2421 206 2445 ex
226 2407 353 2446 Iliade
389 2416 428 2445 et
450 2408 652 2462 Odyssea,
686 2421 786 2460 quas
810 2409 925 2460 quasi
957 2407 1036 2444 duo
1061 2419 1210 2456 magua
1241 2407 1345 2443 vitae
1377 2405 1590 2444 hominum
1617 2423 1713 2460 spe-

151 2477 243 2514 cula
273 2475 463 2526 exhibet,
495 2477 719 2528 desumptis
752 2478 958 2527 subjungit
983 2477 1080 2514 Hor.
1116 2482 1328 2526 praecepta
1357 2473 1409 2511 ad
1438 2475 1620 2513 studium
1645 2491 1712 2514 sa-

150 2545 326 2596 pientiae
353 2553 512 2583 mature
547 2544 876 2597 amplectendum
912 2545 1092 2583 maxime
1122 2541 1288 2589 idonea,
1320 2553 1422 2593 quae
1457 2543 1648 2592 juvenem
1689 2559 1712 2583 a

152 2610 329 2662 desidia,
359 2615 548 2664 avaritia,
578 2613 731 2652 invidia
749 2644 759 2663 ,
790 2612 1019 2661 iracundia,
1052 2612 1223 2663 aliisque
1243 2611 1367 2647 animi
1394 2613 1712 2663 perturbationi-

148 2681 226 2718 bus
252 2679 494 2733 prohibeant
521 2690 642 2735 atque
673 2683 855 2720 animum
884 2683 968 2733 ejus
1003 2679 1146 2718 studiis
1178 2693 1311 2716 rerum
1342 2678 1603 2719 honestarum
1628 2683 1710 2720 im-

148 2749 290 2787 buant.
352 2750 504 2797 Quodsi
523 2754 567 2788 in
587 2750 652 2789 his
670 2750 942 2802 proponendis
965 2752 1184 2787 Homerum
1204 2749 1320 2800 quasi
1340 2749 1390 2787 ob
1420 2751 1558 2788 oculos
1580 2753 1708 2803 ponit,

151 2831 205 2855 ex
238 2818 350 2868 cujus
375 2821 572 2870 poematis
599 2818 700 2857 haec
727 2827 869 2872 suapte
895 2827 1038 2857 natura
1065 2817 1179 2868 sequi
1203 2815 1408 2865 videntur,
1439 2819 1708 2858 urbanitatem

150 2899 234 2924 non
261 2887 347 2924 sine
374 2894 457 2925 arte
479 2886 701 2926 adhibitam
728 2889 897 2940 quilibet
924 2887 1078 2925 videbit
1102 2886 1238 2922 lector.
1298 2885 1341 2923 Si
1375 2888 1466 2938 quis
1498 2888 1600 2924 forte
1622 2890 1709 2927 Ho-

150 2967 309 2992 merum
331 2969 413 2994 non
437 2962 519 2993 tam
545 2955 595 2994 ad
615 2970 780 2996 sensum
814 2954 997 3009 pulchri,
1029 2966 1152 3007 quam
1170 2954 1267 2991 recti
1289 2952 1530 3008 honestique
1551 2958 1600 2995 ab
1620 2960 1707 2996 Ho-
