<?xml version="1.0" encoding="UTF-8"?>
<!DOCTYPE html PUBLIC "-//W3C//DTD XHTML 1.0 Transitional//EN"
    "http://www.w3.org/TR/xhtml1/DTD/xhtml1-transitional.dtd">
<html xmlns="http://www.w3.org/1999/xhtml" xml:lang="en" lang="en">
 <head>
  <title>
</title>
<meta http-equiv="Content-Type" content="text/html;charset=utf-8" />
  <meta name='ocr-system' content='tesseract 3.04.00' />
  <meta name='ocr-capabilities' content='ocr_page ocr_carea ocr_par ocr_line ocrx_word'/>
</head>
<body>
  <div class='ocr_page' id='page_1' title='image "./epistolascomment01horauoft_0327.png"; bbox 0 0 2028 3268; ppageno 0'>
   <div class='ocr_carea' id='block_1_1' title="bbox 112 266 1678 326">
    <p class='ocr_par' dir='ltr' id='par_1_1' title="bbox 112 266 1678 326">
     <span class='ocr_line' id='line_1_1' title="bbox 112 266 1678 326; baseline -0.008 -1"><span class='ocrx_word' id='word_1_1' title='bbox 112 282 181 326; x_wconf 75' lang='lat'><strong>-33</strong></span> <span class='ocrx_word' id='word_1_2' title='bbox 267 278 651 322; x_wconf 88' lang='lat' dir='ltr'><strong>COMMENTARII</strong></span> <span class='ocrx_word' id='word_1_3' title='bbox 680 279 738 319; x_wconf 91' lang='lat' dir='ltr'><strong>IN</strong></span> <span class='ocrx_word' id='word_1_4' title='bbox 765 274 989 318; x_wconf 87' lang='lat' dir='ltr'><strong>HORATII</strong></span> <span class='ocrx_word' id='word_1_5' title='bbox 1016 274 1115 315; x_wconf 89' lang='lat' dir='ltr'><strong>LIB.</strong></span> <span class='ocrx_word' id='word_1_6' title='bbox 1134 275 1164 315; x_wconf 92' lang='grc' dir='ltr'><strong>Ι.</strong></span> <span class='ocrx_word' id='word_1_7' title='bbox 1182 266 1349 314; x_wconf 90' lang='lat' dir='ltr'><strong>EPIST.</strong></span> <span class='ocrx_word' id='word_1_8' title='bbox 1371 272 1524 312; x_wconf 90' lang='lat' dir='ltr'><strong>SEXT.</strong></span> <span class='ocrx_word' id='word_1_9' title='bbox 1593 270 1678 313; x_wconf 86' lang='lat'><strong>305</strong></span> 
     </span>
    </p>
   </div>
   <div class='ocr_carea' id='block_1_2' title="bbox 119 398 1711 2979">
    <p class='ocr_par' dir='ltr' id='par_1_2' title="bbox 119 398 1711 1684">
     <span class='ocr_line' id='line_1_2' title="bbox 124 398 1676 460; baseline -0.007 -14"><span class='ocrx_word' id='word_1_10' title='bbox 124 409 331 460; x_wconf 83' lang='lat' dir='ltr'><strong>appetant,</strong></span> <span class='ocrx_word' id='word_1_11' title='bbox 361 406 523 444; x_wconf 88' lang='lat' dir='ltr'><strong>alterum</strong></span> <span class='ocrx_word' id='word_1_12' title='bbox 551 419 701 455; x_wconf 87' lang='lat' dir='ltr'><strong>eorum,</strong></span> <span class='ocrx_word' id='word_1_13' title='bbox 730 404 793 455; x_wconf 89' lang='lat' dir='ltr'><strong>qui</strong></span> <span class='ocrx_word' id='word_1_14' title='bbox 818 406 1083 456; x_wconf 86' lang='lat' dir='ltr'><strong>paupertatem</strong></span> <span class='ocrx_word' id='word_1_15' title='bbox 1111 404 1182 439; x_wconf 79' lang='lat' dir='ltr'><strong>etc.</strong></span> <span class='ocrx_word' id='word_1_16' title='bbox 1213 400 1313 438; x_wconf 89' lang='lat' dir='ltr'><strong>omni</strong></span> <span class='ocrx_word' id='word_1_17' title='bbox 1345 398 1470 437; x_wconf 91' lang='lat' dir='ltr'><strong>studio</strong></span> <span class='ocrx_word' id='word_1_18' title='bbox 1495 398 1676 448; x_wconf 84' lang='lat' dir='ltr'><strong>devitent]</strong></span> 
     </span>
     <span class='ocr_line' id='line_1_3' title="bbox 125 464 1678 525; baseline -0.006 -11"><span class='ocrx_word' id='word_1_19' title='bbox 125 477 268 514; x_wconf 71' lang='lat' dir='ltr'><strong>timens</strong></span> <span class='ocrx_word' id='word_1_20' title='bbox 298 476 380 513; x_wconf 87' lang='lat' dir='ltr'><strong>fere</strong></span> <span class='ocrx_word' id='word_1_21' title='bbox 413 487 534 525; x_wconf 89' lang='lat' dir='ltr'><strong>aeque</strong></span> <span class='ocrx_word' id='word_1_22' title='bbox 563 473 806 525; x_wconf 88' lang='lat' dir='ltr'><strong>perturbatur</strong></span> <span class='ocrx_word' id='word_1_23' title='bbox 833 485 879 509; x_wconf 90' lang='lat' dir='ltr'><strong>ac</strong></span> <span class='ocrx_word' id='word_1_24' title='bbox 907 472 1070 522; x_wconf 82' lang='lat' dir='ltr'><strong>cupiens</strong></span> <span class='ocrx_word' id='word_1_25' title='bbox 1105 467 1208 520; x_wconf 88' lang='lat' dir='ltr'><strong>(Cic.</strong></span> <span class='ocrx_word' id='word_1_26' title='bbox 1239 466 1359 505; x_wconf 89' lang='lat' dir='ltr'><strong>Tusc.</strong></span> <span class='ocrx_word' id='word_1_27' title='bbox 1389 464 1438 517; x_wconf 84' lang='grc'>4,</span> <span class='ocrx_word' id='word_1_28' title='bbox 1467 468 1544 516; x_wconf 88' lang='grc'>28,</span> <span class='ocrx_word' id='word_1_29' title='bbox 1574 466 1678 518; x_wconf 85' lang='grc'>61.),</span> 
     </span>
     <span class='ocr_line' id='line_1_4' title="bbox 123 535 1678 591; baseline -0.006 -9"><span class='ocrx_word' id='word_1_30' title='bbox 123 543 222 583; x_wconf 81' lang='lat' dir='ltr'><strong>alter</strong></span> <span class='ocrx_word' id='word_1_31' title='bbox 246 547 351 582; x_wconf 86' lang='lat' dir='ltr'><strong>metu</strong></span> <span class='ocrx_word' id='word_1_32' title='bbox 376 542 464 580; x_wconf 88' lang='lat' dir='ltr'><strong>mali</strong></span> <span class='ocrx_word' id='word_1_33' title='bbox 503 542 713 591; x_wconf 86' lang='lat' dir='ltr'><strong>venientis,</strong></span> <span class='ocrx_word' id='word_1_34' title='bbox 760 539 857 578; x_wconf 90' lang='lat' dir='ltr'><strong>alter</strong></span> <span class='ocrx_word' id='word_1_35' title='bbox 892 540 1081 578; x_wconf 88' lang='lat' dir='ltr'><strong>desiderio</strong></span> <span class='ocrx_word' id='word_1_36' title='bbox 1121 536 1212 574; x_wconf 89' lang='lat' dir='ltr'><strong>boni</strong></span> <span class='ocrx_word' id='word_1_37' title='bbox 1251 535 1432 575; x_wconf 82' lang='lat' dir='ltr'><strong>absentis.</strong></span> <span class='ocrx_word' id='word_1_38' title='bbox 1492 535 1678 573; x_wconf 82' lang='lat' dir='ltr'><strong>Particula</strong></span> 
     </span>
     <span class='ocr_line' id='line_1_5' title="bbox 121 603 1677 662; baseline -0.005 -13"><span class='ocrx_word' id='word_1_39' title='bbox 121 614 249 649; x_wconf 75' lang='lat' dir='ltr'><strong>autem</strong></span> <span class='ocrx_word' id='word_1_40' title='bbox 277 611 367 662; x_wconf 87' lang='lat' dir='ltr'><strong>fere</strong></span> <span class='ocrx_word' id='word_1_41' title='bbox 402 610 630 648; x_wconf 85' lang='lat' dir='ltr'><strong>sententiam</strong></span> <span class='ocrx_word' id='word_1_42' title='bbox 669 610 717 648; x_wconf 88' lang='lat' dir='ltr'><strong>ad</strong></span> <span class='ocrx_word' id='word_1_43' title='bbox 757 609 797 646; x_wconf 90' lang='lat' dir='ltr'><strong>id</strong></span> <span class='ocrx_word' id='word_1_44' title='bbox 834 608 985 657; x_wconf 76' lang='lat' dir='ltr'><strong>dilatat,</strong></span> <span class='ocrx_word' id='word_1_45' title='bbox 1027 606 1129 658; x_wconf 89' lang='lat' dir='ltr'><strong>quod</strong></span> <span class='ocrx_word' id='word_1_46' title='bbox 1168 604 1249 643; x_wconf 82' lang='lat' dir='ltr'><strong>fieri</strong></span> <span class='ocrx_word' id='word_1_47' title='bbox 1281 603 1406 653; x_wconf 87' lang='lat' dir='ltr'><strong>solet,</strong></span> <span class='ocrx_word' id='word_1_48' title='bbox 1450 604 1523 643; x_wconf 89' lang='lat' dir='ltr'><strong>vid.</strong></span> <span class='ocrx_word' id='word_1_49' title='bbox 1551 605 1677 643; x_wconf 88' lang='lat' dir='ltr'><strong>Hand.</strong></span> 
     </span>
     <span class='ocr_line' id='line_1_6' title="bbox 123 669 1678 729; baseline -0.003 -13"><span class='ocrx_word' id='word_1_50' title='bbox 123 675 242 716; x_wconf 88' lang='lat' dir='ltr'><strong>Turs.</strong></span> <span class='ocrx_word' id='word_1_51' title='bbox 266 677 314 715; x_wconf 94' lang='lat' dir='ltr'><strong>II.</strong></span> <span class='ocrx_word' id='word_1_52' title='bbox 345 691 383 729; x_wconf 89' lang='lat' dir='ltr'><strong>p.</strong></span> <span class='ocrx_word' id='word_1_53' title='bbox 411 675 508 717; x_wconf 85' lang='lat'><strong>694.</strong></span> <span class='ocrx_word' id='word_1_54' title='bbox 567 677 721 718; x_wconf 84' lang='lat' dir='ltr'><strong>Ruhnk.</strong></span> <span class='ocrx_word' id='word_1_55' title='bbox 747 677 796 715; x_wconf 92' lang='lat' dir='ltr'><strong>ad</strong></span> <span class='ocrx_word' id='word_1_56' title='bbox 833 676 946 714; x_wconf 85' lang='lat' dir='ltr'><strong>Ovid.</strong></span> <span class='ocrx_word' id='word_1_57' title='bbox 985 674 1142 713; x_wconf 88' lang='lat' dir='ltr'><strong>Heroid.</strong></span> <span class='ocrx_word' id='word_1_58' title='bbox 1175 672 1254 722; x_wconf 83' lang='lat'><strong>19,</strong></span> <span class='ocrx_word' id='word_1_59' title='bbox 1284 669 1353 712; x_wconf 83' lang='lat'><strong>45.</strong></span> <span class='ocrx_word' id='word_1_60' title='bbox 1392 676 1431 710; x_wconf 88' lang='lat' dir='ltr'><strong>et</strong></span> <span class='ocrx_word' id='word_1_61' title='bbox 1468 672 1600 711; x_wconf 89' lang='lat' dir='ltr'><strong>Klotz.</strong></span> <span class='ocrx_word' id='word_1_62' title='bbox 1631 673 1678 711; x_wconf 85' lang='lat' dir='ltr'><strong>ad</strong></span> 
     </span>
     <span class='ocr_line' id='line_1_7' title="bbox 123 739 1680 795; baseline -0.002 -13"><span class='ocrx_word' id='word_1_63' title='bbox 123 743 205 782; x_wconf 79' lang='lat' dir='ltr'><strong>cie.</strong></span> <span class='ocrx_word' id='word_1_64' title='bbox 236 743 355 783; x_wconf 88' lang='lat' dir='ltr'><strong>Tusc.</strong></span> <span class='ocrx_word' id='word_1_65' title='bbox 386 745 428 795; x_wconf 86' lang='lat'><strong>5,</strong></span> <span class='ocrx_word' id='word_1_66' title='bbox 460 745 531 795; x_wconf 83' lang='lat'><strong>30,</strong></span> <span class='ocrx_word' id='word_1_67' title='bbox 557 745 624 786; x_wconf 87' lang='grc'><strong>85.</strong></span> <span class='ocrx_word' id='word_1_68' title='bbox 681 746 740 784; x_wconf 85' lang='lat' dir='ltr'><strong>Ex</strong></span> <span class='ocrx_word' id='word_1_69' title='bbox 766 748 892 784; x_wconf 88' lang='lat' dir='ltr'><strong>mente</strong></span> <span class='ocrx_word' id='word_1_70' title='bbox 922 747 1047 782; x_wconf 88' lang='lat' dir='ltr'><strong>autem</strong></span> <span class='ocrx_word' id='word_1_71' title='bbox 1074 742 1266 793; x_wconf 78' lang='lat' dir='ltr'><strong>Koenigii</strong></span> <span class='ocrx_word' id='word_1_72' title='bbox 1301 740 1533 790; x_wconf 90' lang='lat' dir='ltr'><strong>aliorumque</strong></span> <span class='ocrx_word' id='word_1_73' title='bbox 1559 739 1680 779; x_wconf 84' lang='lat' dir='ltr'><strong>Poeta</strong></span> 
     </span>
     <span class='ocr_line' id='line_1_8' title="bbox 121 811 1679 865; baseline -0.002 -15"><span class='ocrx_word' id='word_1_74' title='bbox 121 811 288 862; x_wconf 83' lang='lat' dir='ltr'><strong>indicat,</strong></span> <span class='ocrx_word' id='word_1_75' title='bbox 324 826 399 863; x_wconf 84' lang='lat' dir='ltr'><strong>„se</strong></span> <span class='ocrx_word' id='word_1_76' title='bbox 426 814 618 865; x_wconf 85' lang='lat' dir='ltr'><strong>vulgarem</strong></span> <span class='ocrx_word' id='word_1_77' title='bbox 646 814 752 853; x_wconf 88' lang='lat' dir='ltr'><strong>verbi</strong></span> <span class='ocrx_word' id='word_1_78' title='bbox 779 811 959 850; x_wconf 83' lang='lat' dir='ltr'><strong>mirandi</strong></span> <span class='ocrx_word' id='word_1_79' title='bbox 985 811 1294 849; x_wconf 87' lang='lat' dir='ltr'><strong>consuetudinem</strong></span> <span class='ocrx_word' id='word_1_80' title='bbox 1321 821 1400 846; x_wconf 92' lang='lat' dir='ltr'><strong>non</strong></span> <span class='ocrx_word' id='word_1_81' title='bbox 1429 821 1516 846; x_wconf 87' lang='lat' dir='ltr'><strong>esse</strong></span> <span class='ocrx_word' id='word_1_82' title='bbox 1543 821 1679 847; x_wconf 88' lang='lat' dir='ltr'><strong>conse-</strong></span> 
     </span>
     <span class='ocr_line' id='line_1_9' title="bbox 124 876 1711 930; baseline -0.002 -12"><span class='ocrx_word' id='word_1_83' title='bbox 124 883 251 919; x_wconf 82' lang='lat' dir='ltr'><strong>cutum</strong></span> <span class='ocrx_word' id='word_1_84' title='bbox 280 883 320 919; x_wconf 85' lang='lat' dir='ltr'><strong>et</strong></span> <span class='ocrx_word' id='word_1_85' title='bbox 347 881 526 921; x_wconf 85' lang='lat' dir='ltr'><strong>effectum</strong></span> <span class='ocrx_word' id='word_1_86' title='bbox 552 895 785 921; x_wconf 86' lang='lat' dir='ltr'><strong>communem</strong></span> <span class='ocrx_word' id='word_1_87' title='bbox 806 885 953 921; x_wconf 88' lang='lat' dir='ltr'><strong>tantum</strong></span> <span class='ocrx_word' id='word_1_88' title='bbox 969 879 1212 930; x_wconf 80' lang='lat' dir='ltr'><strong>spectasse.“</strong></span> <span class='ocrx_word' id='word_1_89' title='bbox 1266 877 1327 916; x_wconf 91' lang='lat' dir='ltr'><strong>De</strong></span> <span class='ocrx_word' id='word_1_90' title='bbox 1347 876 1464 914; x_wconf 86' lang='lat' dir='ltr'><strong>verbo</strong></span> <span class='ocrx_word' id='word_1_91' title='bbox 1485 876 1681 923; x_wconf 76' lang='lat' dir='ltr'><strong>mirandi,</strong></span> <span class='ocrx_word' id='word_1_92' title='bbox 1706 922 1711 927; x_wconf 30' lang='grc' dir='ltr'>ι</span> 
     </span>
     <span class='ocr_line' id='line_1_10' title="bbox 122 945 1682 1002; baseline -0.004 -15"><span class='ocrx_word' id='word_1_93' title='bbox 122 949 163 987; x_wconf 84' lang='lat' dir='ltr'><strong>in</strong></span> <span class='ocrx_word' id='word_1_94' title='bbox 198 963 274 1000; x_wconf 92' lang='lat' dir='ltr'><strong>quo</strong></span> <span class='ocrx_word' id='word_1_95' title='bbox 302 949 503 988; x_wconf 87' lang='lat' dir='ltr'><strong>Horatium</strong></span> <span class='ocrx_word' id='word_1_96' title='bbox 527 951 660 989; x_wconf 89' lang='lat' dir='ltr'><strong>ludere</strong></span> <span class='ocrx_word' id='word_1_97' title='bbox 685 953 725 989; x_wconf 88' lang='lat' dir='ltr'><strong>in</strong></span> <span class='ocrx_word' id='word_1_98' title='bbox 752 955 933 1002; x_wconf 91' lang='lat' dir='ltr'><strong>promptu</strong></span> <span class='ocrx_word' id='word_1_99' title='bbox 963 952 1037 997; x_wconf 91' lang='lat' dir='ltr'><strong>est,</strong></span> <span class='ocrx_word' id='word_1_100' title='bbox 1066 948 1223 986; x_wconf 83' lang='lat' dir='ltr'><strong>laudant</strong></span> <span class='ocrx_word' id='word_1_101' title='bbox 1247 945 1392 984; x_wconf 85' lang='lat' dir='ltr'><strong>Lucan.</strong></span> <span class='ocrx_word' id='word_1_102' title='bbox 1410 947 1450 994; x_wconf 83' lang='lat'><strong>2,</strong></span> <span class='ocrx_word' id='word_1_103' title='bbox 1481 945 1546 987; x_wconf 86' lang='lat'><strong>28.</strong></span> <span class='ocrx_word' id='word_1_104' title='bbox 1596 947 1682 985; x_wconf 84' lang='lat' dir='ltr'><strong>Nec</strong></span> 
     </span>
     <span class='ocr_line' id='line_1_11' title="bbox 123 1015 1682 1066; baseline -0.002 -11"><span class='ocrx_word' id='word_1_105' title='bbox 123 1017 224 1055; x_wconf 79' lang='lat' dir='ltr'><strong>dum</strong></span> <span class='ocrx_word' id='word_1_106' title='bbox 254 1024 314 1055; x_wconf 85' lang='lat' dir='ltr'><strong>est</strong></span> <span class='ocrx_word' id='word_1_107' title='bbox 336 1017 407 1055; x_wconf 81' lang='lat' dir='ltr'><strong>ille</strong></span> <span class='ocrx_word' id='word_1_108' title='bbox 426 1018 557 1064; x_wconf 85' lang='lat' dir='ltr'><strong>dolor,</strong></span> <span class='ocrx_word' id='word_1_109' title='bbox 581 1018 655 1056; x_wconf 82' lang='lat' dir='ltr'><strong>sed.</strong></span> <span class='ocrx_word' id='word_1_110' title='bbox 668 1020 766 1066; x_wconf 87' lang='lat' dir='ltr'><strong>jam</strong></span> <span class='ocrx_word' id='word_1_111' title='bbox 785 1017 902 1055; x_wconf 84' lang='lat' dir='ltr'><strong>dolus</strong></span> <span class='ocrx_word' id='word_1_112' title='bbox 910 1033 927 1065; x_wconf 85' lang='lat'><strong>,·</strong></span> <span class='ocrx_word' id='word_1_113' title='bbox 957 1015 1125 1054; x_wconf 84' lang='lat' dir='ltr'><strong>incubat</strong></span> <span class='ocrx_word' id='word_1_114' title='bbox 1150 1028 1289 1052; x_wconf 86' lang='lat' dir='ltr'><strong>amens</strong></span> <span class='ocrx_word' id='word_1_115' title='bbox 1311 1015 1571 1065; x_wconf 68' lang='lat' dir='ltr'><strong>Ilffiraturque</strong></span> <span class='ocrx_word' id='word_1_116' title='bbox 1589 1028 1682 1052; x_wconf 88' lang='lat' dir='ltr'><strong>ma·-</strong></span> 
     </span>
     <span class='ocr_line' id='line_1_12' title="bbox 124 1081 1683 1134; baseline -0.001 -11"><span class='ocrx_word' id='word_1_117' title='bbox 124 1084 223 1124; x_wconf 75' lang='lat' dir='ltr'><strong>lam.</strong></span> <span class='ocrx_word' id='word_1_118' title='bbox 281 1085 326 1124; x_wconf 89' lang='lat' dir='ltr'><strong>In</strong></span> <span class='ocrx_word' id='word_1_119' title='bbox 365 1087 595 1124; x_wconf 85' lang='lat' dir='ltr'><strong>sententiam</strong></span> <span class='ocrx_word' id='word_1_120' title='bbox 624 1087 727 1126; x_wconf 90' lang='lat' dir='ltr'><strong>conf.</strong></span> <span class='ocrx_word' id='word_1_121' title='bbox 784 1086 870 1124; x_wconf 84' lang='lat' dir='ltr'><strong>JuV.</strong></span> <span class='ocrx_word' id='word_1_122' title='bbox 902 1084 978 1134; x_wconf 89' lang='grc'><strong>10,</strong></span> <span class='ocrx_word' id='word_1_123' title='bbox 1005 1081 1045 1124; x_wconf 83' lang='grc'><strong>4.</strong></span> <span class='ocrx_word' id='word_1_124' title='bbox 1110 1083 1223 1134; x_wconf 80' lang='lat' dir='ltr'><strong>Quid</strong></span> <span class='ocrx_word' id='word_1_125' title='bbox 1249 1083 1353 1120; x_wconf 83' lang='lat' dir='ltr'><strong>enim</strong></span> <span class='ocrx_word' id='word_1_126' title='bbox 1383 1083 1538 1119; x_wconf 82' lang='lat' dir='ltr'><strong>ratione</strong></span> <span class='ocrx_word' id='word_1_127' title='bbox 1566 1085 1683 1120; x_wconf 85' lang='lat' dir='ltr'><strong>time-</strong></span> 
     </span>
     <span class='ocr_line' id='line_1_13' title="bbox 123 1151 1681 1206; baseline -0.002 -14"><span class='ocrx_word' id='word_1_128' title='bbox 123 1167 215 1192; x_wconf 80' lang='lat' dir='ltr'><strong>mus</strong></span> <span class='ocrx_word' id='word_1_129' title='bbox 242 1153 336 1192; x_wconf 78' lang='lat' dir='ltr'><strong>Aut</strong></span> <span class='ocrx_word' id='word_1_130' title='bbox 374 1155 590 1206; x_wconf 79' lang='lat' dir='ltr'><strong>cupimus?</strong></span> <span class='ocrx_word' id='word_1_131' title='bbox 632 1156 769 1194; x_wconf 86' lang='lat' dir='ltr'><strong>Senec.</strong></span> <span class='ocrx_word' id='word_1_132' title='bbox 792 1155 915 1206; x_wconf 86' lang='lat' dir='ltr'><strong>Epist.</strong></span> <span class='ocrx_word' id='word_1_133' title='bbox 944 1153 1037 1196; x_wconf 86' lang='lat'><strong>123:</strong></span> <span class='ocrx_word' id='word_1_134' title='bbox 1104 1151 1223 1202; x_wconf 81' lang='lat' dir='ltr'><strong>Quod</strong></span> <span class='ocrx_word' id='word_1_135' title='bbox 1260 1152 1420 1203; x_wconf 79' lang='lat' dir='ltr'><strong>assequi</strong></span> <span class='ocrx_word' id='word_1_136' title='bbox 1445 1153 1681 1202; x_wconf 77' lang='lat' dir='ltr'><strong>poterimus,</strong></span> 
     </span>
     <span class='ocr_line' id='line_1_14' title="bbox 123 1221 1684 1276; baseline -0.001 -16"><span class='ocrx_word' id='word_1_137' title='bbox 123 1223 163 1260; x_wconf 85' lang='lat' dir='ltr'><strong>si</strong></span> <span class='ocrx_word' id='word_1_138' title='bbox 180 1223 399 1275; x_wconf 84' lang='lat' dir='ltr'><strong>fecerimus</strong></span> <span class='ocrx_word' id='word_1_139' title='bbox 427 1223 508 1261; x_wconf 88' lang='lat' dir='ltr'><strong>duo</strong></span> <span class='ocrx_word' id='word_1_140' title='bbox 528 1237 609 1261; x_wconf 82' lang='lat' dir='ltr'><strong>esse</strong></span> <span class='ocrx_word' id='word_1_141' title='bbox 630 1237 782 1276; x_wconf 79' lang='lat' dir='ltr'><strong>genera</strong></span> <span class='ocrx_word' id='word_1_142' title='bbox 806 1237 960 1268; x_wconf 84' lang='lat' dir='ltr'><strong>rerum,</strong></span> <span class='ocrx_word' id='word_1_143' title='bbox 987 1234 1091 1273; x_wconf 81' lang='lat' dir='ltr'><strong>quae</strong></span> <span class='ocrx_word' id='word_1_144' title='bbox 1120 1233 1192 1257; x_wconf 89' lang='lat' dir='ltr'><strong>nos</strong></span> <span class='ocrx_word' id='word_1_145' title='bbox 1215 1227 1289 1256; x_wconf 84' lang='lat' dir='ltr'><strong>aut</strong></span> <span class='ocrx_word' id='word_1_146' title='bbox 1319 1221 1487 1257; x_wconf 64' lang='lat' dir='ltr'><strong>invitent</strong></span> <span class='ocrx_word' id='word_1_147' title='bbox 1511 1227 1586 1257; x_wconf 87' lang='lat' dir='ltr'><strong>aut</strong></span> <span class='ocrx_word' id='word_1_148' title='bbox 1600 1221 1684 1272; x_wconf 86' lang='lat' dir='ltr'><strong>su-</strong></span> 
     </span>
     <span class='ocr_line' id='line_1_15' title="bbox 119 1288 1684 1344; baseline -0.002 -15"><span class='ocrx_word' id='word_1_149' title='bbox 119 1298 235 1344; x_wconf 82' lang='lat' dir='ltr'><strong>gent.</strong></span> <span class='ocrx_word' id='word_1_150' title='bbox 293 1292 491 1340; x_wconf 74' lang='lat' dir='ltr'><strong>Invitent,</strong></span> <span class='ocrx_word' id='word_1_151' title='bbox 537 1299 584 1329; x_wconf 83' lang='lat' dir='ltr'><strong>ut</strong></span> <span class='ocrx_word' id='word_1_152' title='bbox 605 1293 796 1338; x_wconf 78' lang='lat' dir='ltr'><strong>divitiae,</strong></span> <span class='ocrx_word' id='word_1_153' title='bbox 834 1291 1080 1342; x_wconf 78' lang='lat' dir='ltr'><strong>voluptates,</strong></span> <span class='ocrx_word' id='word_1_154' title='bbox 1107 1289 1253 1340; x_wconf 82' lang='lat' dir='ltr'><strong>sorma</strong></span> <span class='ocrx_word' id='word_1_155' title='bbox 1266 1316 1281 1334; x_wconf 88' lang='grc'>,</span> <span class='ocrx_word' id='word_1_156' title='bbox 1321 1288 1516 1334; x_wconf 84' lang='lat' dir='ltr'><strong>ambitio,</strong></span> <span class='ocrx_word' id='word_1_157' title='bbox 1555 1297 1684 1326; x_wconf 83' lang='lat' dir='ltr'><strong>cetera</strong></span> 
     </span>
     <span class='ocr_line' id='line_1_16' title="bbox 126 1355 1684 1413; baseline -0.001 -16"><span class='ocrx_word' id='word_1_158' title='bbox 126 1359 281 1398; x_wconf 85' lang='lat' dir='ltr'><strong>blanda</strong></span> <span class='ocrx_word' id='word_1_159' title='bbox 309 1367 348 1397; x_wconf 87' lang='lat' dir='ltr'><strong>et</strong></span> <span class='ocrx_word' id='word_1_160' title='bbox 372 1360 609 1398; x_wconf 79' lang='lat' dir='ltr'><strong>arridentia.</strong></span> <span class='ocrx_word' id='word_1_161' title='bbox 649 1361 831 1413; x_wconf 64' lang='lat' dir='ltr'><strong>.I*‘icgent</strong></span> <span class='ocrx_word' id='word_1_162' title='bbox 842 1388 859 1406; x_wconf 82' lang='lat'>,</span> <span class='ocrx_word' id='word_1_163' title='bbox 899 1358 1042 1405; x_wconf 82' lang='lat' dir='ltr'><strong>labor,</strong></span> <span class='ocrx_word' id='word_1_164' title='bbox 1083 1371 1216 1403; x_wconf 81' lang='lat' dir='ltr'><strong>mors,</strong></span> <span class='ocrx_word' id='word_1_165' title='bbox 1256 1355 1397 1404; x_wconf 77' lang='lat' dir='ltr'><strong>dolor,</strong></span> <span class='ocrx_word' id='word_1_166' title='bbox 1439 1360 1684 1409; x_wconf 78' lang='lat' dir='ltr'><strong>ignominia,</strong></span> 
     </span>
     <span class='ocr_line' id='line_1_17' title="bbox 124 1425 1683 1480; baseline -0.002 -13"><span class='ocrx_word' id='word_1_167' title='bbox 124 1429 256 1467; x_wconf 72' lang='lat' dir='ltr'><strong>victas</strong></span> <span class='ocrx_word' id='word_1_168' title='bbox 281 1429 493 1466; x_wconf 80' lang='lat' dir='ltr'><strong>astrictior.</strong></span> <span class='ocrx_word' id='word_1_169' title='bbox 553 1427 749 1466; x_wconf 83' lang='lat' dir='ltr'><strong>Debemus</strong></span> <span class='ocrx_word' id='word_1_170' title='bbox 776 1430 911 1480; x_wconf 87' lang='lat' dir='ltr'><strong>itaque</strong></span> <span class='ocrx_word' id='word_1_171' title='bbox 940 1428 1134 1472; x_wconf 84' lang='lat' dir='ltr'><strong>exerceri,</strong></span> <span class='ocrx_word' id='word_1_172' title='bbox 1172 1439 1221 1463; x_wconf 87' lang='lat' dir='ltr'><strong>ne</strong></span> <span class='ocrx_word' id='word_1_173' title='bbox 1246 1425 1346 1462; x_wconf 81' lang='lat' dir='ltr'><strong>haec</strong></span> <span class='ocrx_word' id='word_1_174' title='bbox 1374 1428 1603 1473; x_wconf 81' lang='lat' dir='ltr'><strong>timeamus,</strong></span> <span class='ocrx_word' id='word_1_175' title='bbox 1633 1440 1683 1464; x_wconf 85' lang='lat' dir='ltr'><strong>ne</strong></span> 
     </span>
     <span class='ocr_line' id='line_1_18' title="bbox 125 1493 1687 1548; baseline -0.002 -14"><span class='ocrx_word' id='word_1_176' title='bbox 125 1497 203 1535; x_wconf 83' lang='lat' dir='ltr'><strong>illa</strong></span> <span class='ocrx_word' id='word_1_177' title='bbox 232 1498 455 1548; x_wconf 82' lang='lat' dir='ltr'><strong>cupiamus.</strong></span> <span class='ocrx_word' id='word_1_178' title='bbox 512 1496 570 1534; x_wconf 91' lang='lat' dir='ltr'><strong>Id.</strong></span> <span class='ocrx_word' id='word_1_179' title='bbox 593 1497 716 1548; x_wconf 87' lang='lat' dir='ltr'><strong>Epist.</strong></span> <span class='ocrx_word' id='word_1_180' title='bbox 740 1497 835 1538; x_wconf 85' lang='lat'><strong>110.</strong></span> <span class='ocrx_word' id='word_1_181' title='bbox 863 1497 901 1533; x_wconf 84' lang='lat' dir='ltr'><strong>si</strong></span> <span class='ocrx_word' id='word_1_182' title='bbox 931 1497 1058 1547; x_wconf 75' lang='lat' dir='ltr'><strong>sapis,</strong></span> <span class='ocrx_word' id='word_1_183' title='bbox 1086 1496 1222 1534; x_wconf 86' lang='lat' dir='ltr'><strong>omnia</strong></span> <span class='ocrx_word' id='word_1_184' title='bbox 1250 1493 1432 1532; x_wconf 78' lang='lat' dir='ltr'><strong>humana</strong></span> <span class='ocrx_word' id='word_1_185' title='bbox 1462 1495 1687 1532; x_wconf 84' lang='lat' dir='ltr'><strong>conditione</strong></span> 
     </span>
     <span class='ocr_line' id='line_1_19' title="bbox 125 1561 1684 1618; baseline -0.001 -15"><span class='ocrx_word' id='word_1_186' title='bbox 125 1567 284 1603; x_wconf 78' lang='lat' dir='ltr'><strong>metire.-</strong></span> <span class='ocrx_word' id='word_1_187' title='bbox 324 1566 451 1603; x_wconf 83' lang='lat' dir='ltr'><strong>simul</strong></span> <span class='ocrx_word' id='word_1_188' title='bbox 475 1573 512 1602; x_wconf 84' lang='lat' dir='ltr'><strong>et</strong></span> <span class='ocrx_word' id='word_1_189' title='bbox 536 1565 646 1618; x_wconf 81' lang='lat' dir='ltr'><strong>quod</strong></span> <span class='ocrx_word' id='word_1_190' title='bbox 668 1565 828 1617; x_wconf 80' lang='lat' dir='ltr'><strong>gaudes</strong></span> <span class='ocrx_word' id='word_1_191' title='bbox 853 1572 891 1602; x_wconf 87' lang='lat' dir='ltr'><strong>et</strong></span> <span class='ocrx_word' id='word_1_192' title='bbox 917 1565 1028 1618; x_wconf 84' lang='lat' dir='ltr'><strong>quod</strong></span> <span class='ocrx_word' id='word_1_193' title='bbox 1047 1565 1161 1602; x_wconf 85' lang='lat' dir='ltr'><strong>times</strong></span> <span class='ocrx_word' id='word_1_194' title='bbox 1191 1562 1393 1600; x_wconf 78' lang='lat' dir='ltr'><strong>contrahe.</strong></span> <span class='ocrx_word' id='word_1_195' title='bbox 1454 1561 1536 1599; x_wconf 91' lang='lat' dir='ltr'><strong>Cic.</strong></span> <span class='ocrx_word' id='word_1_196' title='bbox 1568 1563 1684 1602; x_wconf 86' lang='lat' dir='ltr'><strong>Offic.</strong></span> 
     </span>
     <span class='ocr_line' id='line_1_20' title="bbox 129 1634 386 1684; baseline -0.008 -8"><span class='ocrx_word' id='word_1_197' title='bbox 129 1635 176 1684; x_wconf 83' lang='lat'><strong>1,</strong></span> <span class='ocrx_word' id='word_1_198' title='bbox 208 1635 287 1684; x_wconf 85' lang='lat'><strong>20,</strong></span> <span class='ocrx_word' id='word_1_199' title='bbox 317 1634 386 1675; x_wconf 86' lang='lat'><strong>69.</strong></span> 
     </span>
    </p>

    <p class='ocr_par' dir='ltr' id='par_1_3' title="bbox 123 1698 1691 2979">
     <span class='ocr_line' id='line_1_21' title="bbox 239 1698 1687 1754; baseline -0.001 -14"><span class='ocrx_word' id='word_1_200' title='bbox 239 1701 284 1740; x_wconf 87' lang='lat' dir='ltr'><strong>V.</strong></span> <span class='ocrx_word' id='word_1_201' title='bbox 317 1701 384 1742; x_wconf 89' lang='lat'><strong>10.</strong></span> <span class='ocrx_word' id='word_1_202' title='bbox 416 1702 481 1742; x_wconf 89' lang='lat'><strong>11.</strong></span> <span class='ocrx_word' id='word_1_203' title='bbox 534 1709 973 1754; x_wconf 77' lang='lat' dir='ltr'><strong>pavor—utrumque.</strong></span> <span class='ocrx_word' id='word_1_204' title='bbox 1033 1700 1181 1740; x_wconf 91' lang='lat' dir='ltr'><strong>Locum</strong></span> <span class='ocrx_word' id='word_1_205' title='bbox 1207 1698 1307 1736; x_wconf 89' lang='lat' dir='ltr'><strong>haud</strong></span> <span class='ocrx_word' id='word_1_206' title='bbox 1338 1698 1528 1737; x_wconf 88' lang='lat' dir='ltr'><strong>difficilem</strong></span> <span class='ocrx_word' id='word_1_207' title='bbox 1567 1700 1687 1750; x_wconf 85' lang='lat' dir='ltr'><strong>expli-</strong></span> 
     </span>
     <span class='ocr_line' id='line_1_22' title="bbox 128 1767 1688 1822; baseline -0.004 -11"><span class='ocrx_word' id='word_1_208' title='bbox 128 1776 214 1811; x_wconf 82' lang='lat' dir='ltr'><strong>catu</strong></span> <span class='ocrx_word' id='word_1_209' title='bbox 240 1770 491 1810; x_wconf 85' lang='lat' dir='ltr'><strong>obscurarunt</strong></span> <span class='ocrx_word' id='word_1_210' title='bbox 521 1774 560 1808; x_wconf 88' lang='lat' dir='ltr'><strong>et</strong></span> <span class='ocrx_word' id='word_1_211' title='bbox 585 1771 829 1809; x_wconf 87' lang='lat' dir='ltr'><strong>distinctione</strong></span> <span class='ocrx_word' id='word_1_212' title='bbox 859 1775 899 1809; x_wconf 91' lang='lat' dir='ltr'><strong>et</strong></span> <span class='ocrx_word' id='word_1_213' title='bbox 920 1769 1235 1822; x_wconf 83' lang='lat' dir='ltr'><strong>interpretatione</strong></span> <span class='ocrx_word' id='word_1_214' title='bbox 1258 1768 1487 1817; x_wconf 84' lang='lat' dir='ltr'><strong>interpretes</strong></span> <span class='ocrx_word' id='word_1_215' title='bbox 1511 1768 1596 1818; x_wconf 88' lang='lat' dir='ltr'><strong>ipsi.</strong></span> <span class='ocrx_word' id='word_1_216' title='bbox 1636 1767 1688 1806; x_wconf 85' lang='lat' dir='ltr'><strong>At</strong></span> 
     </span>
     <span class='ocr_line' id='line_1_23' title="bbox 123 1834 1688 1893; baseline -0.001 -15"><span class='ocrx_word' id='word_1_217' title='bbox 123 1854 256 1893; x_wconf 80' lang='lat' dir='ltr'><strong>pavor</strong></span> <span class='ocrx_word' id='word_1_218' title='bbox 284 1836 489 1892; x_wconf 67' lang='grc' dir='ltr'>(θάμβος,</span> <span class='ocrx_word' id='word_1_219' title='bbox 519 1838 629 1877; x_wconf 90' lang='lat' dir='ltr'><strong>Pind.</strong></span> <span class='ocrx_word' id='word_1_220' title='bbox 658 1839 817 1878; x_wconf 91' lang='lat' dir='ltr'><strong>Nemes.</strong></span> <span class='ocrx_word' id='word_1_221' title='bbox 850 1842 897 1890; x_wconf 79' lang='lat'><strong>1,</strong></span> <span class='ocrx_word' id='word_1_222' title='bbox 930 1840 996 1881; x_wconf 87' lang='lat'><strong>85.</strong></span> <span class='ocrx_word' id='word_1_223' title='bbox 1026 1838 1085 1877; x_wconf 87' lang='lat' dir='ltr'><strong>vel</strong></span> <span class='ocrx_word' id='word_1_224' title='bbox 1116 1836 1324 1888; x_wconf 75' lang='grc' dir='ltr'>ἔκπληξις,</span> <span class='ocrx_word' id='word_1_225' title='bbox 1353 1834 1487 1885; x_wconf 87' lang='lat' dir='ltr'><strong>Polyb.</strong></span> <span class='ocrx_word' id='word_1_226' title='bbox 1518 1836 1569 1885; x_wconf 84' lang='lat'><strong>3,</strong></span> <span class='ocrx_word' id='word_1_227' title='bbox 1599 1836 1688 1886; x_wconf 85' lang='lat'><strong>81.)</strong></span> 
     </span>
     <span class='ocr_line' id='line_1_24' title="bbox 129 1904 1687 1959; baseline -0.004 -11"><span class='ocrx_word' id='word_1_228' title='bbox 129 1909 386 1948; x_wconf 85' lang='lat' dir='ltr'><strong>consternatio</strong></span> <span class='ocrx_word' id='word_1_229' title='bbox 425 1919 494 1945; x_wconf 87' lang='lat' dir='ltr'><strong>seu</strong></span> <span class='ocrx_word' id='word_1_230' title='bbox 528 1909 668 1945; x_wconf 89' lang='lat' dir='ltr'><strong>mentis</strong></span> <span class='ocrx_word' id='word_1_231' title='bbox 704 1909 882 1946; x_wconf 82' lang='lat' dir='ltr'><strong>alienatio</strong></span> <span class='ocrx_word' id='word_1_232' title='bbox 914 1923 981 1947; x_wconf 91' lang='lat' dir='ltr'><strong>seu</strong></span> <span class='ocrx_word' id='word_1_233' title='bbox 1008 1906 1245 1959; x_wconf 87' lang='lat' dir='ltr'><strong>perturbatio</strong></span> <span class='ocrx_word' id='word_1_234' title='bbox 1276 1904 1388 1942; x_wconf 83' lang='lat' dir='ltr'><strong>animi</strong></span> <span class='ocrx_word' id='word_1_235' title='bbox 1418 1918 1463 1942; x_wconf 88' lang='lat' dir='ltr'><strong>ex</strong></span> <span class='ocrx_word' id='word_1_236' title='bbox 1489 1918 1531 1942; x_wconf 85' lang='lat' dir='ltr'><strong>re</strong></span> <span class='ocrx_word' id='word_1_237' title='bbox 1560 1904 1687 1942; x_wconf 90' lang='lat' dir='ltr'><strong>subito</strong></span> 
     </span>
     <span class='ocr_line' id='line_1_25' title="bbox 129 1969 1689 2027; baseline -0.003 -12"><span class='ocrx_word' id='word_1_238' title='bbox 129 1977 259 2015; x_wconf 87' lang='lat' dir='ltr'><strong>oblata</strong></span> <span class='ocrx_word' id='word_1_239' title='bbox 283 1969 373 2014; x_wconf 71' lang='lat' dir='ltr'><strong>&#39;orta</strong></span> <span class='ocrx_word' id='word_1_240' title='bbox 406 1980 445 2013; x_wconf 87' lang='lat' dir='ltr'><strong>et</strong></span> <span class='ocrx_word' id='word_1_241' title='bbox 473 1976 513 2012; x_wconf 88' lang='lat' dir='ltr'><strong>in</strong></span> <span class='ocrx_word' id='word_1_242' title='bbox 554 1977 742 2027; x_wconf 86' lang='lat' dir='ltr'><strong>cupiendo</strong></span> <span class='ocrx_word' id='word_1_243' title='bbox 773 1982 812 2015; x_wconf 88' lang='lat' dir='ltr'><strong>et</strong></span> <span class='ocrx_word' id='word_1_244' title='bbox 840 1977 879 2014; x_wconf 87' lang='lat' dir='ltr'><strong>in</strong></span> <span class='ocrx_word' id='word_1_245' title='bbox 906 1976 1076 2014; x_wconf 89' lang='lat' dir='ltr'><strong>timendo</strong></span> <span class='ocrx_word' id='word_1_246' title='bbox 1107 1974 1294 2012; x_wconf 84' lang='lat' dir='ltr'><strong>molestus</strong></span> <span class='ocrx_word' id='word_1_247' title='bbox 1323 1974 1458 2011; x_wconf 89' lang='lat' dir='ltr'><strong>dicitur</strong></span> <span class='ocrx_word' id='word_1_248' title='bbox 1489 1975 1611 2023; x_wconf 84' lang='lat' dir='ltr'><strong>magis</strong></span> <span class='ocrx_word' id='word_1_249' title='bbox 1642 1986 1689 2010; x_wconf 83' lang='lat' dir='ltr'><strong>ex</strong></span> 
     </span>
     <span class='ocr_line' id='line_1_26' title="bbox 129 2041 1690 2094; baseline -0.004 -10"><span class='ocrx_word' id='word_1_250' title='bbox 129 2045 322 2084; x_wconf 84' lang='lat' dir='ltr'><strong>sententia</strong></span> <span class='ocrx_word' id='word_1_251' title='bbox 349 2043 565 2094; x_wconf 88' lang='lat' dir='ltr'><strong>philosophi</strong></span> <span class='ocrx_word' id='word_1_252' title='bbox 599 2043 720 2094; x_wconf 92' lang='lat' dir='ltr'><strong>(quod</strong></span> <span class='ocrx_word' id='word_1_253' title='bbox 749 2059 828 2083; x_wconf 89' lang='lat' dir='ltr'><strong>non</strong></span> <span class='ocrx_word' id='word_1_254' title='bbox 853 2045 950 2082; x_wconf 91' lang='lat' dir='ltr'><strong>male</strong></span> <span class='ocrx_word' id='word_1_255' title='bbox 981 2045 1133 2094; x_wconf 89' lang='lat' dir='ltr'><strong>conjicit</strong></span> <span class='ocrx_word' id='word_1_256' title='bbox 1160 2041 1375 2093; x_wconf 77' lang='lat' dir='ltr'><strong>Koenig.),</strong></span> <span class='ocrx_word' id='word_1_257' title='bbox 1416 2054 1528 2090; x_wconf 90' lang='lat' dir='ltr'><strong>quam</strong></span> <span class='ocrx_word' id='word_1_258' title='bbox 1557 2054 1690 2079; x_wconf 90' lang='lat' dir='ltr'><strong>eorum</strong></span> 
     </span>
     <span class='ocr_line' id='line_1_27' title="bbox 127 2109 1688 2166; baseline -0.005 -13"><span class='ocrx_word' id='word_1_259' title='bbox 127 2115 325 2166; x_wconf 84' lang='lat' dir='ltr'><strong>ipsorum,</strong></span> <span class='ocrx_word' id='word_1_260' title='bbox 355 2124 453 2161; x_wconf 89' lang='lat' dir='ltr'><strong>quos</strong></span> <span class='ocrx_word' id='word_1_261' title='bbox 483 2123 605 2162; x_wconf 85' lang='lat' dir='ltr'><strong>pavor</strong></span> <span class='ocrx_word' id='word_1_262' title='bbox 631 2113 797 2160; x_wconf 89' lang='lat' dir='ltr'><strong>incedit,</strong></span> <span class='ocrx_word' id='word_1_263' title='bbox 833 2112 986 2150; x_wconf 84' lang='lat' dir='ltr'><strong>simulac</strong></span> <span class='ocrx_word' id='word_1_264' title='bbox 1015 2113 1210 2162; x_wconf 85' lang='lat' dir='ltr'><strong>inopinata</strong></span> <span class='ocrx_word' id='word_1_265' title='bbox 1240 2111 1388 2161; x_wconf 89' lang='lat' dir='ltr'><strong>species</strong></span> <span class='ocrx_word' id='word_1_266' title='bbox 1419 2109 1478 2146; x_wconf 89' lang='lat' dir='ltr'><strong>vel</strong></span> <span class='ocrx_word' id='word_1_267' title='bbox 1508 2109 1599 2146; x_wconf 91' lang='lat' dir='ltr'><strong>boni</strong></span> <span class='ocrx_word' id='word_1_268' title='bbox 1629 2109 1688 2146; x_wconf 82' lang='lat' dir='ltr'><strong>vel</strong></span> 
     </span>
     <span class='ocr_line' id='line_1_28' title="bbox 128 2172 1684 2232; baseline -0.005 -11"><span class='ocrx_word' id='word_1_269' title='bbox 128 2182 217 2221; x_wconf 88' lang='lat' dir='ltr'><strong>mali</strong></span> <span class='ocrx_word' id='word_1_270' title='bbox 245 2179 461 2232; x_wconf 87' lang='lat' dir='ltr'><strong>praesentis</strong></span> <span class='ocrx_word' id='word_1_271' title='bbox 492 2179 651 2218; x_wconf 80' lang='lat' dir='ltr'><strong>alterum</strong></span> <span class='ocrx_word' id='word_1_272' title='bbox 680 2180 846 2229; x_wconf 87' lang='lat' dir='ltr'><strong>laetitia,</strong></span> <span class='ocrx_word' id='word_1_273' title='bbox 889 2179 1049 2218; x_wconf 88' lang='lat' dir='ltr'><strong>alterum</strong></span> <span class='ocrx_word' id='word_1_274' title='bbox 1079 2179 1213 2217; x_wconf 91' lang='lat' dir='ltr'><strong>dolore</strong></span> <span class='ocrx_word' id='word_1_275' title='bbox 1241 2178 1431 2230; x_wconf 82' lang='lat' dir='ltr'><strong>percutit,</strong></span> <span class='ocrx_word' id='word_1_276' title='bbox 1468 2172 1684 2227; x_wconf 80' lang='grc' dir='ltr'><strong>ἐκπλήττει.</strong></span> 
     </span>
     <span class='ocr_line' id='line_1_29' title="bbox 129 2244 1690 2297; baseline -0.006 -8"><span class='ocrx_word' id='word_1_277' title='bbox 129 2249 249 2289; x_wconf 88' lang='lat' dir='ltr'><strong>Paulo</strong></span> <span class='ocrx_word' id='word_1_278' title='bbox 279 2249 388 2287; x_wconf 87' lang='lat' dir='ltr'><strong>aliter</strong></span> <span class='ocrx_word' id='word_1_279' title='bbox 417 2247 515 2286; x_wconf 91' lang='lat' dir='ltr'><strong>hunc</strong></span> <span class='ocrx_word' id='word_1_280' title='bbox 542 2247 667 2286; x_wconf 91' lang='lat' dir='ltr'><strong>locum</strong></span> <span class='ocrx_word' id='word_1_281' title='bbox 696 2249 890 2287; x_wconf 88' lang='lat' dir='ltr'><strong>constituit</strong></span> <span class='ocrx_word' id='word_1_282' title='bbox 919 2248 989 2285; x_wconf 86' lang='lat' dir='ltr'><strong>Fr.</strong></span> <span class='ocrx_word' id='word_1_283' title='bbox 1020 2246 1178 2286; x_wconf 85' lang='lat' dir='ltr'><strong>Jacobs.</strong></span> <span class='ocrx_word' id='word_1_284' title='bbox 1214 2260 1252 2297; x_wconf 91' lang='lat' dir='ltr'><strong>p.</strong></span> <span class='ocrx_word' id='word_1_285' title='bbox 1287 2245 1396 2293; x_wconf 65' lang='lat'>155„</span> <span class='ocrx_word' id='word_1_286' title='bbox 1423 2244 1533 2281; x_wconf 83' lang='lat' dir='ltr'><strong>aliter</strong></span> <span class='ocrx_word' id='word_1_287' title='bbox 1562 2245 1690 2281; x_wconf 89' lang='lat' dir='ltr'><strong>Dori-</strong></span> 
     </span>
     <span class='ocr_line' id='line_1_30' title="bbox 127 2315 1688 2372; baseline -0.005 -15"><span class='ocrx_word' id='word_1_288' title='bbox 127 2318 291 2372; x_wconf 81' lang='lat' dir='ltr'><strong>ghell0,</strong></span> <span class='ocrx_word' id='word_1_289' title='bbox 343 2329 389 2355; x_wconf 81' lang='lat' dir='ltr'><strong>ex</strong></span> <span class='ocrx_word' id='word_1_290' title='bbox 431 2315 536 2366; x_wconf 91' lang='lat' dir='ltr'><strong>cujus</strong></span> <span class='ocrx_word' id='word_1_291' title='bbox 567 2317 757 2355; x_wconf 88' lang='lat' dir='ltr'><strong>sententia</strong></span> <span class='ocrx_word' id='word_1_292' title='bbox 797 2317 947 2368; x_wconf 90' lang='lat' dir='ltr'><strong>species</strong></span> <span class='ocrx_word' id='word_1_293' title='bbox 976 2329 1101 2354; x_wconf 90' lang='lat' dir='ltr'><strong>rerum</strong></span> <span class='ocrx_word' id='word_1_294' title='bbox 1131 2315 1442 2365; x_wconf 80' lang='lat' dir='ltr'><strong>obstupefaciunt</strong></span> <span class='ocrx_word' id='word_1_295' title='bbox 1471 2316 1688 2363; x_wconf 80' lang='lat' dir='ltr'><strong>utrumque,</strong></span> 
     </span>
     <span class='ocr_line' id='line_1_31' title="bbox 131 2381 1687 2439; baseline -0.005 -13"><span class='ocrx_word' id='word_1_296' title='bbox 131 2400 246 2439; x_wconf 85' lang='lat' dir='ltr'><strong>quum</strong></span> <span class='ocrx_word' id='word_1_297' title='bbox 270 2392 417 2438; x_wconf 80' lang='lat' dir='ltr'><strong>gratae</strong></span> <span class='ocrx_word' id='word_1_298' title='bbox 445 2382 526 2436; x_wconf 65' lang='grc' dir='ltr'><strong>(Ἣ)</strong></span> <span class='ocrx_word' id='word_1_299' title='bbox 555 2388 665 2430; x_wconf 82' lang='lat' dir='ltr'><strong>sunt3</strong></span> <span class='ocrx_word' id='word_1_300' title='bbox 704 2385 812 2422; x_wconf 80' lang='lat' dir='ltr'><strong>aliter</strong></span> <span class='ocrx_word' id='word_1_301' title='bbox 841 2385 1053 2421; x_wconf 80' lang='lat' dir='ltr'><strong>Piscator.-</strong></span> <span class='ocrx_word' id='word_1_302' title='bbox 1094 2386 1291 2421; x_wconf 87' lang='lat' dir='ltr'><strong>timentem</strong></span> <span class='ocrx_word' id='word_1_303' title='bbox 1320 2382 1496 2432; x_wconf 79' lang='lat' dir='ltr'><strong>quidem,</strong></span> <span class='ocrx_word' id='word_1_304' title='bbox 1527 2382 1559 2418; x_wconf 89' lang='lat' dir='ltr'><strong>si</strong></span> <span class='ocrx_word' id='word_1_305' title='bbox 1587 2381 1687 2419; x_wconf 88' lang='lat' dir='ltr'><strong>obti-</strong></span> 
     </span>
     <span class='ocr_line' id='line_1_32' title="bbox 131 2450 1690 2506; baseline -0.005 -12"><span class='ocrx_word' id='word_1_306' title='bbox 131 2457 261 2506; x_wconf 85' lang='lat' dir='ltr'><strong>gerint</strong></span> <span class='ocrx_word' id='word_1_307' title='bbox 287 2456 506 2505; x_wconf 85' lang='lat' dir='ltr'><strong>insperatae</strong></span> <span class='ocrx_word' id='word_1_308' title='bbox 533 2453 684 2491; x_wconf 89' lang='lat' dir='ltr'><strong>divitiae</strong></span> <span class='ocrx_word' id='word_1_309' title='bbox 714 2457 778 2491; x_wconf 92' lang='lat' dir='ltr'><strong>aut</strong></span> <span class='ocrx_word' id='word_1_310' title='bbox 807 2453 993 2490; x_wconf 89' lang='lat' dir='ltr'><strong>honores:</strong></span> <span class='ocrx_word' id='word_1_311' title='bbox 1034 2454 1247 2505; x_wconf 88' lang='lat' dir='ltr'><strong>cupientem</strong></span> <span class='ocrx_word' id='word_1_312' title='bbox 1276 2464 1389 2498; x_wconf 82' lang='lat' dir='ltr'><strong>vero,</strong></span> <span class='ocrx_word' id='word_1_313' title='bbox 1425 2450 1455 2486; x_wconf 89' lang='lat' dir='ltr'><strong>si</strong></span> <span class='ocrx_word' id='word_1_314' title='bbox 1484 2450 1690 2487; x_wconf 84' lang='lat' dir='ltr'><strong>acciderint</strong></span> 
     </span>
     <span class='ocr_line' id='line_1_33' title="bbox 131 2518 1690 2572; baseline -0.004 -12"><span class='ocrx_word' id='word_1_315' title='bbox 131 2522 208 2561; x_wconf 88' lang='lat' dir='ltr'><strong>illis</strong></span> <span class='ocrx_word' id='word_1_316' title='bbox 237 2523 419 2568; x_wconf 80' lang='lat' dir='ltr'><strong>adversa3</strong></span> <span class='ocrx_word' id='word_1_317' title='bbox 461 2520 569 2560; x_wconf 90' lang='lat' dir='ltr'><strong>aliter</strong></span> <span class='ocrx_word' id='word_1_318' title='bbox 598 2535 750 2572; x_wconf 90' lang='lat' dir='ltr'><strong>quoque</strong></span> <span class='ocrx_word' id='word_1_319' title='bbox 786 2520 1043 2571; x_wconf 80' lang='lat' dir='ltr'><strong>Groebelius‚</strong></span> <span class='ocrx_word' id='word_1_320' title='bbox 1089 2521 1147 2558; x_wconf 87' lang='lat' dir='ltr'><strong>cui</strong></span> <span class='ocrx_word' id='word_1_321' title='bbox 1176 2521 1325 2571; x_wconf 87' lang='lat' dir='ltr'><strong>species</strong></span> <span class='ocrx_word' id='word_1_322' title='bbox 1357 2518 1514 2566; x_wconf 83' lang='lat' dir='ltr'><strong>dicitur,</strong></span> <span class='ocrx_word' id='word_1_323' title='bbox 1560 2530 1690 2568; x_wconf 87' lang='lat' dir='ltr'><strong>„quae</strong></span> 
     </span>
     <span class='ocr_line' id='line_1_34' title="bbox 135 2587 1690 2640; baseline -0.003 -13"><span class='ocrx_word' id='word_1_324' title='bbox 135 2593 202 2627; x_wconf 86' lang='lat' dir='ltr'><strong>aut</strong></span> <span class='ocrx_word' id='word_1_325' title='bbox 225 2590 411 2640; x_wconf 83' lang='lat' dir='ltr'><strong>jacturam</strong></span> <span class='ocrx_word' id='word_1_326' title='bbox 439 2588 577 2627; x_wconf 85' lang='lat' dir='ltr'><strong>afferat</strong></span> <span class='ocrx_word' id='word_1_327' title='bbox 606 2603 749 2638; x_wconf 88' lang='lat' dir='ltr'><strong>eorum,</strong></span> <span class='ocrx_word' id='word_1_328' title='bbox 779 2603 877 2640; x_wconf 90' lang='lat' dir='ltr'><strong>quae</strong></span> <span class='ocrx_word' id='word_1_329' title='bbox 902 2590 979 2639; x_wconf 87' lang='lat' dir='ltr'><strong>jam</strong></span> <span class='ocrx_word' id='word_1_330' title='bbox 1008 2590 1165 2637; x_wconf 78' lang='lat' dir='ltr'><strong>habeas,</strong></span> <span class='ocrx_word' id='word_1_331' title='bbox 1198 2591 1262 2626; x_wconf 90' lang='lat' dir='ltr'><strong>aut</strong></span> <span class='ocrx_word' id='word_1_332' title='bbox 1292 2600 1401 2638; x_wconf 86' lang='lat' dir='ltr'><strong>spem</strong></span> <span class='ocrx_word' id='word_1_333' title='bbox 1431 2587 1690 2637; x_wconf 88' lang='lat' dir='ltr'><strong>consequendi</strong></span> 
     </span>
     <span class='ocr_line' id='line_1_35' title="bbox 136 2652 1688 2707; baseline -0.001 -12"><span class='ocrx_word' id='word_1_334' title='bbox 136 2669 196 2706; x_wconf 85' lang='lat' dir='ltr'><strong>ea,</strong></span> <span class='ocrx_word' id='word_1_335' title='bbox 227 2669 323 2707; x_wconf 89' lang='lat' dir='ltr'><strong>quae</strong></span> <span class='ocrx_word' id='word_1_336' title='bbox 354 2657 506 2707; x_wconf 85' lang='lat' dir='ltr'><strong>cupias,</strong></span> <span class='ocrx_word' id='word_1_337' title='bbox 549 2658 736 2696; x_wconf 79' lang='lat' dir='ltr'><strong>adimat.“</strong></span> <span class='ocrx_word' id='word_1_338' title='bbox 794 2657 844 2696; x_wconf 84' lang='lat' dir='ltr'><strong>At</strong></span> <span class='ocrx_word' id='word_1_339' title='bbox 873 2658 1016 2696; x_wconf 90' lang='lat' dir='ltr'><strong>Poetae</strong></span> <span class='ocrx_word' id='word_1_340' title='bbox 1045 2669 1154 2695; x_wconf 91' lang='lat' dir='ltr'><strong>mens</strong></span> <span class='ocrx_word' id='word_1_341' title='bbox 1183 2652 1332 2707; x_wconf 78' lang='lat' dir='ltr'><strong>planius</strong></span> <span class='ocrx_word' id='word_1_342' title='bbox 1363 2655 1596 2705; x_wconf 83' lang='lat' dir='ltr'><strong>significatur</strong></span> <span class='ocrx_word' id='word_1_343' title='bbox 1626 2667 1688 2693; x_wconf 89' lang='lat' dir='ltr'><strong>se-</strong></span> 
     </span>
     <span class='ocr_line' id='line_1_36' title="bbox 137 2722 1689 2778; baseline -0.004 -11"><span class='ocrx_word' id='word_1_344' title='bbox 137 2723 337 2774; x_wconf 71' lang='lat' dir='ltr'><strong>quentibus</strong></span> <span class='ocrx_word' id='word_1_345' title='bbox 360 2723 501 2774; x_wconf 72' lang='lat' dir='ltr'><strong>verbis,</strong></span> <span class='ocrx_word' id='word_1_346' title='bbox 531 2738 565 2763; x_wconf 85' lang='lat' dir='ltr'><strong>V·</strong></span> <span class='ocrx_word' id='word_1_347' title='bbox 591 2728 656 2768; x_wconf 88' lang='lat'><strong>12.</strong></span> <span class='ocrx_word' id='word_1_348' title='bbox 715 2727 854 2778; x_wconf 90' lang='lat' dir='ltr'><strong>Neque</strong></span> <span class='ocrx_word' id='word_1_349' title='bbox 879 2727 1067 2765; x_wconf 88' lang='lat' dir='ltr'><strong>assentior</strong></span> <span class='ocrx_word' id='word_1_350' title='bbox 1081 2726 1174 2763; x_wconf 87' lang='lat' dir='ltr'><strong>Viro</strong></span> <span class='ocrx_word' id='word_1_351' title='bbox 1203 2722 1441 2771; x_wconf 85' lang='lat' dir='ltr'><strong>doctissimo,</strong></span> <span class='ocrx_word' id='word_1_352' title='bbox 1471 2736 1586 2774; x_wconf 90' lang='lat' dir='ltr'><strong>quum</strong></span> <span class='ocrx_word' id='word_1_353' title='bbox 1605 2737 1689 2762; x_wconf 84' lang='lat' dir='ltr'><strong>voc.</strong></span> 
     </span>
     <span class='ocr_line' id='line_1_37' title="bbox 137 2790 1691 2847; baseline -0.001 -17"><span class='ocrx_word' id='word_1_354' title='bbox 137 2791 326 2830; x_wconf 73' lang='lat' dir='ltr'><strong>molestus</strong></span> <span class='ocrx_word' id='word_1_355' title='bbox 353 2805 425 2843; x_wconf 92' lang='lat' dir='ltr'><strong>pro</strong></span> <span class='ocrx_word' id='word_1_356' title='bbox 455 2791 668 2844; x_wconf 74' lang='lat' dir='ltr'><strong>Adjectim,</strong></span> <span class='ocrx_word' id='word_1_357' title='bbox 697 2809 775 2834; x_wconf 90' lang='lat' dir='ltr'><strong>non</strong></span> <span class='ocrx_word' id='word_1_358' title='bbox 803 2809 874 2847; x_wconf 91' lang='lat' dir='ltr'><strong>pro</strong></span> <span class='ocrx_word' id='word_1_359' title='bbox 905 2795 1129 2833; x_wconf 89' lang='lat' dir='ltr'><strong>Praedicato</strong></span> <span class='ocrx_word' id='word_1_360' title='bbox 1159 2790 1298 2840; x_wconf 86' lang='lat' dir='ltr'><strong>habet,</strong></span> <span class='ocrx_word' id='word_1_361' title='bbox 1330 2794 1373 2828; x_wconf 91' lang='lat' dir='ltr'><strong>ut</strong></span> <span class='ocrx_word' id='word_1_362' title='bbox 1402 2791 1471 2829; x_wconf 84' lang='lat' dir='ltr'><strong>sit:</strong></span> <span class='ocrx_word' id='word_1_363' title='bbox 1503 2792 1691 2829; x_wconf 85' lang='lat' dir='ltr'><strong>molestus</strong></span> 
     </span>
     <span class='ocr_line' id='line_1_38' title="bbox 133 2858 1690 2914; baseline 0.001 -17"><span class='ocrx_word' id='word_1_364' title='bbox 133 2873 267 2912; x_wconf 75' lang='lat' dir='ltr'><strong>pavor</strong></span> <span class='ocrx_word' id='word_1_365' title='bbox 296 2868 352 2898; x_wconf 86' lang='lat' dir='ltr'><strong>est</strong></span> <span class='ocrx_word' id='word_1_366' title='bbox 379 2860 600 2912; x_wconf 83' lang='lat' dir='ltr'><strong>utrobique.</strong></span> <span class='ocrx_word' id='word_1_367' title='bbox 663 2862 738 2913; x_wconf 83' lang='lat' dir='ltr'><strong>At,</strong></span> <span class='ocrx_word' id='word_1_368' title='bbox 785 2877 833 2901; x_wconf 90' lang='lat' dir='ltr'><strong>ne</strong></span> <span class='ocrx_word' id='word_1_369' title='bbox 863 2864 954 2914; x_wconf 89' lang='lat' dir='ltr'><strong>quid</strong></span> <span class='ocrx_word' id='word_1_370' title='bbox 991 2864 1039 2900; x_wconf 90' lang='lat' dir='ltr'><strong>de</strong></span> <span class='ocrx_word' id='word_1_371' title='bbox 1078 2863 1163 2912; x_wconf 88' lang='lat' dir='ltr'><strong>ipsa</strong></span> <span class='ocrx_word' id='word_1_372' title='bbox 1198 2858 1399 2897; x_wconf 89' lang='lat' dir='ltr'><strong>verborum</strong></span> <span class='ocrx_word' id='word_1_373' title='bbox 1438 2861 1690 2899; x_wconf 85' lang='lat' dir='ltr'><strong>collocatione</strong></span> 
     </span>
     <span class='ocr_line' id='line_1_39' title="bbox 138 2928 1691 2979; baseline 0.001 -13"><span class='ocrx_word' id='word_1_374' title='bbox 138 2928 287 2979; x_wconf 83' lang='lat' dir='ltr'><strong>dicam,</strong></span> <span class='ocrx_word' id='word_1_375' title='bbox 339 2929 521 2968; x_wconf 90' lang='lat' dir='ltr'><strong>Horatius</strong></span> <span class='ocrx_word' id='word_1_376' title='bbox 551 2929 636 2979; x_wconf 83' lang='lat' dir='ltr'><strong>ipse</strong></span> <span class='ocrx_word' id='word_1_377' title='bbox 666 2943 701 2968; x_wconf 89' lang='lat' dir='ltr'><strong>v.</strong></span> <span class='ocrx_word' id='word_1_378' title='bbox 736 2931 800 2974; x_wconf 83' lang='lat'><strong>14.</strong></span> <span class='ocrx_word' id='word_1_379' title='bbox 830 2932 1095 2970; x_wconf 87' lang='lat' dir='ltr'><strong>Praedicatum</strong></span> <span class='ocrx_word' id='word_1_380' title='bbox 1123 2928 1212 2966; x_wconf 88' lang='lat' dir='ltr'><strong>illud</strong></span> <span class='ocrx_word' id='word_1_381' title='bbox 1255 2929 1466 2967; x_wconf 90' lang='lat' dir='ltr'><strong>accuratius</strong></span> <span class='ocrx_word' id='word_1_382' title='bbox 1509 2930 1691 2967; x_wconf 88' lang='lat' dir='ltr'><strong>describit</strong></span> 
     </span>
    </p>
   </div>
   <div class='ocr_carea' id='block_1_3' title="bbox 73 2994 1691 3049">
    <p class='ocr_par' dir='ltr' id='par_1_4' title="bbox 73 2994 1691 3049">
     <span class='ocr_line' id='line_1_40' title="bbox 73 2994 1691 3049; baseline 0 -15"><span class='ocrx_word' id='word_1_383' title='bbox 73 3038 76 3043; x_wconf 48' lang='grc'>,</span> <span class='ocrx_word' id='word_1_384' title='bbox 138 3000 254 3046; x_wconf 74' lang='lat' dir='ltr'><strong>atque</strong></span> <span class='ocrx_word' id='word_1_385' title='bbox 281 2997 425 3035; x_wconf 85' lang='lat' dir='ltr'><strong>definit.</strong></span> <span class='ocrx_word' id='word_1_386' title='bbox 484 2997 591 3036; x_wconf 87' lang='lat' dir='ltr'><strong>Idem</strong></span> <span class='ocrx_word' id='word_1_387' title='bbox 617 3002 779 3039; x_wconf 85' lang='lat' dir='ltr'><strong>testatur</strong></span> <span class='ocrx_word' id='word_1_388' title='bbox 793 3000 929 3038; x_wconf 88' lang='lat' dir='ltr'><strong>Cicero</strong></span> <span class='ocrx_word' id='word_1_389' title='bbox 959 3001 998 3037; x_wconf 91' lang='lat' dir='ltr'><strong>in</strong></span> <span class='ocrx_word' id='word_1_390' title='bbox 1019 2999 1138 3038; x_wconf 90' lang='lat' dir='ltr'><strong>Tusc.</strong></span> <span class='ocrx_word' id='word_1_391' title='bbox 1160 2994 1203 3047; x_wconf 84' lang='lat'><strong>4,</strong></span> <span class='ocrx_word' id='word_1_392' title='bbox 1234 2996 1300 3046; x_wconf 82' lang='lat'><strong>15,</strong></span> <span class='ocrx_word' id='word_1_393' title='bbox 1330 2995 1397 3036; x_wconf 85' lang='lat'><strong>35.</strong></span> <span class='ocrx_word' id='word_1_394' title='bbox 1418 2996 1526 3048; x_wconf 85' lang='lat' dir='ltr'><strong>(ibiq.</strong></span> <span class='ocrx_word' id='word_1_395' title='bbox 1544 2997 1691 3049; x_wconf 87' lang='lat' dir='ltr'><strong>Klotz.)</strong></span> 
     </span>
    </p>
   </div>
   <div class='ocr_carea' id='block_1_4' title="bbox 185 3061 1411 3115">
    <p class='ocr_par' dir='ltr' id='par_1_5' title="bbox 185 3061 1411 3115">
     <span class='ocr_line' id='line_1_41' title="bbox 185 3061 1411 3115; baseline 0 -20"><span class='ocrx_word' id='word_1_396' title='bbox 185 3061 334 3097; x_wconf 69' lang='lat' dir='ltr'><strong>Hom-r.</strong></span> <span class='ocrx_word' id='word_1_397' title='bbox 357 3062 388 3099; x_wconf 88' lang='grc' dir='ltr'><strong>Ι.</strong></span> <span class='ocrx_word' id='word_1_398' title='bbox 1262 3061 1319 3104; x_wconf 79' lang='lat'><strong>20</strong></span> <span class='ocrx_word' id='word_1_399' title='bbox 1348 3065 1411 3115; x_wconf 87' lang='lat'><strong>(3)</strong></span> 
     </span>
    </p>
   </div>
  </div>
 </body>
</html>
