<?xml version="1.0" encoding="UTF-8"?>
<!DOCTYPE html PUBLIC "-//W3C//DTD XHTML 1.0 Transitional//EN"
    "http://www.w3.org/TR/xhtml1/DTD/xhtml1-transitional.dtd">
<html xmlns="http://www.w3.org/1999/xhtml" xml:lang="en" lang="en">
 <head>
  <title>
</title>
<meta http-equiv="Content-Type" content="text/html;charset=utf-8" />
  <meta name='ocr-system' content='tesseract 3.04.00' />
  <meta name='ocr-capabilities' content='ocr_page ocr_carea ocr_par ocr_line ocrx_word'/>
</head>
<body>
  <div class='ocr_page' id='page_1' title='image "./epistolascomment01horauoft_0315.png"; bbox 0 0 2028 3268; ppageno 0'>
   <div class='ocr_carea' id='block_1_1' title="bbox 16 0 103 309">
    <p class='ocr_par' dir='ltr' id='par_1_1' title="bbox 16 0 103 309">
     <span class='ocr_line' id='line_1_1' title="bbox 16 0 103 309; baseline 0 2959"><span class='ocrx_word' id='word_1_1' title='bbox 16 0 103 309; x_wconf 95' lang='lat' dir='ltr'> </span> 
     </span>
    </p>
   </div>
   <div class='ocr_carea' id='block_1_2' title="bbox 15 571 42 1104">
    <p class='ocr_par' dir='ltr' id='par_1_2' title="bbox 15 571 42 1104">
     <span class='ocr_line' id='line_1_2' title="bbox 15 571 42 1104; textangle 90"><span class='ocrx_word' id='word_1_2' title='bbox 19 983 37 1104; x_wconf 49' lang='lat' dir='ltr'>·*sL-efflzoe</span> <span class='ocrx_word' id='word_1_3' title='bbox 15 872 42 975; x_wconf 45' lang='lat' dir='ltr'>&#39;‘istm-1«</span> <span class='ocrx_word' id='word_1_4' title='bbox 19 794 38 862; x_wconf 49' lang='lat'>⁴512?</span> <span class='ocrx_word' id='word_1_5' title='bbox 27 775 39 781; x_wconf 84' lang='grc'>,-</span> <span class='ocrx_word' id='word_1_6' title='bbox 22 748 34 761; x_wconf 62' lang='lat'>2=</span> <span class='ocrx_word' id='word_1_7' title='bbox 20 707 36 727; x_wconf 53' lang='lat'>¹1³</span> <span class='ocrx_word' id='word_1_8' title='bbox 28 680 30 682; x_wconf 59' lang='lat'>&lt;</span> <span class='ocrx_word' id='word_1_9' title='bbox 24 664 26 666; x_wconf 96' lang='lat'>·</span> <span class='ocrx_word' id='word_1_10' title='bbox 21 615 39 650; x_wconf 53' lang='grc' dir='ltr'>,μ</span> <span class='ocrx_word' id='word_1_11' title='bbox 23 571 39 603; x_wconf 56' lang='lat'>512,</span> 
     </span>
    </p>
   </div>
   <div class='ocr_carea' id='block_1_3' title="bbox 12 1109 34 1183">
    <p class='ocr_par' dir='ltr' id='par_1_3' title="bbox 12 1109 34 1183">
     <span class='ocr_line' id='line_1_3' title="bbox 12 1109 34 1183; textangle 90"><span class='ocrx_word' id='word_1_12' title='bbox 12 1109 34 1183; x_wconf 52' lang='lat' dir='ltr'>..ca-4</span> 
     </span>
    </p>
   </div>
   <div class='ocr_carea' id='block_1_4' title="bbox 23 126 54 568">
    <p class='ocr_par' dir='ltr' id='par_1_4' title="bbox 22 126 54 568">
     <span class='ocr_line' id='line_1_4' title="bbox 23 126 54 568; textangle 90"><span class='ocrx_word' id='word_1_13' title='bbox 24 291 53 568; x_wconf 49' lang='lat' dir='ltr'>meva-ema</span> <span class='ocrx_word' id='word_1_14' title='bbox 23 257 54 275; x_wconf 67' lang='grc' dir='ltr'>’ζ’</span> <span class='ocrx_word' id='word_1_15' title='bbox 25 126 28 132; x_wconf 93' lang='grc'><strong><em>·</em></strong></span> 
     </span>
    </p>
   </div>
   <div class='ocr_carea' id='block_1_5' title="bbox 186 221 1741 271">
    <p class='ocr_par' dir='ltr' id='par_1_5' title="bbox 186 221 1741 271">
     <span class='ocr_line' id='line_1_5' title="bbox 186 221 1741 271; baseline -0.004 -3"><span class='ocrx_word' id='word_1_16' title='bbox 186 228 240 271; x_wconf 87' lang='grc'>21</span> <span class='ocrx_word' id='word_1_17' title='bbox 342 221 723 264; x_wconf 81' lang='lat' dir='ltr'><strong>COMMENTARII</strong></span> <span class='ocrx_word' id='word_1_18' title='bbox 744 223 802 264; x_wconf 93' lang='lat' dir='ltr'>IN</span> <span class='ocrx_word' id='word_1_19' title='bbox 822 222 1049 265; x_wconf 89' lang='lat' dir='ltr'><strong>HORATII</strong></span> <span class='ocrx_word' id='word_1_20' title='bbox 1068 222 1168 263; x_wconf 92' lang='lat' dir='ltr'><strong>LIB.</strong></span> <span class='ocrx_word' id='word_1_21' title='bbox 1181 223 1208 263; x_wconf 93' lang='lat'>1.</span> <span class='ocrx_word' id='word_1_22' title='bbox 1233 222 1400 263; x_wconf 88' lang='lat' dir='ltr'><strong>EPIST.</strong></span> <span class='ocrx_word' id='word_1_23' title='bbox 1418 222 1572 266; x_wconf 89' lang='lat' dir='ltr'><strong>SEXT.</strong></span> <span class='ocrx_word' id='word_1_24' title='bbox 1654 221 1741 263; x_wconf 79' lang='lat'>289</span> 
     </span>
    </p>
   </div>
   <div class='ocr_carea' id='block_1_6' title="bbox 167 350 1742 2864">
    <p class='ocr_par' dir='ltr' id='par_1_6' title="bbox 167 350 1742 2864">
     <span class='ocr_line' id='line_1_6' title="bbox 183 350 1742 401; baseline -0.003 -10"><span class='ocrx_word' id='word_1_25' title='bbox 183 351 343 401; x_wconf 79' lang='lat' dir='ltr'>ratium,</span> <span class='ocrx_word' id='word_1_26' title='bbox 384 350 489 401; x_wconf 89' lang='lat' dir='ltr'>„uni</span> <span class='ocrx_word' id='word_1_27' title='bbox 525 362 686 401; x_wconf 91' lang='lat' dir='ltr'>aequum</span> <span class='ocrx_word' id='word_1_28' title='bbox 719 350 848 387; x_wconf 87' lang='lat' dir='ltr'>virtuti</span> <span class='ocrx_word' id='word_1_29' title='bbox 889 352 1004 400; x_wconf 89' lang='lat' dir='ltr'>atque</span> <span class='ocrx_word' id='word_1_30' title='bbox 1034 350 1115 401; x_wconf 89' lang='lat' dir='ltr'>ejus</span> <span class='ocrx_word' id='word_1_31' title='bbox 1153 350 1347 400; x_wconf 80' lang='lat' dir='ltr'>amicis,“</span> <span class='ocrx_word' id='word_1_32' title='bbox 1395 350 1445 388; x_wconf 91' lang='lat' dir='ltr'>ad</span> <span class='ocrx_word' id='word_1_33' title='bbox 1474 361 1536 387; x_wconf 88' lang='lat' dir='ltr'>res</span> <span class='ocrx_word' id='word_1_34' title='bbox 1571 361 1650 387; x_wconf 92' lang='lat' dir='ltr'>non</span> <span class='ocrx_word' id='word_1_35' title='bbox 1688 350 1742 387; x_wconf 85' lang='lat' dir='ltr'>ita</span> 
     </span>
     <span class='ocr_line' id='line_1_7' title="bbox 183 417 1742 470; baseline -0.003 -10"><span class='ocrx_word' id='word_1_36' title='bbox 183 420 364 460; x_wconf 83' lang='lat' dir='ltr'>honestas</span> <span class='ocrx_word' id='word_1_37' title='bbox 399 432 446 458; x_wconf 91' lang='lat' dir='ltr'>ea</span> <span class='ocrx_word' id='word_1_38' title='bbox 479 423 608 458; x_wconf 91' lang='lat' dir='ltr'>mente</span> <span class='ocrx_word' id='word_1_39' title='bbox 644 432 731 457; x_wconf 90' lang='lat' dir='ltr'>esse</span> <span class='ocrx_word' id='word_1_40' title='bbox 769 417 1031 468; x_wconf 87' lang='lat' dir='ltr'>cohortatum,</span> <span class='ocrx_word' id='word_1_41' title='bbox 1075 422 1116 456; x_wconf 92' lang='lat' dir='ltr'>ut</span> <span class='ocrx_word' id='word_1_42' title='bbox 1159 419 1374 457; x_wconf 89' lang='lat' dir='ltr'>constantia</span> <span class='ocrx_word' id='word_1_43' title='bbox 1416 417 1601 470; x_wconf 84' lang='lat' dir='ltr'><strong>quaedam</strong></span> <span class='ocrx_word' id='word_1_44' title='bbox 1640 419 1742 456; x_wconf 91' lang='lat' dir='ltr'>vitae</span> 
     </span>
     <span class='ocr_line' id='line_1_8' title="bbox 182 485 1742 539; baseline -0.003 -12"><span class='ocrx_word' id='word_1_45' title='bbox 182 491 399 528; x_wconf 82' lang='lat' dir='ltr'>servaretur</span> <span class='ocrx_word' id='word_1_46' title='bbox 413 486 434 525; x_wconf 68' lang='grc' dir='ltr'>’ἐ</span> <span class='ocrx_word' id='word_1_47' title='bbox 470 487 594 527; x_wconf 84' lang='lat' dir='ltr'>Recte</span> <span class='ocrx_word' id='word_1_48' title='bbox 630 488 745 538; x_wconf 84' lang='lat' dir='ltr'>igitur</span> <span class='ocrx_word' id='word_1_49' title='bbox 794 485 1028 524; x_wconf 63' lang='lat' dir='ltr'>G-roebelius</span> <span class='ocrx_word' id='word_1_50' title='bbox 1061 488 1258 538; x_wconf 90' lang='lat' dir='ltr'>utriusque</span> <span class='ocrx_word' id='word_1_51' title='bbox 1285 488 1357 526; x_wconf 88' lang='lat' dir='ltr'>viri</span> <span class='ocrx_word' id='word_1_52' title='bbox 1388 487 1742 539; x_wconf 82' lang='lat' dir='ltr'>interpretationem</span> 
     </span>
     <span class='ocr_line' id='line_1_9' title="bbox 180 554 1742 609; baseline -0.003 -13"><span class='ocrx_word' id='word_1_53' title='bbox 180 556 434 609; x_wconf 83' lang='lat' dir='ltr'>improbavit,</span> <span class='ocrx_word' id='word_1_54' title='bbox 469 568 686 607; x_wconf 84' lang='lat' dir='ltr'>quanquam</span> <span class='ocrx_word' id='word_1_55' title='bbox 719 556 775 592; x_wconf 90' lang='lat' dir='ltr'>vir</span> <span class='ocrx_word' id='word_1_56' title='bbox 807 554 870 593; x_wconf 91' lang='lat' dir='ltr'>ille</span> <span class='ocrx_word' id='word_1_57' title='bbox 899 556 1144 595; x_wconf 89' lang='lat' dir='ltr'>doctissimus</span> <span class='ocrx_word' id='word_1_58' title='bbox 1169 558 1209 594; x_wconf 90' lang='lat' dir='ltr'>in</span> <span class='ocrx_word' id='word_1_59' title='bbox 1241 556 1343 595; x_wconf 90' lang='lat' dir='ltr'>aliud</span> <span class='ocrx_word' id='word_1_60' title='bbox 1374 555 1601 594; x_wconf 88' lang='lat' dir='ltr'>contrarium</span> <span class='ocrx_word' id='word_1_61' title='bbox 1631 555 1742 594; x_wconf 72' lang='lat' dir='ltr'>vide-</span> 
     </span>
     <span class='ocr_line' id='line_1_10' title="bbox 181 623 1740 676; baseline -0.001 -13"><span class='ocrx_word' id='word_1_62' title='bbox 181 627 243 663; x_wconf 87' lang='lat' dir='ltr'>tur</span> <span class='ocrx_word' id='word_1_63' title='bbox 273 624 476 674; x_wconf 80' lang='lat' dir='ltr'>incidisse,</span> <span class='ocrx_word' id='word_1_64' title='bbox 517 637 631 675; x_wconf 92' lang='lat' dir='ltr'>quum</span> <span class='ocrx_word' id='word_1_65' title='bbox 666 624 940 663; x_wconf 84' lang='lat' dir='ltr'>sententiarum</span> <span class='ocrx_word' id='word_1_66' title='bbox 979 625 1151 663; x_wconf 85' lang='lat' dir='ltr'>ordinem</span> <span class='ocrx_word' id='word_1_67' title='bbox 1190 638 1277 663; x_wconf 90' lang='lat' dir='ltr'>esse</span> <span class='ocrx_word' id='word_1_68' title='bbox 1315 623 1535 676; x_wconf 84' lang='lat' dir='ltr'>opinaretur</span> <span class='ocrx_word' id='word_1_69' title='bbox 1570 623 1740 662; x_wconf 85' lang='lat' dir='ltr'>huncce:</span> 
     </span>
     <span class='ocr_line' id='line_1_11' title="bbox 179 691 1741 745; baseline -0.001 -14"><span class='ocrx_word' id='word_1_70' title='bbox 179 691 434 744; x_wconf 88' lang='lat' dir='ltr'>„Primarium</span> <span class='ocrx_word' id='word_1_71' title='bbox 473 697 512 731; x_wconf 90' lang='lat' dir='ltr'>et</span> <span class='ocrx_word' id='word_1_72' title='bbox 545 693 702 732; x_wconf 85' lang='lat' dir='ltr'>maxime</span> <span class='ocrx_word' id='word_1_73' title='bbox 738 693 839 730; x_wconf 86' lang='lat' dir='ltr'>vitae</span> <span class='ocrx_word' id='word_1_74' title='bbox 879 693 1022 732; x_wconf 89' lang='lat' dir='ltr'>beatae</span> <span class='ocrx_word' id='word_1_75' title='bbox 1060 694 1293 745; x_wconf 87' lang='lat' dir='ltr'>praesidium</span> <span class='ocrx_word' id='word_1_76' title='bbox 1333 706 1379 731; x_wconf 91' lang='lat' dir='ltr'>eo</span> <span class='ocrx_word' id='word_1_77' title='bbox 1423 693 1657 743; x_wconf 75' lang='lat' dir='ltr'>continetur,</span> <span class='ocrx_word' id='word_1_78' title='bbox 1699 696 1741 730; x_wconf 90' lang='lat' dir='ltr'>ut</span> 
     </span>
     <span class='ocr_line' id='line_1_12' title="bbox 177 759 1740 816; baseline -0.001 -16"><span class='ocrx_word' id='word_1_79' title='bbox 177 761 294 816; x_wconf 85' lang='lat' dir='ltr'>plane</span> <span class='ocrx_word' id='word_1_80' title='bbox 322 761 424 800; x_wconf 91' lang='lat' dir='ltr'>nulla</span> <span class='ocrx_word' id='word_1_81' title='bbox 451 775 519 812; x_wconf 91' lang='lat' dir='ltr'>re,</span> <span class='ocrx_word' id='word_1_82' title='bbox 556 762 694 801; x_wconf 91' lang='lat' dir='ltr'>nedum</span> <span class='ocrx_word' id='word_1_83' title='bbox 727 760 785 799; x_wconf 86' lang='lat' dir='ltr'>his</span> <span class='ocrx_word' id='word_1_84' title='bbox 822 759 1067 802; x_wconf 89' lang='lat' dir='ltr'>humanarum</span> <span class='ocrx_word' id='word_1_85' title='bbox 1103 775 1230 801; x_wconf 89' lang='lat' dir='ltr'>rerum</span> <span class='ocrx_word' id='word_1_86' title='bbox 1269 761 1443 799; x_wconf 90' lang='lat' dir='ltr'>ludibriis</span> <span class='ocrx_word' id='word_1_87' title='bbox 1477 773 1523 799; x_wconf 88' lang='lat' dir='ltr'>ac</span> <span class='ocrx_word' id='word_1_88' title='bbox 1562 761 1740 799; x_wconf 90' lang='lat' dir='ltr'>sordibus</span> 
     </span>
     <span class='ocr_line' id='line_1_13' title="bbox 179 830 1741 882; baseline -0.001 -14"><span class='ocrx_word' id='word_1_89' title='bbox 179 830 419 882; x_wconf 85' lang='lat' dir='ltr'>perturbere.</span> <span class='ocrx_word' id='word_1_90' title='bbox 478 831 565 870; x_wconf 90' lang='lat' dir='ltr'>Hoc</span> <span class='ocrx_word' id='word_1_91' title='bbox 604 831 658 868; x_wconf 87' lang='lat' dir='ltr'>ita</span> <span class='ocrx_word' id='word_1_92' title='bbox 694 842 826 869; x_wconf 89' lang='lat' dir='ltr'>verum</span> <span class='ocrx_word' id='word_1_93' title='bbox 865 832 950 879; x_wconf 82' lang='lat' dir='ltr'>est,</span> <span class='ocrx_word' id='word_1_94' title='bbox 995 834 1058 881; x_wconf 88' lang='lat' dir='ltr'>ut,</span> <span class='ocrx_word' id='word_1_95' title='bbox 1109 832 1172 882; x_wconf 91' lang='lat' dir='ltr'>qui</span> <span class='ocrx_word' id='word_1_96' title='bbox 1211 843 1323 869; x_wconf 88' lang='lat' dir='ltr'>secus</span> <span class='ocrx_word' id='word_1_97' title='bbox 1370 830 1513 868; x_wconf 86' lang='lat' dir='ltr'>sentiat</span> <span class='ocrx_word' id='word_1_98' title='bbox 1553 843 1599 868; x_wconf 91' lang='lat' dir='ltr'>ac</span> <span class='ocrx_word' id='word_1_99' title='bbox 1640 830 1741 868; x_wconf 87' lang='lat' dir='ltr'>vitae</span> 
     </span>
     <span class='ocr_line' id='line_1_14' title="bbox 178 896 1738 950; baseline 0 -15"><span class='ocrx_word' id='word_1_100' title='bbox 178 898 399 937; x_wconf 85' lang='lat' dir='ltr'>felicitatem</span> <span class='ocrx_word' id='word_1_101' title='bbox 419 899 606 950; x_wconf 87' lang='lat' dir='ltr'>animique</span> <span class='ocrx_word' id='word_1_102' title='bbox 626 897 935 949; x_wconf 86' lang='lat' dir='ltr'>tranquillitatem</span> <span class='ocrx_word' id='word_1_103' title='bbox 957 899 1019 937; x_wconf 90' lang='lat' dir='ltr'>vel</span> <span class='ocrx_word' id='word_1_104' title='bbox 1049 900 1088 938; x_wconf 91' lang='lat' dir='ltr'>in</span> <span class='ocrx_word' id='word_1_105' title='bbox 1109 900 1249 938; x_wconf 89' lang='lat' dir='ltr'>divitiis</span> <span class='ocrx_word' id='word_1_106' title='bbox 1274 897 1327 950; x_wconf 87' lang='lat' dir='ltr'>(v.</span> <span class='ocrx_word' id='word_1_107' title='bbox 1356 896 1544 950; x_wconf 79' lang='lat'>32—48)</span> <span class='ocrx_word' id='word_1_108' title='bbox 1574 898 1636 936; x_wconf 92' lang='lat' dir='ltr'>vel</span> <span class='ocrx_word' id='word_1_109' title='bbox 1664 902 1738 936; x_wconf 83' lang='lat' dir='ltr'>etc.</span> 
     </span>
     <span class='ocr_line' id='line_1_15' title="bbox 177 967 1740 1019; baseline 0.001 -15"><span class='ocrx_word' id='word_1_110' title='bbox 177 967 344 1019; x_wconf 85' lang='lat' dir='ltr'>positam</span> <span class='ocrx_word' id='word_1_111' title='bbox 370 970 501 1018; x_wconf 80' lang='lat' dir='ltr'>putet,</span> <span class='ocrx_word' id='word_1_112' title='bbox 535 967 621 1018; x_wconf 87' lang='lat' dir='ltr'>ipso</span> <span class='ocrx_word' id='word_1_113' title='bbox 648 979 776 1006; x_wconf 87' lang='lat' dir='ltr'>earum</span> <span class='ocrx_word' id='word_1_114' title='bbox 805 980 932 1006; x_wconf 92' lang='lat' dir='ltr'>rerum</span> <span class='ocrx_word' id='word_1_115' title='bbox 961 968 1089 1004; x_wconf 90' lang='lat' dir='ltr'>studio</span> <span class='ocrx_word' id='word_1_116' title='bbox 1121 967 1183 1006; x_wconf 86' lang='lat' dir='ltr'>vel</span> <span class='ocrx_word' id='word_1_117' title='bbox 1211 980 1283 1005; x_wconf 91' lang='lat' dir='ltr'>usu</span> <span class='ocrx_word' id='word_1_118' title='bbox 1310 967 1505 1005; x_wconf 89' lang='lat' dir='ltr'>convictus</span> <span class='ocrx_word' id='word_1_119' title='bbox 1534 968 1574 1005; x_wconf 92' lang='lat' dir='ltr'>in</span> <span class='ocrx_word' id='word_1_120' title='bbox 1596 981 1740 1006; x_wconf 90' lang='lat' dir='ltr'>summo</span> 
     </span>
     <span class='ocr_line' id='line_1_16' title="bbox 179 1035 1740 1087; baseline 0.001 -14"><span class='ocrx_word' id='word_1_121' title='bbox 179 1048 223 1074; x_wconf 86' lang='lat' dir='ltr'>se</span> <span class='ocrx_word' id='word_1_122' title='bbox 255 1048 386 1075; x_wconf 88' lang='lat' dir='ltr'>errore</span> <span class='ocrx_word' id='word_1_123' title='bbox 416 1036 561 1073; x_wconf 90' lang='lat' dir='ltr'>versari</span> <span class='ocrx_word' id='word_1_124' title='bbox 598 1035 806 1086; x_wconf 85' lang='lat' dir='ltr'>intelligat,</span> <span class='ocrx_word' id='word_1_125' title='bbox 838 1037 1145 1087; x_wconf 89' lang='lat' dir='ltr'>quandoquidem</span> <span class='ocrx_word' id='word_1_126' title='bbox 1186 1049 1231 1074; x_wconf 90' lang='lat' dir='ltr'>ea</span> <span class='ocrx_word' id='word_1_127' title='bbox 1265 1035 1412 1085; x_wconf 80' lang='lat' dir='ltr'>omnia,</span> <span class='ocrx_word' id='word_1_128' title='bbox 1457 1035 1537 1073; x_wconf 82' lang='lat' dir='ltr'>sive</span> <span class='ocrx_word' id='word_1_129' title='bbox 1567 1040 1610 1073; x_wconf 92' lang='lat' dir='ltr'>ut</span> <span class='ocrx_word' id='word_1_130' title='bbox 1628 1036 1740 1085; x_wconf 85' lang='lat' dir='ltr'>fines,</span> 
     </span>
     <span class='ocr_line' id='line_1_17' title="bbox 177 1103 1739 1156; baseline -0.001 -14"><span class='ocrx_word' id='word_1_131' title='bbox 177 1104 258 1142; x_wconf 89' lang='lat' dir='ltr'>sive</span> <span class='ocrx_word' id='word_1_132' title='bbox 296 1107 339 1142; x_wconf 90' lang='lat' dir='ltr'>ut</span> <span class='ocrx_word' id='word_1_133' title='bbox 367 1103 584 1154; x_wconf 88' lang='lat' dir='ltr'>adjumenta</span> <span class='ocrx_word' id='word_1_134' title='bbox 614 1107 862 1156; x_wconf 76' lang='lat' dir='ltr'>spectantur,</span> <span class='ocrx_word' id='word_1_135' title='bbox 903 1117 1018 1156; x_wconf 93' lang='lat' dir='ltr'>quum</span> <span class='ocrx_word' id='word_1_136' title='bbox 1051 1117 1121 1156; x_wconf 91' lang='lat' dir='ltr'>per</span> <span class='ocrx_word' id='word_1_137' title='bbox 1152 1117 1195 1142; x_wconf 91' lang='lat' dir='ltr'>se</span> <span class='ocrx_word' id='word_1_138' title='bbox 1223 1108 1262 1142; x_wconf 88' lang='lat' dir='ltr'>et</span> <span class='ocrx_word' id='word_1_139' title='bbox 1293 1107 1429 1142; x_wconf 88' lang='lat' dir='ltr'>natura</span> <span class='ocrx_word' id='word_1_140' title='bbox 1459 1116 1549 1153; x_wconf 88' lang='lat' dir='ltr'>sua,</span> <span class='ocrx_word' id='word_1_141' title='bbox 1578 1107 1659 1142; x_wconf 88' lang='lat' dir='ltr'>tum</span> <span class='ocrx_word' id='word_1_142' title='bbox 1689 1104 1739 1141; x_wconf 92' lang='lat' dir='ltr'>ob</span> 
     </span>
     <span class='ocr_line' id='line_1_18' title="bbox 176 1172 1740 1224; baseline -0.001 -13"><span class='ocrx_word' id='word_1_143' title='bbox 176 1172 403 1224; x_wconf 87' lang='lat' dir='ltr'>cupiditates</span> <span class='ocrx_word' id='word_1_144' title='bbox 413 1198 426 1221; x_wconf 85' lang='lat'>,</span> <span class='ocrx_word' id='word_1_145' title='bbox 467 1172 630 1223; x_wconf 89' lang='lat' dir='ltr'>quibus,</span> <span class='ocrx_word' id='word_1_146' title='bbox 661 1174 724 1223; x_wconf 91' lang='lat' dir='ltr'>qui</span> <span class='ocrx_word' id='word_1_147' title='bbox 759 1186 805 1212; x_wconf 89' lang='lat' dir='ltr'>ea</span> <span class='ocrx_word' id='word_1_148' title='bbox 837 1174 1035 1224; x_wconf 89' lang='lat' dir='ltr'>sequitur,</span> <span class='ocrx_word' id='word_1_149' title='bbox 1074 1172 1320 1224; x_wconf 85' lang='lat' dir='ltr'>perturbetur</span> <span class='ocrx_word' id='word_1_150' title='bbox 1349 1185 1511 1210; x_wconf 88' lang='lat' dir='ltr'>necesse</span> <span class='ocrx_word' id='word_1_151' title='bbox 1550 1176 1633 1223; x_wconf 87' lang='lat' dir='ltr'>est,</span> <span class='ocrx_word' id='word_1_152' title='bbox 1669 1172 1740 1210; x_wconf 91' lang='lat' dir='ltr'>ob-</span> 
     </span>
     <span class='ocr_line' id='line_1_19' title="bbox 175 1241 1739 1292; baseline -0.001 -13"><span class='ocrx_word' id='word_1_153' title='bbox 175 1244 266 1280; x_wconf 84' lang='lat' dir='ltr'>sunt</span> <span class='ocrx_word' id='word_1_154' title='bbox 293 1241 448 1292; x_wconf 86' lang='lat' dir='ltr'>potius,</span> <span class='ocrx_word' id='word_1_155' title='bbox 489 1254 602 1291; x_wconf 88' lang='lat' dir='ltr'>quam</span> <span class='ocrx_word' id='word_1_156' title='bbox 627 1245 791 1292; x_wconf 89' lang='lat' dir='ltr'>prosunt</span> <span class='ocrx_word' id='word_1_157' title='bbox 822 1243 924 1280; x_wconf 88' lang='lat' dir='ltr'>vitae</span> <span class='ocrx_word' id='word_1_158' title='bbox 954 1241 1153 1290; x_wconf 83' lang='lat' dir='ltr'>felicitati,</span> <span class='ocrx_word' id='word_1_159' title='bbox 1189 1241 1426 1291; x_wconf 90' lang='lat' dir='ltr'>animumque</span> <span class='ocrx_word' id='word_1_160' title='bbox 1456 1244 1499 1278; x_wconf 89' lang='lat' dir='ltr'>ut</span> <span class='ocrx_word' id='word_1_161' title='bbox 1530 1242 1653 1290; x_wconf 87' lang='lat' dir='ltr'>curis,</span> <span class='ocrx_word' id='word_1_162' title='bbox 1687 1242 1739 1278; x_wconf 89' lang='lat' dir='ltr'>ita</span> 
     </span>
     <span class='ocr_line' id='line_1_20' title="bbox 176 1308 1739 1362; baseline -0.001 -14"><span class='ocrx_word' id='word_1_163' title='bbox 176 1322 315 1361; x_wconf 88' lang='lat' dir='ltr'>corpus</span> <span class='ocrx_word' id='word_1_164' title='bbox 356 1309 550 1348; x_wconf 87' lang='lat' dir='ltr'>laboribus</span> <span class='ocrx_word' id='word_1_165' title='bbox 589 1310 775 1361; x_wconf 84' lang='lat' dir='ltr'>fatigant,</span> <span class='ocrx_word' id='word_1_166' title='bbox 822 1311 958 1360; x_wconf 91' lang='lat' dir='ltr'>quibus</span> <span class='ocrx_word' id='word_1_167' title='bbox 994 1311 1146 1362; x_wconf 87' lang='lat' dir='ltr'>quidem</span> <span class='ocrx_word' id='word_1_168' title='bbox 1182 1309 1278 1360; x_wconf 89' lang='lat' dir='ltr'>ipsis</span> <span class='ocrx_word' id='word_1_169' title='bbox 1312 1308 1429 1347; x_wconf 87' lang='lat' dir='ltr'>levari</span> <span class='ocrx_word' id='word_1_170' title='bbox 1460 1323 1503 1347; x_wconf 83' lang='lat' dir='ltr'>se</span> <span class='ocrx_word' id='word_1_171' title='bbox 1534 1310 1739 1360; x_wconf 88' lang='lat' dir='ltr'>unusquis-</span> 
     </span>
     <span class='ocr_line' id='line_1_21' title="bbox 175 1377 1739 1430; baseline 0 -14"><span class='ocrx_word' id='word_1_172' title='bbox 175 1391 250 1429; x_wconf 86' lang='lat' dir='ltr'>que</span> <span class='ocrx_word' id='word_1_173' title='bbox 287 1391 399 1429; x_wconf 87' lang='lat' dir='ltr'>quam</span> <span class='ocrx_word' id='word_1_174' title='bbox 435 1379 594 1417; x_wconf 86' lang='lat' dir='ltr'>maxime</span> <span class='ocrx_word' id='word_1_175' title='bbox 630 1378 779 1430; x_wconf 75' lang='lat' dir='ltr'>cupit.“</span> <span class='ocrx_word' id='word_1_176' title='bbox 835 1379 878 1417; x_wconf 86' lang='lat' dir='ltr'>Si</span> <span class='ocrx_word' id='word_1_177' title='bbox 916 1379 1012 1417; x_wconf 88' lang='lat' dir='ltr'>haec</span> <span class='ocrx_word' id='word_1_178' title='bbox 1053 1381 1160 1417; x_wconf 88' lang='lat' dir='ltr'>esset</span> <span class='ocrx_word' id='word_1_179' title='bbox 1189 1377 1334 1415; x_wconf 89' lang='lat' dir='ltr'>Poetae</span> <span class='ocrx_word' id='word_1_180' title='bbox 1372 1391 1503 1428; x_wconf 90' lang='lat' dir='ltr'>mens,</span> <span class='ocrx_word' id='word_1_181' title='bbox 1540 1391 1618 1416; x_wconf 87' lang='lat' dir='ltr'>non</span> <span class='ocrx_word' id='word_1_182' title='bbox 1653 1391 1739 1416; x_wconf 89' lang='lat' dir='ltr'>eum</span> 
     </span>
     <span class='ocr_line' id='line_1_22' title="bbox 173 1445 1739 1498; baseline 0 -13"><span class='ocrx_word' id='word_1_183' title='bbox 173 1460 255 1486; x_wconf 90' lang='lat' dir='ltr'>rem</span> <span class='ocrx_word' id='word_1_184' title='bbox 291 1450 369 1485; x_wconf 88' lang='lat' dir='ltr'>tam</span> <span class='ocrx_word' id='word_1_185' title='bbox 405 1446 558 1498; x_wconf 89' lang='lat' dir='ltr'>planam</span> <span class='ocrx_word' id='word_1_186' title='bbox 600 1448 640 1485; x_wconf 90' lang='lat' dir='ltr'>in</span> <span class='ocrx_word' id='word_1_187' title='bbox 681 1448 868 1486; x_wconf 90' lang='lat' dir='ltr'>incertum</span> <span class='ocrx_word' id='word_1_188' title='bbox 910 1451 1026 1498; x_wconf 90' lang='lat' dir='ltr'>atque</span> <span class='ocrx_word' id='word_1_189' title='bbox 1057 1447 1274 1498; x_wconf 84' lang='lat' dir='ltr'>ambiguum</span> <span class='ocrx_word' id='word_1_190' title='bbox 1306 1445 1586 1497; x_wconf 87' lang='lat' dir='ltr'>implicaturum</span> <span class='ocrx_word' id='word_1_191' title='bbox 1619 1447 1739 1486; x_wconf 86' lang='lat' dir='ltr'>fuisse</span> 
     </span>
     <span class='ocr_line' id='line_1_23' title="bbox 174 1514 1739 1567; baseline -0.001 -13"><span class='ocrx_word' id='word_1_192' title='bbox 174 1516 413 1554; x_wconf 71' lang='lat' dir='ltr'>crediderim·</span> <span class='ocrx_word' id='word_1_193' title='bbox 471 1514 746 1554; x_wconf 88' lang='lat' dir='ltr'>Difficultatem</span> <span class='ocrx_word' id='word_1_194' title='bbox 774 1515 884 1566; x_wconf 89' lang='lat' dir='ltr'>hujus</span> <span class='ocrx_word' id='word_1_195' title='bbox 910 1515 1111 1567; x_wconf 88' lang='lat' dir='ltr'>Epistolae</span> <span class='ocrx_word' id='word_1_196' title='bbox 1130 1516 1392 1565; x_wconf 86' lang='lat' dir='ltr'>argumentum</span> <span class='ocrx_word' id='word_1_197' title='bbox 1422 1518 1527 1552; x_wconf 91' lang='lat' dir='ltr'>recte</span> <span class='ocrx_word' id='word_1_198' title='bbox 1548 1515 1739 1553; x_wconf 91' lang='lat' dir='ltr'>enodandi</span> 
     </span>
     <span class='ocr_line' id='line_1_24' title="bbox 173 1582 1737 1635; baseline -0.001 -13"><span class='ocrx_word' id='word_1_199' title='bbox 173 1597 288 1635; x_wconf 89' lang='lat' dir='ltr'>quum</span> <span class='ocrx_word' id='word_1_200' title='bbox 327 1583 426 1621; x_wconf 90' lang='lat' dir='ltr'>bene</span> <span class='ocrx_word' id='word_1_201' title='bbox 463 1584 650 1622; x_wconf 85' lang='lat' dir='ltr'>sensisset</span> <span class='ocrx_word' id='word_1_202' title='bbox 688 1583 922 1630; x_wconf 77' lang='lat' dir='ltr'>Bulzerius,</span> <span class='ocrx_word' id='word_1_203' title='bbox 961 1582 1304 1634; x_wconf 87' lang='lat' dir='ltr'>Francogallorum</span> <span class='ocrx_word' id='word_1_204' title='bbox 1341 1582 1431 1620; x_wconf 86' lang='lat' dir='ltr'>olim</span> <span class='ocrx_word' id='word_1_205' title='bbox 1465 1584 1581 1621; x_wconf 90' lang='lat' dir='ltr'>decus</span> <span class='ocrx_word' id='word_1_206' title='bbox 1621 1587 1737 1634; x_wconf 91' lang='lat' dir='ltr'>atque</span> 
     </span>
     <span class='ocr_line' id='line_1_25' title="bbox 170 1650 1737 1703; baseline 0 -13"><span class='ocrx_word' id='word_1_207' title='bbox 170 1651 356 1690; x_wconf 90' lang='lat' dir='ltr'>inclutum</span> <span class='ocrx_word' id='word_1_208' title='bbox 401 1664 567 1701; x_wconf 88' lang='lat' dir='ltr'>nomen,</span> <span class='ocrx_word' id='word_1_209' title='bbox 610 1665 747 1690; x_wconf 87' lang='lat' dir='ltr'>novam</span> <span class='ocrx_word' id='word_1_210' title='bbox 786 1653 976 1703; x_wconf 86' lang='lat' dir='ltr'>quandam</span> <span class='ocrx_word' id='word_1_211' title='bbox 1019 1652 1091 1690; x_wconf 92' lang='lat' dir='ltr'>sibi</span> <span class='ocrx_word' id='word_1_212' title='bbox 1136 1650 1368 1701; x_wconf 82' lang='lat' dir='ltr'>excogitavit</span> <span class='ocrx_word' id='word_1_213' title='bbox 1403 1651 1611 1702; x_wconf 83' lang='lat' dir='ltr'>rationem,</span> <span class='ocrx_word' id='word_1_214' title='bbox 1662 1665 1737 1703; x_wconf 89' lang='lat' dir='ltr'>qua</span> 
     </span>
     <span class='ocr_line' id='line_1_26' title="bbox 171 1719 1736 1770; baseline -0.001 -12"><span class='ocrx_word' id='word_1_215' title='bbox 171 1720 360 1758; x_wconf 86' lang='lat' dir='ltr'>Gordium</span> <span class='ocrx_word' id='word_1_216' title='bbox 380 1719 484 1757; x_wconf 89' lang='lat' dir='ltr'>illum</span> <span class='ocrx_word' id='word_1_217' title='bbox 505 1720 646 1758; x_wconf 91' lang='lat' dir='ltr'>nodum</span> <span class='ocrx_word' id='word_1_218' title='bbox 674 1733 753 1759; x_wconf 89' lang='lat' dir='ltr'>non</span> <span class='ocrx_word' id='word_1_219' title='bbox 783 1725 861 1759; x_wconf 89' lang='lat' dir='ltr'>tam</span> <span class='ocrx_word' id='word_1_220' title='bbox 892 1721 1080 1770; x_wconf 88' lang='lat' dir='ltr'>solutum,</span> <span class='ocrx_word' id='word_1_221' title='bbox 1114 1732 1226 1770; x_wconf 90' lang='lat' dir='ltr'>quam</span> <span class='ocrx_word' id='word_1_222' title='bbox 1255 1719 1416 1756; x_wconf 88' lang='lat' dir='ltr'>incisum</span> <span class='ocrx_word' id='word_1_223' title='bbox 1435 1719 1580 1757; x_wconf 87' lang='lat' dir='ltr'>videas.</span> <span class='ocrx_word' id='word_1_224' title='bbox 1633 1721 1736 1765; x_wconf 87' lang='lat' dir='ltr'>Quid</span> 
     </span>
     <span class='ocr_line' id='line_1_27' title="bbox 170 1784 1733 1840; baseline 0 -14"><span class='ocrx_word' id='word_1_225' title='bbox 170 1787 320 1826; x_wconf 67' lang='lat' dir='ltr'>multa?</span> <span class='ocrx_word' id='word_1_226' title='bbox 358 1787 618 1839; x_wconf 87' lang='lat' dir='ltr'>Transposuit</span> <span class='ocrx_word' id='word_1_227' title='bbox 644 1801 777 1827; x_wconf 83' lang='lat' dir='ltr'>versus</span> <span class='ocrx_word' id='word_1_228' title='bbox 805 1789 878 1827; x_wconf 90' lang='lat' dir='ltr'>hoc</span> <span class='ocrx_word' id='word_1_229' title='bbox 910 1790 1063 1840; x_wconf 91' lang='lat' dir='ltr'>quidem</span> <span class='ocrx_word' id='word_1_230' title='bbox 1090 1788 1243 1825; x_wconf 89' lang='lat' dir='ltr'>ordine:</span> <span class='ocrx_word' id='word_1_231' title='bbox 1283 1784 1436 1827; x_wconf 81' lang='lat'>1—14.</span> <span class='ocrx_word' id='word_1_232' title='bbox 1463 1784 1644 1828; x_wconf 82' lang='lat'><strong>28—48.</strong></span> <span class='ocrx_word' id='word_1_233' title='bbox 1666 1790 1733 1828; x_wconf 87' lang='lat'>17.</span> 
     </span>
     <span class='ocr_line' id='line_1_28' title="bbox 172 1854 1735 1902; baseline -0.002 -4"><span class='ocrx_word' id='word_1_234' title='bbox 172 1857 241 1898; x_wconf 91' lang='grc'>18.</span> <span class='ocrx_word' id='word_1_235' title='bbox 263 1855 445 1899; x_wconf 86' lang='lat'>20—23.</span> <span class='ocrx_word' id='word_1_236' title='bbox 477 1855 662 1898; x_wconf 74' lang='lat'>49—55.</span> <span class='ocrx_word' id='word_1_237' title='bbox 696 1856 763 1898; x_wconf 89' lang='grc'>19.</span> <span class='ocrx_word' id='word_1_238' title='bbox 789 1855 972 1899; x_wconf 82' lang='lat'>24—27.</span> <span class='ocrx_word' id='word_1_239' title='bbox 1007 1856 1191 1897; x_wconf 86' lang='lat'>56—66.</span> <span class='ocrx_word' id='word_1_240' title='bbox 1225 1854 1291 1896; x_wconf 89' lang='grc'>15.</span> <span class='ocrx_word' id='word_1_241' title='bbox 1318 1855 1385 1895; x_wconf 88' lang='grc'>16.</span> <span class='ocrx_word' id='word_1_242' title='bbox 1409 1855 1478 1894; x_wconf 89' lang='grc'>67.</span> <span class='ocrx_word' id='word_1_243' title='bbox 1510 1856 1579 1896; x_wconf 87' lang='lat'>68.</span> <span class='ocrx_word' id='word_1_244' title='bbox 1626 1857 1735 1902; x_wconf 86' lang='lat' dir='ltr'>Quae</span> 
     </span>
     <span class='ocr_line' id='line_1_29' title="bbox 170 1923 1735 1977; baseline 0 -14"><span class='ocrx_word' id='word_1_245' title='bbox 170 1924 230 1963; x_wconf 85' lang='lat' dir='ltr'>vir</span> <span class='ocrx_word' id='word_1_246' title='bbox 249 1923 312 1962; x_wconf 89' lang='lat' dir='ltr'>ille</span> <span class='ocrx_word' id='word_1_247' title='bbox 347 1929 459 1964; x_wconf 90' lang='lat' dir='ltr'>acute</span> <span class='ocrx_word' id='word_1_248' title='bbox 479 1927 632 1975; x_wconf 84' lang='lat' dir='ltr'>docuit,</span> <span class='ocrx_word' id='word_1_249' title='bbox 666 1926 719 1964; x_wconf 89' lang='lat' dir='ltr'>ita</span> <span class='ocrx_word' id='word_1_250' title='bbox 750 1928 971 1977; x_wconf 84' lang='lat' dir='ltr'>comparata</span> <span class='ocrx_word' id='word_1_251' title='bbox 1004 1929 1113 1975; x_wconf 84' lang='lat' dir='ltr'>sunt,</span> <span class='ocrx_word' id='word_1_252' title='bbox 1147 1929 1190 1962; x_wconf 87' lang='lat' dir='ltr'>ut</span> <span class='ocrx_word' id='word_1_253' title='bbox 1229 1924 1362 1963; x_wconf 87' lang='lat' dir='ltr'>eximie</span> <span class='ocrx_word' id='word_1_254' title='bbox 1397 1924 1539 1962; x_wconf 84' lang='lat' dir='ltr'>faciant</span> <span class='ocrx_word' id='word_1_255' title='bbox 1571 1926 1621 1963; x_wconf 89' lang='lat' dir='ltr'>ad</span> <span class='ocrx_word' id='word_1_256' title='bbox 1652 1938 1735 1964; x_wconf 88' lang='lat' dir='ltr'>eam</span> 
     </span>
     <span class='ocr_line' id='line_1_30' title="bbox 171 1993 1734 2044; baseline 0 -14"><span class='ocrx_word' id='word_1_257' title='bbox 171 2005 285 2042; x_wconf 88' lang='lat' dir='ltr'>quam</span> <span class='ocrx_word' id='word_1_258' title='bbox 311 1994 487 2042; x_wconf 87' lang='lat' dir='ltr'>equidem</span> <span class='ocrx_word' id='word_1_259' title='bbox 519 1994 715 2043; x_wconf 85' lang='lat' dir='ltr'>ingressus</span> <span class='ocrx_word' id='word_1_260' title='bbox 745 2007 827 2033; x_wconf 89' lang='lat' dir='ltr'>sum</span> <span class='ocrx_word' id='word_1_261' title='bbox 855 1994 1137 2044; x_wconf 86' lang='lat' dir='ltr'>interpretandi</span> <span class='ocrx_word' id='word_1_262' title='bbox 1168 1994 1376 2042; x_wconf 86' lang='lat' dir='ltr'>rationem,</span> <span class='ocrx_word' id='word_1_263' title='bbox 1420 1993 1474 2030; x_wconf 88' lang='lat' dir='ltr'>ita</span> <span class='ocrx_word' id='word_1_264' title='bbox 1502 1996 1568 2042; x_wconf 91' lang='lat' dir='ltr'>ut,</span> <span class='ocrx_word' id='word_1_265' title='bbox 1614 1994 1646 2030; x_wconf 89' lang='lat' dir='ltr'>si</span> <span class='ocrx_word' id='word_1_266' title='bbox 1675 1994 1734 2030; x_wconf 82' lang='lat' dir='ltr'>di-</span> 
     </span>
     <span class='ocr_line' id='line_1_31' title="bbox 171 2060 1734 2112; baseline 0 -13"><span class='ocrx_word' id='word_1_267' title='bbox 171 2061 401 2112; x_wconf 88' lang='lat' dir='ltr'>sputationis</span> <span class='ocrx_word' id='word_1_268' title='bbox 428 2073 609 2098; x_wconf 88' lang='lat' dir='ltr'>summam</span> <span class='ocrx_word' id='word_1_269' title='bbox 637 2060 699 2099; x_wconf 91' lang='lat' dir='ltr'>hic</span> <span class='ocrx_word' id='word_1_270' title='bbox 718 2075 899 2099; x_wconf 88' lang='lat' dir='ltr'>curavero</span> <span class='ocrx_word' id='word_1_271' title='bbox 920 2064 1022 2112; x_wconf 89' lang='lat' dir='ltr'>typis</span> <span class='ocrx_word' id='word_1_272' title='bbox 1053 2060 1241 2110; x_wconf 74' lang='lat' dir='ltr'>describi,</span> <span class='ocrx_word' id='word_1_273' title='bbox 1277 2060 1463 2098; x_wconf 90' lang='lat' dir='ltr'>lectorum</span> <span class='ocrx_word' id='word_1_274' title='bbox 1490 2074 1551 2098; x_wconf 89' lang='lat' dir='ltr'>me</span> <span class='ocrx_word' id='word_1_275' title='bbox 1582 2074 1734 2112; x_wconf 87' lang='lat' dir='ltr'>sperem</span> 
     </span>
     <span class='ocr_line' id='line_1_32' title="bbox 169 2127 1733 2180; baseline -0.001 -13"><span class='ocrx_word' id='word_1_276' title='bbox 169 2129 347 2167; x_wconf 84' lang='lat' dir='ltr'>inituram</span> <span class='ocrx_word' id='word_1_277' title='bbox 381 2141 468 2167; x_wconf 87' lang='lat' dir='ltr'>esse</span> <span class='ocrx_word' id='word_1_278' title='bbox 498 2128 669 2180; x_wconf 83' lang='lat' dir='ltr'>gratiam.</span> <span class='ocrx_word' id='word_1_279' title='bbox 727 2127 947 2180; x_wconf 89' lang='lat' dir='ltr'>Disputatio</span> <span class='ocrx_word' id='word_1_280' title='bbox 977 2128 1041 2165; x_wconf 91' lang='lat' dir='ltr'>illa</span> <span class='ocrx_word' id='word_1_281' title='bbox 1073 2128 1214 2179; x_wconf 85' lang='lat' dir='ltr'>legitur</span> <span class='ocrx_word' id='word_1_282' title='bbox 1246 2129 1283 2166; x_wconf 90' lang='lat' dir='ltr'>in</span> <span class='ocrx_word' id='word_1_283' title='bbox 1314 2129 1605 2180; x_wconf 78' lang='lat' dir='ltr'>„Remarqaes</span> <span class='ocrx_word' id='word_1_284' title='bbox 1636 2129 1733 2166; x_wconf 83' lang='lat' dir='ltr'>Ine&#39;-</span> 
     </span>
     <span class='ocr_line' id='line_1_33' title="bbox 172 2195 1733 2248; baseline -0.001 -14"><span class='ocrx_word' id='word_1_285' title='bbox 172 2197 274 2235; x_wconf 76' lang='lat' dir='ltr'>dites</span> <span class='ocrx_word' id='word_1_286' title='bbox 303 2197 361 2235; x_wconf 74' lang='lat' dir='ltr'>da</span> <span class='ocrx_word' id='word_1_287' title='bbox 386 2197 595 2248; x_wconf 56' lang='lat' dir='ltr'>president</span> <span class='ocrx_word' id='word_1_288' title='bbox 618 2195 828 2243; x_wconf 73' lang='lat' dir='ltr'>Bouhier,</span> <span class='ocrx_word' id='word_1_289' title='bbox 858 2196 907 2233; x_wconf 84' lang='lat' dir='ltr'>de</span> <span class='ocrx_word' id='word_1_290' title='bbox 927 2196 1160 2248; x_wconf 78' lang='lat' dir='ltr'>Breitinger</span> <span class='ocrx_word' id='word_1_291' title='bbox 1188 2202 1227 2232; x_wconf 80' lang='lat' dir='ltr'>et</span> <span class='ocrx_word' id='word_1_292' title='bbox 1252 2196 1308 2232; x_wconf 79' lang='lat' dir='ltr'>da</span> <span class='ocrx_word' id='word_1_293' title='bbox 1330 2195 1433 2232; x_wconf 80' lang='lat' dir='ltr'>Pe&#39;re</span> <span class='ocrx_word' id='word_1_294' title='bbox 1460 2196 1598 2234; x_wconf 78' lang='lat' dir='ltr'>Oadin</span> <span class='ocrx_word' id='word_1_295' title='bbox 1611 2224 1628 2242; x_wconf 85' lang='lat'><em>‚</em></span> <span class='ocrx_word' id='word_1_296' title='bbox 1662 2211 1733 2233; x_wconf 79' lang='lat' dir='ltr'>sur</span> 
     </span>
     <span class='ocr_line' id='line_1_34' title="bbox 171 2262 1732 2318; baseline 0 -16"><span class='ocrx_word' id='word_1_297' title='bbox 171 2265 363 2318; x_wconf 75' lang='lat' dir='ltr'>quelques</span> <span class='ocrx_word' id='word_1_298' title='bbox 379 2278 578 2317; x_wconf 76' lang='lat' dir='ltr'>passages</span> <span class='ocrx_word' id='word_1_299' title='bbox 602 2263 810 2302; x_wconf 80' lang='lat' dir='ltr'>d&#39;Horace</span> <span class='ocrx_word' id='word_1_300' title='bbox 822 2292 839 2311; x_wconf 86' lang='lat'>,</span> <span class='ocrx_word' id='word_1_301' title='bbox 864 2278 963 2302; x_wconf 73' lang='lat' dir='ltr'>avec</span> <span class='ocrx_word' id='word_1_302' title='bbox 985 2278 1064 2302; x_wconf 77' lang='lat' dir='ltr'>une</span> <span class='ocrx_word' id='word_1_303' title='bbox 1086 2264 1199 2301; x_wconf 82' lang='lat' dir='ltr'>lettre</span> <span class='ocrx_word' id='word_1_304' title='bbox 1223 2278 1295 2301; x_wconf 77' lang='lat' dir='ltr'>sur</span> <span class='ocrx_word' id='word_1_305' title='bbox 1324 2262 1412 2300; x_wconf 73' lang='grc' dir='ltr'>ΡΛ.</span> <span class='ocrx_word' id='word_1_306' title='bbox 1447 2263 1498 2302; x_wconf 88' lang='grc' dir='ltr'>Ρ.</span> <span class='ocrx_word' id='word_1_307' title='bbox 1529 2271 1566 2301; x_wconf 76' lang='lat' dir='ltr'>et</span> <span class='ocrx_word' id='word_1_308' title='bbox 1593 2278 1663 2301; x_wconf 79' lang='lat' dir='ltr'>sur</span> <span class='ocrx_word' id='word_1_309' title='bbox 1688 2264 1732 2302; x_wconf 75' lang='lat' dir='ltr'>la</span> 
     </span>
     <span class='ocr_line' id='line_1_35' title="bbox 174 2331 1731 2385; baseline -0.002 -13"><span class='ocrx_word' id='word_1_310' title='bbox 174 2334 265 2373; x_wconf 82' lang='lat' dir='ltr'>Sat.</span> <span class='ocrx_word' id='word_1_311' title='bbox 294 2333 383 2383; x_wconf 90' lang='lat' dir='ltr'>IV,</span> <span class='ocrx_word' id='word_1_312' title='bbox 414 2335 512 2372; x_wconf 76' lang='lat' dir='ltr'>Liv.</span> <span class='ocrx_word' id='word_1_313' title='bbox 536 2333 625 2380; x_wconf 89' lang='lat' dir='ltr'><em>II.;</em></span> <span class='ocrx_word' id='word_1_314' title='bbox 655 2332 841 2385; x_wconf 77' lang='lat' dir='ltr'>publie&#39;es</span> <span class='ocrx_word' id='word_1_315' title='bbox 867 2347 948 2384; x_wconf 82' lang='lat' dir='ltr'>par</span> <span class='ocrx_word' id='word_1_316' title='bbox 983 2333 1036 2370; x_wconf 83' lang='lat' dir='ltr'>G.</span> <span class='ocrx_word' id='word_1_317' title='bbox 1058 2332 1277 2382; x_wconf 72' lang='lat' dir='ltr'>Pranelle,</span> <span class='ocrx_word' id='word_1_318' title='bbox 1302 2334 1483 2371; x_wconf 77' lang='lat' dir='ltr'>Doctem·</span> <span class='ocrx_word' id='word_1_319' title='bbox 1507 2340 1544 2369; x_wconf 82' lang='lat' dir='ltr'>et</span> <span class='ocrx_word' id='word_1_320' title='bbox 1566 2331 1731 2370; x_wconf 68' lang='lat' dir='ltr'>Biblio-</span> 
     </span>
     <span class='ocr_line' id='line_1_36' title="bbox 171 2399 1730 2452; baseline -0.003 -11"><span class='ocrx_word' id='word_1_321' title='bbox 171 2402 345 2441; x_wconf 64' lang='lat' dir='ltr'>thbcaire</span> <span class='ocrx_word' id='word_1_322' title='bbox 379 2402 428 2440; x_wconf 83' lang='lat' dir='ltr'>de</span> <span class='ocrx_word' id='word_1_323' title='bbox 466 2402 726 2440; x_wconf 72' lang='lat' dir='ltr'>Z’Universite&#39;</span> <span class='ocrx_word' id='word_1_324' title='bbox 764 2402 813 2439; x_wconf 85' lang='lat' dir='ltr'>de</span> <span class='ocrx_word' id='word_1_325' title='bbox 855 2400 1118 2452; x_wconf 82' lang='lat' dir='ltr'>Montpellier</span> <span class='ocrx_word' id='word_1_326' title='bbox 1152 2404 1225 2440; x_wconf 85' lang='lat' dir='ltr'>etc.</span> <span class='ocrx_word' id='word_1_327' title='bbox 1272 2399 1300 2438; x_wconf 82' lang='grc' dir='ltr'><em>ὰ</em></span> <span class='ocrx_word' id='word_1_328' title='bbox 1332 2403 1484 2448; x_wconf 81' lang='lat' dir='ltr'>Paris,</span> <span class='ocrx_word' id='word_1_329' title='bbox 1523 2400 1616 2438; x_wconf 80' lang='lat' dir='ltr'>elzez</span> <span class='ocrx_word' id='word_1_330' title='bbox 1641 2401 1730 2438; x_wconf 89' lang='lat' dir='ltr'>De·-</span> 
     </span>
     <span class='ocr_line' id='line_1_37' title="bbox 168 2467 1727 2524; baseline -0.003 -14"><span class='ocrx_word' id='word_1_331' title='bbox 168 2470 294 2524; x_wconf 80' lang='lat' dir='ltr'>Iange</span> <span class='ocrx_word' id='word_1_332' title='bbox 321 2475 395 2511; x_wconf 88' lang='lat' dir='ltr'>etc.</span> <span class='ocrx_word' id='word_1_333' title='bbox 420 2471 543 2513; x_wconf 86' lang='lat'><strong>1807.</strong></span> <span class='ocrx_word' id='word_1_334' title='bbox 563 2485 603 2523; x_wconf 89' lang='lat' dir='ltr'>p.</span> <span class='ocrx_word' id='word_1_335' title='bbox 625 2470 682 2511; x_wconf 88' lang='lat'>80</span> <span class='ocrx_word' id='word_1_336' title='bbox 712 2483 799 2521; x_wconf 90' lang='lat' dir='ltr'>sqq.</span> <span class='ocrx_word' id='word_1_337' title='bbox 859 2469 1024 2521; x_wconf 83' lang='lat' dir='ltr'>„Avant</span> <span class='ocrx_word' id='word_1_338' title='bbox 1043 2482 1117 2520; x_wconf 93' lang='lat' dir='ltr'>que</span> <span class='ocrx_word' id='word_1_339' title='bbox 1147 2469 1382 2521; x_wconf 71' lang='lat' dir='ltr'>d&#39;expliquer</span> <span class='ocrx_word' id='word_1_340' title='bbox 1408 2470 1465 2522; x_wconf 88' lang='lat' dir='ltr'>(p.</span> <span class='ocrx_word' id='word_1_341' title='bbox 1488 2467 1560 2520; x_wconf 82' lang='lat'>82)</span> <span class='ocrx_word' id='word_1_342' title='bbox 1582 2469 1617 2506; x_wconf 93' lang='lat' dir='ltr'>le</span> <span class='ocrx_word' id='word_1_343' title='bbox 1637 2482 1727 2507; x_wconf 91' lang='lat' dir='ltr'>sens</span> 
     </span>
     <span class='ocr_line' id='line_1_38' title="bbox 169 2537 1726 2591; baseline -0.001 -15"><span class='ocrx_word' id='word_1_344' title='bbox 169 2539 220 2577; x_wconf 88' lang='lat' dir='ltr'>de</span> <span class='ocrx_word' id='word_1_345' title='bbox 256 2543 358 2578; x_wconf 87' lang='lat' dir='ltr'>cette</span> <span class='ocrx_word' id='word_1_346' title='bbox 393 2539 538 2591; x_wconf 78' lang='lat' dir='ltr'>e&#39;pitre,</span> <span class='ocrx_word' id='word_1_347' title='bbox 568 2540 718 2578; x_wconf 86' lang='lat' dir='ltr'>suivant</span> <span class='ocrx_word' id='word_1_348' title='bbox 750 2551 823 2590; x_wconf 86' lang='lat' dir='ltr'>que</span> <span class='ocrx_word' id='word_1_349' title='bbox 849 2540 891 2590; x_wconf 92' lang='lat' dir='ltr'>je</span> <span class='ocrx_word' id='word_1_350' title='bbox 928 2539 1036 2577; x_wconf 88' lang='lat' dir='ltr'>viens</span> <span class='ocrx_word' id='word_1_351' title='bbox 1066 2538 1114 2576; x_wconf 91' lang='lat' dir='ltr'>de</span> <span class='ocrx_word' id='word_1_352' title='bbox 1144 2537 1181 2576; x_wconf 88' lang='lat' dir='ltr'>la</span> <span class='ocrx_word' id='word_1_353' title='bbox 1221 2552 1409 2590; x_wconf 88' lang='lat' dir='ltr'>exposer,</span> <span class='ocrx_word' id='word_1_354' title='bbox 1446 2538 1472 2576; x_wconf 90' lang='lat' dir='ltr'>il</span> <span class='ocrx_word' id='word_1_355' title='bbox 1507 2538 1590 2576; x_wconf 88' lang='lat' dir='ltr'>faut</span> <span class='ocrx_word' id='word_1_356' title='bbox 1617 2550 1726 2576; x_wconf 92' lang='lat' dir='ltr'>mon—</span> 
     </span>
     <span class='ocr_line' id='line_1_39' title="bbox 169 2606 1727 2658; baseline -0.001 -13"><span class='ocrx_word' id='word_1_357' title='bbox 169 2610 249 2646; x_wconf 86' lang='lat' dir='ltr'>trer</span> <span class='ocrx_word' id='word_1_358' title='bbox 283 2620 356 2657; x_wconf 92' lang='lat' dir='ltr'>que</span> <span class='ocrx_word' id='word_1_359' title='bbox 395 2607 445 2645; x_wconf 92' lang='lat' dir='ltr'>de</span> <span class='ocrx_word' id='word_1_360' title='bbox 486 2607 524 2645; x_wconf 89' lang='lat' dir='ltr'>la</span> <span class='ocrx_word' id='word_1_361' title='bbox 565 2608 732 2646; x_wconf 72' lang='lat' dir='ltr'>maniere</span> <span class='ocrx_word' id='word_1_362' title='bbox 770 2608 866 2646; x_wconf 90' lang='lat' dir='ltr'>dont</span> <span class='ocrx_word' id='word_1_363' title='bbox 905 2606 978 2646; x_wconf 89' lang='lat' dir='ltr'>elle</span> <span class='ocrx_word' id='word_1_364' title='bbox 1018 2609 1078 2645; x_wconf 90' lang='lat' dir='ltr'>est</span> <span class='ocrx_word' id='word_1_365' title='bbox 1111 2607 1207 2644; x_wconf 88' lang='lat' dir='ltr'>dans</span> <span class='ocrx_word' id='word_1_366' title='bbox 1241 2607 1297 2646; x_wconf 88' lang='lat' dir='ltr'>les</span> <span class='ocrx_word' id='word_1_367' title='bbox 1333 2607 1580 2658; x_wconf 86' lang='lat' dir='ltr'>manuscrits,</span> <span class='ocrx_word' id='word_1_368' title='bbox 1623 2607 1727 2645; x_wconf 89' lang='lat' dir='ltr'>aussi</span> 
     </span>
     <span class='ocr_line' id='line_1_40' title="bbox 170 2674 1725 2727; baseline 0.001 -15"><span class='ocrx_word' id='word_1_369' title='bbox 170 2674 260 2712; x_wconf 89' lang='lat' dir='ltr'>bien</span> <span class='ocrx_word' id='word_1_370' title='bbox 291 2687 365 2725; x_wconf 93' lang='lat' dir='ltr'>que</span> <span class='ocrx_word' id='word_1_371' title='bbox 394 2675 490 2713; x_wconf 82' lang='lat' dir='ltr'>dans</span> <span class='ocrx_word' id='word_1_372' title='bbox 518 2675 577 2715; x_wconf 88' lang='lat' dir='ltr'>les</span> <span class='ocrx_word' id='word_1_373' title='bbox 606 2677 823 2727; x_wconf 85' lang='lat' dir='ltr'>imprime&#39;s,</span> <span class='ocrx_word' id='word_1_374' title='bbox 855 2689 905 2714; x_wconf 91' lang='lat' dir='ltr'>on</span> <span class='ocrx_word' id='word_1_375' title='bbox 932 2689 979 2714; x_wconf 92' lang='lat' dir='ltr'>ne</span> <span class='ocrx_word' id='word_1_376' title='bbox 1004 2678 1097 2726; x_wconf 86' lang='lat' dir='ltr'>peut</span> <span class='ocrx_word' id='word_1_377' title='bbox 1131 2688 1179 2713; x_wconf 92' lang='lat' dir='ltr'>en</span> <span class='ocrx_word' id='word_1_378' title='bbox 1205 2677 1297 2714; x_wconf 90' lang='lat' dir='ltr'>tirer</span> <span class='ocrx_word' id='word_1_379' title='bbox 1325 2689 1448 2715; x_wconf 88' lang='lat' dir='ltr'>aucun</span> <span class='ocrx_word' id='word_1_380' title='bbox 1467 2689 1556 2715; x_wconf 87' lang='lat' dir='ltr'>sens</span> <span class='ocrx_word' id='word_1_381' title='bbox 1576 2677 1725 2714; x_wconf 88' lang='lat' dir='ltr'>raison-</span> 
     </span>
     <span class='ocr_line' id='line_1_41' title="bbox 167 2741 1724 2794; baseline 0.001 -13"><span class='ocrx_word' id='word_1_382' title='bbox 167 2742 296 2781; x_wconf 87' lang='lat' dir='ltr'>nable.</span> <span class='ocrx_word' id='word_1_383' title='bbox 354 2741 413 2781; x_wconf 90' lang='lat' dir='ltr'>Le</span> <span class='ocrx_word' id='word_1_384' title='bbox 445 2744 598 2782; x_wconf 89' lang='lat' dir='ltr'>dessein</span> <span class='ocrx_word' id='word_1_385' title='bbox 640 2744 856 2794; x_wconf 77' lang='lat' dir='ltr'>d&#39;Horace,</span> <span class='ocrx_word' id='word_1_386' title='bbox 897 2744 930 2782; x_wconf 90' lang='lat' dir='ltr'>si</span> <span class='ocrx_word' id='word_1_387' title='bbox 967 2743 1046 2781; x_wconf 76' lang='lat' dir='ltr'>l&#39;on</span> <span class='ocrx_word' id='word_1_388' title='bbox 1085 2756 1133 2782; x_wconf 90' lang='lat' dir='ltr'>en</span> <span class='ocrx_word' id='word_1_389' title='bbox 1174 2745 1270 2782; x_wconf 89' lang='lat' dir='ltr'>croit</span> <span class='ocrx_word' id='word_1_390' title='bbox 1299 2744 1354 2783; x_wconf 88' lang='lat' dir='ltr'>M.</span> <span class='ocrx_word' id='word_1_391' title='bbox 1384 2743 1547 2794; x_wconf 88' lang='lat' dir='ltr'>Dacier,</span> <span class='ocrx_word' id='word_1_392' title='bbox 1586 2747 1647 2783; x_wconf 90' lang='lat' dir='ltr'>est</span> <span class='ocrx_word' id='word_1_393' title='bbox 1675 2745 1724 2782; x_wconf 91' lang='lat' dir='ltr'>de</span> 
     </span>
     <span class='ocr_line' id='line_1_42' title="bbox 168 2810 1724 2864; baseline 0.001 -16"><span class='ocrx_word' id='word_1_394' title='bbox 168 2811 264 2849; x_wconf 84' lang='lat' dir='ltr'>faire</span> <span class='ocrx_word' id='word_1_395' title='bbox 297 2811 381 2848; x_wconf 88' lang='lat' dir='ltr'>voir</span> <span class='ocrx_word' id='word_1_396' title='bbox 409 2824 483 2862; x_wconf 89' lang='lat' dir='ltr'>que</span> <span class='ocrx_word' id='word_1_397' title='bbox 517 2811 613 2850; x_wconf 88' lang='lat' dir='ltr'>c&#39;est</span> <span class='ocrx_word' id='word_1_398' title='bbox 637 2813 660 2852; x_wconf 73' lang='lat' dir='ltr'>a</span> <span class='ocrx_word' id='word_1_399' title='bbox 692 2817 772 2851; x_wconf 88' lang='lat' dir='ltr'>tort</span> <span class='ocrx_word' id='word_1_400' title='bbox 802 2826 875 2864; x_wconf 91' lang='lat' dir='ltr'>que</span> <span class='ocrx_word' id='word_1_401' title='bbox 905 2825 1001 2850; x_wconf 91' lang='lat' dir='ltr'>nous</span> <span class='ocrx_word' id='word_1_402' title='bbox 1037 2810 1247 2850; x_wconf 88' lang='lat' dir='ltr'>cherchons</span> <span class='ocrx_word' id='word_1_403' title='bbox 1277 2816 1387 2851; x_wconf 87' lang='lat' dir='ltr'>notre</span> <span class='ocrx_word' id='word_1_404' title='bbox 1421 2812 1604 2852; x_wconf 88' lang='lat' dir='ltr'>ve&#39;ritable</span> <span class='ocrx_word' id='word_1_405' title='bbox 1635 2813 1724 2851; x_wconf 86' lang='lat' dir='ltr'>bien</span> 
     </span>
    </p>
   </div>
   <div class='ocr_carea' id='block_1_7' title="bbox 89 2879 1724 2932">
    <p class='ocr_par' dir='ltr' id='par_1_7' title="bbox 89 2879 1724 2932">
     <span class='ocr_line' id='line_1_43' title="bbox 89 2879 1724 2932; baseline 0.001 -15"><span class='ocrx_word' id='word_1_406' title='bbox 89 2897 100 2904; x_wconf 85' lang='lat'><strong>·</strong></span> <span class='ocrx_word' id='word_1_407' title='bbox 171 2881 267 2918; x_wconf 88' lang='lat' dir='ltr'>dans</span> <span class='ocrx_word' id='word_1_408' title='bbox 295 2879 353 2917; x_wconf 87' lang='lat' dir='ltr'>les</span> <span class='ocrx_word' id='word_1_409' title='bbox 382 2879 573 2918; x_wconf 87' lang='lat' dir='ltr'>richesses</span> <span class='ocrx_word' id='word_1_410' title='bbox 603 2883 643 2918; x_wconf 91' lang='lat' dir='ltr'>et</span> <span class='ocrx_word' id='word_1_411' title='bbox 676 2882 772 2919; x_wconf 84' lang='lat' dir='ltr'>dans</span> <span class='ocrx_word' id='word_1_412' title='bbox 802 2881 859 2920; x_wconf 89' lang='lat' dir='ltr'>les</span> <span class='ocrx_word' id='word_1_413' title='bbox 894 2881 1106 2926; x_wconf 88' lang='lat' dir='ltr'>honneurs;</span> <span class='ocrx_word' id='word_1_414' title='bbox 1142 2884 1181 2918; x_wconf 89' lang='lat' dir='ltr'>et</span> <span class='ocrx_word' id='word_1_415' title='bbox 1210 2893 1283 2931; x_wconf 90' lang='lat' dir='ltr'>que</span> <span class='ocrx_word' id='word_1_416' title='bbox 1315 2885 1401 2919; x_wconf 90' lang='lat' dir='ltr'>tout</span> <span class='ocrx_word' id='word_1_417' title='bbox 1437 2895 1480 2920; x_wconf 91' lang='lat' dir='ltr'>ce</span> <span class='ocrx_word' id='word_1_418' title='bbox 1511 2881 1575 2932; x_wconf 89' lang='lat' dir='ltr'>qui</span> <span class='ocrx_word' id='word_1_419' title='bbox 1603 2882 1724 2919; x_wconf 83' lang='lat' dir='ltr'>excite</span> 
     </span>
    </p>
   </div>
   <div class='ocr_carea' id='block_1_8' title="bbox 167 2947 1723 3002">
    <p class='ocr_par' dir='ltr' id='par_1_8' title="bbox 167 2947 1723 3002">
     <span class='ocr_line' id='line_1_44' title="bbox 167 2947 1723 3002; baseline 0 -14"><span class='ocrx_word' id='word_1_420' title='bbox 167 2948 268 2989; x_wconf 81' lang='lat' dir='ltr'>dans</span> <span class='ocrx_word' id='word_1_421' title='bbox 301 2961 372 2986; x_wconf 91' lang='lat' dir='ltr'>nos</span> <span class='ocrx_word' id='word_1_422' title='bbox 408 2960 540 2986; x_wconf 88' lang='lat' dir='ltr'>coeurs</span> <span class='ocrx_word' id='word_1_423' title='bbox 573 2947 825 2988; x_wconf 81' lang='lat' dir='ltr'>l&#39;admiration</span> <span class='ocrx_word' id='word_1_424' title='bbox 855 2962 905 2987; x_wconf 91' lang='lat' dir='ltr'>ou</span> <span class='ocrx_word' id='word_1_425' title='bbox 937 2948 1099 2998; x_wconf 84' lang='lat' dir='ltr'>l&#39;envie,</span> <span class='ocrx_word' id='word_1_426' title='bbox 1135 2962 1159 2998; x_wconf 89' lang='lat' dir='ltr'><strong>y</strong></span> <span class='ocrx_word' id='word_1_427' title='bbox 1195 2950 1314 2988; x_wconf 87' lang='lat' dir='ltr'>excite</span> <span class='ocrx_word' id='word_1_428' title='bbox 1342 2962 1411 3002; x_wconf 85' lang='lat' dir='ltr'>par</span> <span class='ocrx_word' id='word_1_429' title='bbox 1446 2964 1496 2988; x_wconf 90' lang='lat' dir='ltr'>uu</span> <span class='ocrx_word' id='word_1_430' title='bbox 1526 2951 1624 2988; x_wconf 87' lang='lat' dir='ltr'>suite</span> <span class='ocrx_word' id='word_1_431' title='bbox 1654 2952 1723 2988; x_wconf 88' lang='lat' dir='ltr'>ne&#39;—</span> 
     </span>
    </p>
   </div>
  </div>
 </body>
</html>
