2028 3268
424 229 507 271 282

493 356 744 417 Porrigere.

990 233 1374 274 HORATII

1883 240 1936 282 14

813 358 931 416 „Hic
957 359 1134 402 multum
1169 360 1211 402 in
1236 359 1374 404 Fabia
1403 362 1544 422 valet,
1578 364 1652 407 ille
1684 363 1860 422 Velina3

494 433 577 479 Cui
607 437 710 479 libet
737 436 804 479 hic
830 435 958 479 fascis
988 435 1104 479 dabit
1129 436 1360 494 eripietque
1386 439 1532 483 curule

492 512 576 558 Cui
600 515 717 556 volet
742 515 1003 572 importunus
1034 511 1190 557 ebur-‘⁶
1258 514 1436 574 Frater,
1473 520 1596 575 pater
1623 518 1756 575 adde3

490 591 548 634 Ut
567 593 715 648 cuique
735 593 800 634 est
820 593 966 651 aetas,
1001 594 1061 635 ita
1079 605 1284 649 quemque
1302 591 1467 637 facetus
1485 595 1658 654 adopta·

1883 599 1937 640 55

493 667 543 714 Si
569 670 677 711 bene
706 672 772 726 qui
801 673 954 714 coenat
978 669 1086 713 bene
1111 672 1239 729 vivit,
1274 671 1411 729 lucet,
1448 684 1594 716 eamus

420 848 506 882 trib.
520 859 591 882 sec.
602 859 638 892 p.
651 847 731 890 129]
761 848 808 882 T.
821 848 912 884 Fab.
933 850 1020 883 Dac.
1035 848 1153 882 Bentl.

421 904 501 949 (qui
520 905 697 948 vindicat)
713 905 819 938 Baxt.
841 908 878 937 et
901 908 1051 939 recentt.
1077 904 1153 937 fere

422 972 513 994 omn.
525 960 658 1004 fodiat.
670 960 761 994 Mss.
778 963 819 992 ut
832 961 906 995 vid.
924 973 1014 995 omn.
1029 960 1151 993 Lamb.

420 1016 465 1050 al.
497 1028 556 1061 ap.
579 1016 689 1060 Cruq.
732 1015 844 1050 Pulm.
874 1014 910 1051 4.
937 1019 994 1051 10.
1030 1016 1149 1048 Bentl.

419 1072 507 1116 alqt.
536 1071 742 1117 sequioreS,
776 1075 816 1105 ut
841 1072 906 1106 ait.
952 1073 1018 1106 Fe.
1049 1071 1154 1115 reliq.

418 1129 541 1162 Jaeck.
565 1125 602 1162 4.
625 1126 659 1162 5.
682 1129 717 1162 6.
758 1127 856 1162 Pott.
874 1130 908 1162 8.
929 1128 963 1162 9.
1016 1127 1072 1161 13.
1098 1126 1154 1161 15.

420 1186 476 1219 18.
509 1183 624 1218 Orell.
649 1195 681 1217 c.
713 1183 834 1217 Guelf.
856 1185 890 1218 1.
914 1186 947 1218 2.
977 1183 1097 1217 Berol.
1121 1184 1154 1216 1.

419 1242 452 1275 2.
480 1241 584 1274 Gott.
601 1242 634 1273 1.
651 1241 684 1274 2.
723 1239 870 1273 Corbei.
895 1240 994 1273 Mon.
1020 1251 1051 1272 c.
1075 1250 1106 1272 e.
1127 1239 1154 1271 f.

418 1296 442 1330 l.
468 1306 513 1329 m.
545 1296 638 1329 Rud.
668 1295 763 1328 Edd.
787 1300 879 1344 yett.
918 1295 1000 1328 Asc.
1033 1295 1156 1328 Lamb.

417 1351 551 1385 Mutet.
576 1352 694 1395 (opp.
715 1352 764 1384 ll.
785 1363 821 1396 p.
835 1351 922 1394 963)
951 1351 1062 1384 Fabr.
1077 1349 1156 1384 555.

417 1412 454 1441 et
468 1409 526 1441 78.
557 1407 642 1451 Xyl.
665 1407 778 1440 Pulm.
799 1406 886 1440 Min.
910 1407 1019 1440 Torr.
1041 1407 1155 1440 Chab.

416 1463 552 1496 Biedm.
590 1463 683 1496 Rod.
718 1463 850 1506 Despr.
882 1463 1014 1496 Zurck.
1046 1463 1154 1496 Tart.

418 1520 526 1552 Talb.
551 1521 632 1553 Jon.
657 1519 737 1552 Val.
752 1518 903 1562 Dorigh.
922 1518 1041 1556 fodiet.
1063 1518 1153 1552 Mss.

417 1576 572 1608 nonnull.
590 1579 684 1607 teste
697 1574 873 1607 Chabotio
887 1600 896 1617 ,
925 1574 1044 1608 Bentl.
1066 1575 1100 1608 6.
1117 1570 1153 1607 4.

417 1631 460 1664 C.
485 1635 533 1664 et.
550 1631 596 1664 D.
625 1630 665 1673 (a
688 1632 720 1663 1.
745 1629 810 1672 m.)
844 1641 902 1674 ap.
929 1630 1055 1663 Oberl.
1084 1629 1152 1662 Fe.

414 1687 449 1728 7,
464 1687 501 1720 b.
534 1686 647 1719 Orell.
662 1686 697 1718 b.
725 1685 806 1727 (sed
821 1695 958 1728 supscr.
976 1685 1014 1726 a)
1032 1684 1152 1718 Guelf.

413 1741 449 1775 3.
476 1741 578 1786 Lips.
598 1743 613 1774 1
633 1740 714 1783 (sed
733 1741 869 1774 subscr.
887 1740 938 1782 c.)
967 1740 1022 1772 De
1039 1741 1152 1773 verbo

403 1797 593 1840 sodicandi
606 1800 751 1840 praeter
767 1800 837 1829 cet.
852 1795 945 1828 dixit
958 1795 1035 1828 Fea
1050 1799 1086 1828 et
1104 1797 1150 1830 cf.

413 1852 573 1896 interpp.
595 1853 640 1885 ad
663 1852 740 1885 Cic.
764 1852 874 1885 Tusc.
908 1852 940 1894 2,
962 1847 997 1894 4,
1022 1850 1080 1884 33.
1116 1851 1151 1895 3,

416 1910 482 1952 16,
507 1907 566 1941 35.

469 1964 513 1997 V.
530 1962 588 1996 53.
631 1962 773 1996 Cuilibet
791 1960 855 1994 hic.
893 1960 984 1994 Mss.
1007 1964 1044 1993 et
1068 1961 1150 1994 edd.

414 2019 511 2062 vulg.
526 2044 535 2061 ,
567 2018 672 2051 etiam
695 2017 829 2050 Muret.
846 2015 970 2049 Lamb.
994 2019 1031 2048 et
1052 2027 1071 2048 e
1095 2027 1151 2049 re—

415 2079 525 2108 centt.
542 2074 648 2107 Talb.
659 2073 781 2106 Maitt.
791 2072 901 2105 Daru.
914 2072 1014 2105 Pott.
1027 2072 1150 2116 Camp.

414 2130 577 2163 Hoched.
607 2130 742 2173 Charp.
757 2154 766 2171 ,
793 2127 856 2160 sed
870 2127 907 2160 in
922 2131 1080 2161 annotat.
1098 2127 1154 2160 cui

412 2186 504 2219 libet.
532 2186 597 2218 Cui
611 2186 691 2218 libet
707 2184 770 2217 hic.
800 2184 888 2217 Mss.
902 2183 1027 2216 Oberl.
1046 2184 1089 2217 C.
1106 2183 1152 2216 D.

413 2243 535 2276 Jaeck.
555 2243 587 2275 1.
604 2238 639 2275 4.
654 2239 688 2274 5.
715 2251 790 2272 cum
806 2239 854 2282 gl.
870 2239 910 2271 is.
938 2239 1052 2272 Orell.
1065 2239 1151 2272 bSc.

413 2298 534 2331 Guelf.
553 2299 586 2331 2.
602 2295 636 2330 3.
667 2296 789 2329 Berol.
815 2297 847 2328 1.
871 2296 904 2329 2.
935 2296 1039 2328 Gott.
1065 2296 1098 2328 l.
1118 2295 1150 2328 2.

413 2354 511 2388 Mon.
523 2365 553 2388 c,
565 2353 589 2386 1.
607 2352 676 2385 Ed.
691 2352 781 2385 Ven.
791 2347 873 2384 481.
893 2355 929 2383 et
945 2347 1149 2384 Loch.498.

413 2414 453 2443 ut
472 2409 610 2454 quidem
634 2408 814 2449 videntur,
831 2405 914 2440 Asc.
935 2405 1015 2440 519.
1039 2406 1149 2450 Cruq.

412 2467 502 2499 Cun.
532 2464 658 2508 (Quoi)
684 2464 765 2497 Jon.
795 2462 876 2495 val.
913 2461 1016 2495 Jahn.
1042 2461 1148 2494 Web.

413 2522 550 2554 Groeb.
575 2519 732 2553 Meinek.
758 2517 872 2551 Orell.
923 2517 988 2550 Gai
1013 2517 1093 2550 libet
1112 2516 1150 2549 is.

412 2577 501 2610 Mss.
517 2575 637 2610 Bentl.
653 2576 686 2608 1.
699 2576 732 2609 6.
742 2570 779 2607 4.
807 2573 927 2607 Guelf.
943 2569 978 2606 4.
999 2573 1102 2617 Lips.
1113 2571 1147 2605 3.

413 2632 538 2666 Comb.
570 2631 614 2664 de
644 2630 716 2663 suis
745 2633 860 2672 tacet,
905 2632 1095 2673 praeterea
1121 2627 1150 2660 is

400 2690 495 2730 fasc.
538 2688 608 2720 Ms.
639 2697 698 2719 un.
725 2686 863 2719 Bersm.
898 2685 965 2718 Fe.
993 2686 1079 2726 1‚b.
1109 2683 1148 2726 (a

412 2744 427 2775 1
448 2743 512 2785 m.)
530 2756 561 2775 c.
578 2747 606 2776 t.
634 2742 674 2784 (a
690 2743 722 2775 2.
735 2742 800 2784 m.)
827 2743 859 2784 2,
875 2742 912 2774 b.
930 2752 963 2774 e.
991 2738 1146 2783 (almi.)

410 2798 444 2840 3,
460 2810 490 2831 c.
509 2799 535 2831 f.
562 2797 595 2839 5,
612 2809 644 2831 a.
672 2798 839 2831 Jaeck.6.
867 2798 971 2830 Dess.
989 2797 1022 2830 2.
1048 2795 1143 2828 Edd.

409 2854 527 2887 Bentl.
554 2854 632 2897 (qui
649 2853 740 2896 def.)
770 2854 876 2886 Baxt.
900 2853 1031 2886 Buher.
1059 2851 1142 2884 San.

410 2909 526 2943 Merv.
561 2909 694 2942 Sandb.
720 2909 882 2942 Francis.
911 2908 1019 2942 Bask.
1049 2906 1142 2941 Phil.

1201 849 1311 882 Gesn.
1329 849 1479 894 Dorigh.
1504 850 1628 884 Oberl.
1651 850 1775 884 Comb.
1793 850 1934 885 Wakef.

1198 904 1287 938 Bad.
1304 905 1424 939 Wetz.
1442 906 1590 940 Haberf.
1607 906 1753 941 Ernest.
1769 906 1934 940 Praedic.

1198 960 1310 994 Hunt.
1329 961 1441 995 Zeun.
1468 962 1535 996 Fe.
1557 963 1664 996 Both.
1681 962 1803 996 Jaeck.
1825 963 1934 996 Doer.

1198 1015 1290 1049 Zell.
1308 1016 1425 1050 Schm.
1443 1016 1592 1052 Passov.
1609 1019 1768 1052 Braunh.
1793 1022 1830 1052 et
1849 1017 1933 1063 Bip.

1200 1072 1281 1106 828.
1337 1072 1479 1106 Cuilibet
1505 1073 1544 1106 is.
1588 1073 1658 1108 Ed.
1697 1073 1814 1108 Paris.
1853 1073 1934 1108 752.

1200 1126 1314 1160 Mirus
1334 1139 1417 1161 sane
1431 1128 1467 1161 in
1483 1129 1548 1162 hac
1567 1129 1745 1174 scriptura
1759 1129 1934 1163 servanda

1202 1182 1375 1216 editorum
1391 1195 1593 1218 consensuS.
1631 1185 1744 1219 Recte
1766 1185 1857 1218 enim
1871 1185 1935 1218 do—

1202 1242 1261 1271 cet
1297 1239 1445 1272 Jahnius
1456 1263 1466 1282 ,
1508 1239 1651 1274 tertium
1680 1241 1850 1286 quendam
1877 1240 1935 1274 hic

1202 1295 1476 1329 commemorari.
1534 1296 1576 1328 Id
1600 1296 1777 1340 Bcntlejus
1797 1307 1936 1341 quoque

1201 1361 1265 1384 sua
1279 1350 1456 1394 scriptura
1469 1351 1498 1384 is
1510 1350 1625 1384 voluit
1636 1377 1646 1394 ,
1675 1353 1738 1386 sed
1753 1352 1858 1386 valde
1873 1351 1935 1384 ‹lu-

1200 1406 1298 1448 bito,
1329 1417 1407 1439 num
1428 1407 1495 1439 hoc
1517 1418 1562 1440 ex
1589 1407 1670 1451 lege
1689 1407 1833 1451 linguae
1853 1407 1935 1440 lati-

1200 1474 1266 1495 nae
1285 1461 1360 1495 fiat.
1417 1461 1466 1496 At
1491 1474 1535 1496 ne
1555 1463 1633 1507 quis
1653 1463 1812 1508 dubitet,
1841 1463 1935 1508 quod

1201 1518 1339 1562 quidem
1368 1518 1456 1550 fecit
1479 1518 1662 1562 Bentlejus
1675 1544 1685 1562 ,
1726 1520 1770 1553 de
1803 1530 1935 1564 prono-

1199 1574 1290 1606 mine
1317 1573 1369 1606 ]zic
1389 1574 1532 1607 diversa
1558 1575 1720 1618 subjecta
1740 1574 1933 1616 indicante,

1198 1629 1394 1673 impediunt
1409 1629 1535 1662 similia
1550 1630 1728 1675 exempla,
1753 1633 1794 1663 ut
1808 1630 1880 1663 Od.
1897 1629 1932 1671 3,

1200 1686 1232 1726 1,
1251 1686 1407 1719 10—12.
1436 1684 1545 1719 Ovid.
1562 1686 1651 1719 Met.
1666 1685 1701 1728 3,
1713 1682 1770 1720 48.
1786 1682 1845 1720 49.
1877 1686 1932 1728 11,

1197 1739 1278 1772 539.
1293 1739 1381 1782 ibiq.
1397 1740 1505 1773 Bach.
1522 1741 1602 1774 Juv.
1620 1743 1676 1784 10,
1693 1742 1772 1776 227.
1798 1741 1931 1774 Lucan.

1196 1794 1231 1837 3,
1248 1795 1327 1828 687.
1344 1796 1400 1828 88.
1426 1795 1554 1838 Wagn.
1573 1797 1721 1836 Quaest.
1733 1796 1835 1840 Virg.
1849 1796 1932 1838 XX,

1196 1851 1232 1884 9.
1262 1850 1343 1884 coll.
1359 1851 1475 1893 XVII,
1491 1847 1527 1885 4.
1557 1852 1727 1886 Similiter
1739 1852 1798 1885 ille
1814 1870 1861 1876 —-
1875 1851 1934 1884 ille

1196 1917 1267 1938 non
1291 1905 1401 1939 solum
1432 1907 1525 1950 apud
1563 1911 1689 1952 poetas
1702 1933 1712 1951 ‚
1749 1907 1813 1940 sed
1839 1906 1932 1951 apud

1197 1961 1403 2004 prosaicos,
1432 1967 1471 1994 ut
1495 1974 1554 2006 ap.
1572 1963 1648 1996 Cic.
1672 1975 1728 2008 pr.
1745 1963 1852 1996 Caec.
1875 1962 1932 2006 13,

1196 2016 1255 2050 39.
1272 2017 1366 2050 Plin.
1379 2017 1499 2061 Epist.
1512 2019 1545 2060 6,
1557 2020 1612 2062 20,
1626 2017 1681 2053 15.
1698 2018 1780 2053 Vid.
1790 2018 1930 2052 Ruhnk.

1198 2071 1242 2105 ad
1269 2072 1378 2106 Ovid.
1395 2072 1544 2107 Heroid.
1571 2076 1604 2117 2,
1621 2071 1700 2108 148.
1738 2074 1865 2108 Heinr.
1887 2073 1932 2106 ad

1197 2128 1278 2161 Juv.
1291 2130 1346 2170 10,
1359 2128 1437 2162 196.
1449 2129 1536 2162 Voc.
1546 2129 1598 2162 hic
1608 2129 1929 2175 comprobatBach.

1197 2183 1234 2216 in
1269 2184 1465 2218 Zimmerm.
1492 2184 1669 2218 zeitschr.
1695 2191 1765 2219 etc.
1776 2211 1785 2228 ,
1826 2181 1929 2219 1834.

1197 2251 1233 2284 p.
1247 2238 1348 2273 1035.
1366 2240 1559 2274 Praeterea
1574 2252 1653 2275 voc.
1664 2241 1694 2274 is
1706 2245 1743 2274 et
1756 2241 1809 2274 hic
1824 2251 1931 2284 saepe

1196 2299 1440 2339 permutantur
1452 2322 1462 2338 ,
1501 2296 1574 2330 vid.
1593 2297 1702 2329 Giese
1731 2296 1775 2330 ad
1791 2296 1868 2330 Cic.
1886 2295 1930 2328 de

1196 2349 1318 2385 Divin.
1332 2353 1365 2393 2,
1376 2353 1432 2394 17,
1441 2349 1499 2385 40.
1526 2351 1646 2385 Klotz.
1662 2351 1707 2385 ad
1726 2351 1801 2385 Cic.
1817 2352 1928 2385 Tusc.

1195 2402 1230 2448 4,
1250 2407 1306 2449 17,
1321 2406 1380 2440 37.
1414 2407 1539 2440 Loers.
1565 2407 1610 2440 ad
1626 2407 1735 2440 Ovid.
1753 2407 1869 2440 Trist.
1897 2410 1929 2450 1,

1194 2461 1230 2503 9,
1246 2461 1472 2550 ἣῖ.54-56.
1514 2516 1579 2550 Cui
1597 2517 1701 2550 dolet.
1739 2517 1826 2550 Var.
1843 2515 1926 2549 lect.

1194 2572 1231 2605 in
1257 2571 1312 2605 ed.
1339 2572 1470 2615 Despr.
1498 2571 1598 2616 Lips.
1627 2590 1675 2596 —-
1707 2571 1927 2616 inportunus.

1195 2627 1257 2660 Sic
1272 2638 1334 2660 mS.
1358 2628 1491 2660 Graev.
1514 2632 1551 2661 et
1566 2627 1668 2672 Lips.
1693 2628 1726 2661 2.
1758 2646 1805 2652 —
1839 2627 1928 2660 adde

1193 2689 1236 2717 et.
1267 2683 1472 2716 Ms.Berol.
1491 2685 1523 2717 1.
1555 2702 1602 2708 —-
1639 2683 1683 2716 V.
1699 2681 1755 2716 55.
1780 2682 1925 2726 adapta.

1191 2739 1280 2772 Mss.
1301 2739 1436 2772 Bersm.
1453 2739 1535 2772 duo.
1571 2740 1638 2772 Fe.
1657 2739 1690 2781 1,
1711 2749 1730 2771 c
1751 2739 1791 2781 (a
1811 2739 1843 2772 2.
1860 2738 1924 2779 m.)

1191 2795 1226 2827 d.
1243 2806 1278 2838 g.
1296 2793 1320 2826 i.
1341 2799 1370 2827 t.
1402 2796 1434 2837 2,
1453 2807 1482 2828 c.
1501 2796 1535 2828 d.
1553 2796 1580 2829 f.
1598 2794 1622 2828 i.
1651 2793 1686 2837 3,
1702 2805 1732 2826 c.
1752 2794 1791 2837 (a
1811 2793 1842 2826 2.
1859 2792 1923 2834 m.)

1189 2849 1223 2893 5,
1240 2862 1271 2884 e.
1293 2851 1331 2891 (a
1346 2851 1378 2885 2.
1394 2851 1459 2893 m.)
1490 2852 1524 2894 6,
1539 2862 1571 2884 a.
1601 2849 1719 2884 Guelf.
1737 2850 1770 2883 2.
1799 2849 1922 2880 adora.

1188 2906 1257 2940 Ms.
1270 2907 1474 2941 Bersm.un.
1493 2908 1650 2951 adoptat.
1672 2904 1741 2938 Ed.
1753 2902 1922 2938 Ald.501.
