2028 3268
130 254 186 297 21
267 250 653 294 COMMENTARII
678 252 738 292 IN
765 251 996 292 HORATII
1013 251 1115 292 LIB.
1142 252 1171 291 Ι.
1203 251 1370 294 EPIST.
1389 251 1551 291 TERT.
1600 249 1685 293 211

129 376 217 416 Vid.
253 376 405 417 Baehr.
449 377 588 420 Gesclz,
623 378 662 418 d.
699 379 820 415 Rb'm.
872 378 957 419 Lit.
1002 390 1040 428 p.
1080 377 1175 418 693.
1219 377 1277 414 ed.
1308 377 1348 418 2.
1407 375 1533 428 Major
1568 376 1683 415 etiam

129 458 243 496 quam
265 445 314 483 de
341 446 420 496 ejus
450 446 594 497 origine
617 449 677 484 est
707 445 960 484 controversia
994 446 1042 484 de
1061 445 1179 496 ipsius
1205 445 1340 483 studiis
1376 445 1555 497 poeticis,
1584 457 1682 495 quae

129 513 207 552 fere
236 525 365 551 omnes
387 514 613 565 interpretes
648 518 725 552 tam
758 514 864 566 parvi
894 514 1118 564 aestimant,
1151 517 1194 551 ut
1218 514 1413 564 juvenem,
1443 514 1507 563 qui
1531 513 1681 552 anxiam

128 581 319 632 quandam
341 582 381 619 in
409 583 517 633 poesi
549 581 718 634 posuerit
745 594 921 634 operam,
961 583 998 618 in
1028 581 1292 632 plagiariorum
1320 594 1473 619 numero
1501 581 1678 628 habeant,

132 649 388 688 Wiclzertas
423 650 539 701 igitur
566 651 631 702 (p.
662 648 802 702 3830:
841 649 933 700 „Ex
962 649 1020 687 his
1058 649 1187 702 (quod
1227 650 1368 701 scripta
1399 650 1679 701 praestantissi-

126 729 272 756 morum
298 721 498 770 poetarum
526 718 766 769 expilaverit,
801 730 912 767 quam
942 718 991 756 ob
1029 730 1106 755 rem
1132 717 1229 757 Hor.
1259 717 1423 756 fabulam
1454 719 1679 770 Aesopicam

125 788 407 827 accommodate
442 788 481 824 in
518 799 602 824 eum
650 785 912 838 transtulerit)
962 785 1071 824 facile
1116 786 1276 836 quisque
1318 786 1522 838 intelliget,
1564 799 1678 837 quam

125 854 373 906 contemptim
399 854 454 895 H.
490 855 539 893 de
577 855 727 906 poetica
765 854 946 892 facultate
977 853 1079 892 Celsi
1107 854 1273 904 sentiat,
1307 867 1421 904 quam
1454 854 1588 894 acerba
1615 868 1678 892 ur-

125 921 297 960 banitate
321 936 410 961 usus
433 935 518 960 eum
540 923 700 973 castiget
724 926 763 960 et
785 922 833 960 ab
860 922 963 974 turpi
986 922 1258 972 inhonestaque
1280 923 1491 961 studiorum
1515 923 1677 961 ratione,

124 994 170 1028 ut
196 991 275 1041 jam
312 990 402 1029 alias
441 992 602 1041 fecerat,
644 990 757 1028 etiam
789 1003 856 1042 per
895 990 993 1028 hanc
1021 991 1071 1028 ad
1097 990 1237 1028 Julium
1276 990 1430 1028 Florum
1464 991 1676 1043 Epistolam

123 1071 280 1098 avocare
308 1061 471 1098 studeat.
482 1060 509 1083 ‘⁶
551 1059 614 1099 Cf.
644 1059 762 1110 ejusd.
787 1059 1000 1098 Comment.
1021 1059 1070 1096 de
1093 1059 1223 1096 Lucio
1252 1058 1374 1096 Vario
1397 1061 1522 1096 Poeta
1546 1073 1584 1110 p.
1606 1057 1674 1099 84.

122 1126 174 1167 Ν.
207 1127 275 1168 69.
335 1128 580 1180 Quapropter
612 1127 879 1166 humanissime
912 1127 1009 1164 illius
1042 1127 1190 1178 juvenis
1227 1128 1476 1178 patrocinium
1509 1128 1675 1178 suscepit

122 1195 192 1236 Fr.
211 1195 422 1233 Jacobsias
441 1196 512 1247 [V.
532 1210 569 1248 p.
590 1193 674 1236 343
694 1208 777 1245 sqq.
789 1196 801 1246 ]
815 1223 827 1246 ,
856 1196 959 1246 cujus
979 1196 1027 1232 ad
1045 1195 1271 1233 sententiam
1291 1196 1448 1234 accessit
1480 1195 1674 1240 oremus,

122 1264 188 1312 qui
215 1269 367 1315 praeter
394 1264 467 1302 alia
495 1264 566 1302 hoc
594 1269 702 1302 acute
733 1265 862 1301 docet:
892 1263 1096 1300 Horatium
1122 1263 1180 1300 his
1209 1263 1332 1301 verbis
1353 1265 1454 1302 idem
1471 1263 1585 1302 Celso
1611 1277 1672 1302 ac-

121 1332 303 1370 clamasse
332 1333 436 1382 quod
467 1331 690 1370 Pisonibus:
731 1332 820 1369 Nec
845 1330 1010 1369 tverbum
1044 1331 1159 1369 verbo
1189 1331 1351 1369 carabis
1383 1333 1544 1370 reddere
1561 1332 1673 1381 fides

122 1400 325 1451 Jnterpres
340 1429 355 1447 ,
398 1415 469 1437 nee
506 1400 662 1437 desilies
702 1401 879 1437 imitalor
907 1400 951 1436 in
982 1401 1144 1436 artum!
1198 1399 1312 1438 Addo
1343 1413 1439 1452 ego,
1471 1401 1535 1451 qui
1566 1404 1671 1438 totus

120 1468 307 1506 assentior
335 1468 422 1507 viris
450 1467 522 1505 illis
557 1468 806 1518 doctissimis,
838 1471 971 1506 nostra
998 1468 1184 1506 sentiendi
1220 1468 1365 1506 ratione
1394 1473 1530 1520 utpote
1550 1468 1670 1507 homi-

118 1549 210 1574 num
243 1549 360 1588 saepe
397 1536 616 1587 bilinguium
648 1542 762 1587 atque
791 1537 926 1573 incude
956 1536 1076 1575 aulica
1105 1536 1311 1587 politorum
1342 1549 1419 1575 non
1450 1537 1567 1575 videri
1591 1549 1670 1574 me-

118 1604 268 1642 tiendos
284 1604 474 1642 liberiores
493 1604 686 1643 hominum
707 1606 949 1655 antiquorum
972 1604 1270 1655 simpliciumque
1291 1617 1426 1643 mores.
1446 1626 1504 1634 —-
1532 1603 1578 1646 V.
1603 1605 1666 1644 16.

116 1673 311 1710 Privatos
349 1665 442 1724 opes
480 1673 727 1724 Doerc'ngius
761 1674 883 1712 minus
921 1677 1093 1712 accurate
1127 1673 1400 1724 interpretatur
1432 1673 1668 1724 „doctrinae

114 1741 264 1793 copiaS,
290 1753 386 1790 quas
405 1741 530 1780 Titius
555 1753 601 1779 ex
629 1754 671 1779 se
694 1742 778 1793 ipso
804 1743 972 1793 hauriat,
998 1753 1076 1779 non
1097 1753 1142 1778 ex
1166 1740 1323 1778 aliorum
1343 1741 1545 1793 scriptis,“
1573 1753 1668 1790 qua-

112 1812 272 1861 propter
303 1821 381 1847 non
406 1809 542 1860 effugit
571 1809 774 1847 humanam
806 1810 987 1848 Jacobsii
1021 1808 1316 1847 admonitionem
1352 1808 1444 1861 (1.l.
1468 1822 1509 1860 p.
1534 1806 1664 1862 344).

112 1877 334 1916 Hoc-heder.
356 1879 503 1917 confert
522 1877 570 1918 A.
586 1877 630 1915 P.
660 1878 755 1918 131.
776 1884 815 1917 et
847 1879 1078 1916 Schmldlus
1104 1877 1152 1915 de
1172 1877 1368 1928 tangendi
1390 1877 1504 1916 verbo
1531 1877 1666 1930 (idque

114 1958 183 1998 per
202 1946 329 1984 literas
355 1947 405 1984 ad
425 1958 484 1983 me
505 1943 636 2000 datas)
660 1945 834 1997 Propert.
858 1947 905 1998 3,
922 1949 945 1989 2
960 1976 973 1995 ‚
996 1947 1060 1986 16.
1080 1949 1119 1983 et
1137 1945 1294 1984 Schrad.
1320 1947 1371 1985 ad
1390 1946 1490 1985 Mus.
1509 1961 1549 1998 p.
1566 1944 1662 1988 204.

117 2013 345 2066 Schefferus
373 2014 423 2051 ad
449 2012 611 2052 Phaedr.
644 2015 689 2064 1,
715 2016 787 2065 22,
819 2016 883 2055 11.
916 2014 1094 2065 intelligit
1112 2016 1226 2064 priv.
1258 2028 1381 2065 opes,
1419 2027 1516 2064 quae
1544 2015 1665 2066 respi-

111 2082 213 2120 ciant
243 2081 435 2119 dominum
469 2093 600 2132 suum,
640 2095 747 2133 eum,
791 2095 814 2120 a
849 2095 925 2131 quo
962 2083 1256 2133 proficiscantur.
1309 2082 1389 2120 Res
1413 2083 1452 2120 in
1481 2085 1664 2134 promptu

111 2153 182 2188 est.
236 2149 332 2187 Hor.
357 2148 512 2186 Celsum
530 2149 578 2186 ab
606 2150 716 2187 anxia
738 2150 978 2199 antiquorum
996 2150 1222 2201 scriptorum
1242 2149 1451 2189 imitatione
1470 2153 1605 2188 avocat
1623 2152 1663 2187 et

110 2219 159 2256 ad
179 2218 442 2269 componenda
458 2216 548 2255 talia
563 2217 726 2254 carmina
745 2217 892 2267 invitat,
909 2229 1005 2266 quae
1022 2218 1159 2268 privati
1176 2218 1253 2254 sint
1259 2218 1367 2268 juris,
1397 2216 1518 2255 Ludit
1535 2220 1661 2254 autem

109 2286 149 2324 in
172 2286 288 2324 verbo
309 2285 521 2337 tangendi,
543 2285 647 2334 quod
663 2297 708 2322 ex
729 2285 875 2324 ratione
894 2287 1166 2323 contrariorum
1189 2286 1448 2324 accommodat
1467 2286 1518 2323 ad
1531 2285 1579 2324 V.
1593 2285 1659 2325 17.

110 2353 330 2390 Palatinus
355 2366 630 2405 quaecumque
660 2355 807 2403 recepit
833 2353 1001 2404 Apollo.
1042 2353 1086 2390 In
1103 2353 1251 2404 porticu
1270 2354 1367 2390 enim
1386 2353 1518 2404 templi
1539 2351 1660 2404 Apol-

109 2421 194 2459 linis
213 2433 248 2461 a.
268 2435 304 2459 u.
323 2422 406 2462 726
425 2421 632 2460 consecrati
666 2421 765 2474 (Od.
794 2421 816 2461 1
832 2449 844 2472 ,
874 2420 962 2473 31.)
982 2421 1191 2459 constituta
1217 2425 1300 2459 erat
1326 2421 1551 2459 bibliotheca
1569 2421 1657 2457 Pa-

110 2488 241 2526 latina
267 2489 438 2540 publica,
473 2491 521 2528 de
549 2502 624 2539 qua
651 2490 727 2528 vid.
756 2489 829 2528 Dio
852 2490 962 2528 Cass.
992 2489 1071 2540 53,
1095 2489 1133 2530 1.
1183 2489 1341 2527 Sueton.
1362 2489 1498 2529 Octav.
1523 2487 1592 2530 29.
1616 2492 1655 2526 et

110 2557 159 2594 de
182 2555 323 2594 Illustr.
358 2557 429 2597 Gr.
452 2558 518 2599 20.
572 2557 668 2596 Plin.
694 2559 746 2597 H.
776 2557 827 2598 N.
858 2556 937 2608 34,
970 2559 1021 2608 8,
1052 2558 1117 2599 22.
1153 2555 1380 2613 (Harduin.)
1402 2558 1514 2596 Ovid.
1532 2556 1651 2597 Trist.

109 2624 158 2675 3,
187 2624 237 2674 1,
265 2624 335 2664 60.
383 2625 524 2662 Duc-or
551 2626 611 2664 ad
633 2627 783 2664 intonsi
802 2626 979 2663 candida
1006 2625 1156 2676 templa
1181 2626 1263 2662 Dec·
1276 2647 1333 2655 -—·
1371 2626 1560 2678 Quaeque
1575 2627 1656 2664 viri

109 2691 222 2729 docto
257 2698 402 2729 veteres
435 2706 568 2743 cepere
598 2698 769 2747 novique
802 2696 992 2740 Pectore,
1030 2693 1192 2731 lecturis
1223 2695 1472 2745 inspicienda
1487 2702 1646 2747 patent.

107 2759 289 2811 Calpurn.
310 2758 391 2796 Ecl.
415 2757 464 2811 4,
485 2761 578 2802 158.
613 2763 712 2812 Fer,
742 2762 940 2801 AMeZlboee
951 2791 966 2808 ,
996 2763 1085 2799 Deo
1111 2775 1200 2799 mea
1219 2764 1402 2801 carmina
1415 2779 1428 2801 :
1459 2778 1556 2801 nam
1578 2763 1653 2802 tibi

106 2827 176 2878 fas
205 2834 262 2865 est
295 2827 426 2864 Sacra
461 2828 649 2867 Palatini
667 2832 893 2882 penetralia
934 2833 1058 2868 visere
1095 2830 1254 2869 Phoebi.
1320 2831 1415 2870 Eam
1445 2832 1650 2883 respiciunt

106 2893 232 2945 Epist.
255 2895 302 2946 2,
335 2894 385 2946 1,
415 2895 513 2938 216.
550 2898 599 2949 2,
624 2898 693 2939 94.
736 2899 866 2939 Iuven.
899 2901 940 2950 7,
976 2899 1045 2939 37.
1093 2898 1257 2938 Martial.
1292 2899 1366 2952 12,
1402 2901 1449 2948 3,
1481 2903 1522 2941 7.
1559 2901 1646 2941 Vet.

108 2961 242 3004 Graec.
269 2963 444 3005 Sentent.
479 2966 538 3004 ed.
571 2966 684 3006 Orell.
711 2967 738 3006 Ι.
775 2982 814 3020 p.
839 2967 933 3010 213.
961 2966 1083 3018 696.,
1119 2967 1191 3005 alii.
1240 2968 1484 3022 Quapropter
1514 2971 1646 3008 mirum
