2028 3268
416 247 500 288 200
552 247 928 288 COMMENTARII
955 247 1012 285 IN
1041 246 1267 286 HORATII
1293 247 1392 288 LIB.
1421 249 1451 288 Ι.
1479 249 1642 289 EPIST.
1667 250 1823 292 TERT.
1882 253 1936 294 10

417 383 493 408 non
521 376 609 408 sunt
638 371 833 419 audiendi,
872 371 954 419 qui,
991 374 1034 407 ut
1057 370 1314 420 Britannicus,
1352 370 1534 422 Irenicus,
1572 371 1824 425 Desprezius,
1859 374 1933 424 alii,

419 437 492 474 od.
517 437 556 486 4,
579 439 617 478 2.
640 437 759 473 eidem
780 435 891 472 Floro
908 436 1122 486 inscriptam
1141 437 1352 487 opinantur.

530 529 555 551 „
568 502 700 538 Florus
716 501 834 550 fuit“‚
863 504 906 537 ut
923 501 975 538 ait
990 501 1222 551 Porphyrion
1233 530 1245 553 ,
1268 503 1508 553 „Satirarum
1525 505 1705 555 scriptor,
1721 506 1822 555 cujus
1843 507 1933 541 sunt

417 569 555 607 electae
579 580 623 604 ex
642 567 762 605 Ennio
776 594 788 615 ‚
815 565 977 617 Lucilio,
1010 567 1190 610 Varrone,
1248 569 1336 607 Fuit
1357 574 1481 606 autem
1509 583 1602 607 unus
1627 582 1672 607 ex
1694 571 1840 608 Claudii
1856 569 1933 608 Ne-

417 635 516 672 ronis
556 633 718 671 cohorte.
733 633 758 655 ‘⁶
821 632 964 683 Acron,
1009 635 1066 670 cui
1101 636 1150 671 ad
1188 636 1340 673 verbum
1380 637 1564 674 consentit
1604 636 1725 674 Schol.
1757 636 1931 685 Cruquii:

416 699 559 749 „Julius
589 698 745 750 Florus,
773 700 822 735 ad
849 711 958 748 quem
987 699 1077 737 haec
1103 701 1242 751 scripta
1257 702 1453 752 leguntur,
1479 704 1518 740 in
1536 703 1687 740 cohorte
1712 703 1782 739 fuit
1800 703 1933 739 amico-

416 778 518 814 rum,
556 765 580 804 i.
611 776 643 803 e.
667 766 764 802 inter
798 766 934 803 amicos
952 765 1091 803 Tiberii
1108 767 1268 805 Neronis
1288 769 1455 818 Claudii,
1484 770 1546 818 qui
1564 769 1609 806 ab
1627 767 1798 817 Augusto
1815 769 1934 817 impe-

415 832 509 868 rium
541 831 711 882 accepit“
737 835 807 869 etc.
865 831 924 868 De
954 833 1023 870 hoc
1055 832 1150 871 Julio
1179 834 1291 872 Floro
1320 836 1484 885 erudite,
1515 839 1557 872 ut
1581 835 1702 884 solet,
1730 833 1934 884 disputavit

420 897 670 935 lVeielzertas
688 897 726 933 in
751 898 864 934 Poet.
892 899 987 936 Lat.
1013 900 1146 950 Reliq.
1178 915 1215 952 p.
1235 900 1317 943 364
1338 914 1421 950 sqq.
1478 901 1514 938 Is
1534 900 1798 952 Porphyrionis
1821 898 1934 938 verba

414 965 468 1001 ita
505 964 746 1013 intelligenda
772 969 903 1015 putat,
939 970 981 1003 ut
1005 966 1155 1003 Florum
1195 980 1239 1004 ex
1274 967 1418 1017 Ennio,
1455 969 1623 1018 reliquis,
1661 979 1754 1016 quos
1788 969 1935 1004 constet

415 1031 606 1081 scripsisse
632 1031 796 1080 Satiras,
834 1033 1108 1080 praestantiora
1136 1034 1296 1070 carmina
1320 1035 1476 1083 elegisse
1510 1048 1626 1084 eaque
1653 1035 1812 1072 fortasse
1838 1033 1934 1070 anti-

415 1098 566 1146 quitatis
598 1098 721 1146 rigore
751 1098 997 1146 sordibusque
1015 1098 1191 1136 abstersis
1213 1103 1252 1136 et
1275 1102 1525 1139 emendatiora
1545 1105 1584 1138 et
1603 1101 1831 1150 elegantiora
1855 1100 1932 1137 edi-

415 1165 514 1201 disse
537 1168 757 1201 statuamus.
814 1161 1019 1213 Propterea
1038 1165 1126 1202 Viro
1149 1166 1361 1204 doctissimo
1385 1168 1531 1205 videtur
1555 1168 1713 1218 factum,
1741 1171 1783 1204 ut
1801 1167 1932 1204 Florus

414 1235 495 1282 ipse
528 1231 732 1268 Satirarum
761 1231 919 1281 scriptor
950 1231 1209 1281 appellaretur.
1277 1234 1418 1278 Quidni
1449 1235 1637 1284 scripserit
1663 1234 1743 1283 ipse
1761 1232 1932 1270 Satiras?

415 1297 601 1347 Quicquid
634 1301 713 1347 est,
743 1298 817 1334 veri
837 1297 988 1333 similius
1017 1298 1211 1336 habebitur
1230 1301 1332 1347 quod
1362 1301 1408 1336 de
1427 1301 1560 1350 Floro,
1587 1300 1639 1337 M.
1662 1299 1782 1337 Porcii
1798 1297 1933 1336 Latro-

414 1366 471 1401 nis
503 1365 692 1413 auditore,
729 1376 838 1412 quem
864 1370 1125 1403 commemorat
1153 1367 1293 1403 Seneca
1311 1366 1348 1402 in
1379 1367 1558 1407 Controv.
1591 1366 1638 1416 4,
1674 1366 1740 1407 25.
1777 1378 1816 1415 p·
1838 1366 1931 1406 283-

414 1432 514 1483 Rip„
543 1431 698 1467 tradunt
726 1430 990 1481 Spaldingizcs
1015 1433 1064 1469 ad
1085 1433 1243 1478 Quintil.
1264 1433 1358 1472 lnst.
1381 1433 1445 1482 10,
1466 1433 1506 1482 3,
1539 1433 1600 1472 13.
1625 1436 1664 1470 et
1685 1431 1934 1470 Weichertus

414 1499 484 1536 hoc
504 1499 586 1548 ipso
609 1497 703 1537 loco.
759 1497 879 1534 Julius
900 1498 1032 1535 Florus
1060 1502 1102 1535 ut
1127 1499 1224 1535 idem
1242 1500 1372 1548 fuerit,
1401 1511 1509 1547 quem
1527 1499 1774 1544 Quintilianus
1792 1499 1834 1534 in
1853 1497 1933 1533 elo-

416 1566 576 1616 quentia
614 1563 845 1600 Galliarum
872 1565 1095 1614 principem
1122 1569 1251 1614 vocat,
1280 1570 1320 1602 at
1349 1565 1509 1602 dubitari
1539 1570 1686 1615 potest,
1716 1565 1817 1613 quod
1845 1576 1933 1614 pru-

415 1633 546 1669 denter
565 1630 783 1680 significavit
813 1630 983 1666 Orellms
995 1658 1012 1675 ,
1041 1632 1199 1668 eundem
1214 1631 1350 1668 Julium
1366 1631 1516 1668 Florum
1537 1632 1725 1668 minimum
1742 1629 1794 1668 65
1815 1641 1932 1666 annos

413 1702 544 1736 natum
575 1696 904 1732 exstimulatorem
935 1698 1170 1733 acerrimum
1194 1697 1416 1734 rebellionis
1447 1699 1546 1734 inter
1576 1699 1758 1734 Treveros
1781 1696 1931 1746 finisse,

414 1769 511 1802 teste
529 1763 662 1800 Tacito
681 1763 718 1799 in
737 1761 872 1799 Annal.
895 1762 944 1811 3,
974 1760 1040 1801 40.
1053 1791 1064 1813 ,
1094 1775 1204 1812 quam
1220 1775 1318 1813 rem,
1349 1777 1442 1813 quae
1459 1765 1587 1802 incidit
1604 1764 1642 1800 in
1661 1776 1692 1802 a.
1714 1763 1764 1803 U.
1784 1763 1830 1799 C.
1851 1761 1932 1801 774

415 1835 454 1868 et
485 1834 655 1868 octavum
685 1829 827 1867 Tiberii
858 1830 1074 1878 imperantis
1102 1843 1259 1879 annum,
1290 1835 1446 1879 uterque
1478 1832 1532 1868 vir
1551 1832 1683 1868 doctus
1701 1830 1784 1867 huic
1814 1829 1934 1866 eidem

413 1898 524 1935 Floro
545 1897 746 1934 attribuere
762 1908 839 1932 non
858 1896 1014 1936 dubitat.
1072 1897 1247 1934 Ceterum
1269 1897 1415 1934 silentio
1435 1910 1510 1934 non
1526 1901 1583 1934 est
1604 1896 1934 1947 praetermittenda

423 1965 616 2001 Torrenm·
647 1963 794 2013 opinio,
821 1975 932 2011 „qua
959 1962 1077 1999 Julius
1105 1963 1237 2000 Florus
1267 1976 1288 2000 e
1316 1964 1503 2013 provincia
1522 1965 1669 2000 videtur
1687 1963 1818 2009 fuisse;
1847 1973 1934 1998 nam

413 2032 586 2069 Caesaris
629 2029 819 2067 dictatoris
858 2029 1034 2067 beneficio
1070 2030 1175 2067 multi
1211 2030 1486 2081 provincialium
1517 2031 1576 2079 jus
1613 2029 1771 2068 civitatis
1804 2029 1934 2078 adepti

413 2102 614 2149 propterea
646 2098 683 2134 in
717 2108 852 2132 nomen
880 2097 1003 2145 gentis
1029 2097 1146 2134 Juliae
1171 2097 1343 2134 venere.“
1397 2096 1431 2134 A
1455 2097 1652 2135 Torrentio
1676 2109 1754 2134 non
1777 2095 1934 2135 multum

413 2165 614 2202 abhorrent
642 2164 881 2200 Sanadonas
903 2164 950 2200 ad
970 2163 1090 2214 Epist.
1114 2166 1152 2214 2,
1170 2165 1207 2213 2,
1226 2167 1260 2203 1.
1284 2169 1322 2201 et
1340 2163 1573 2214 Dorighello
1593 2163 1680 2215 (ΠΙ.
1701 2177 1738 2213 p.
1761 2162 1854 2202 172.
1874 2161 1932 2198 ed.

414 2230 493 2283 2.),
538 2235 672 2281 utpote
701 2232 763 2279 qui
790 2230 940 2268 Florum
970 2231 1121 2267 natione
1150 2231 1299 2268 Gallum
1329 2231 1441 2268 fuisse
1470 2232 1678 2282 opinentur.
1734 2227 1820 2266 Alia
1847 2229 1932 2265 vide

414 2300 514 2350 apud
536 2300 717 2335 Masson.
742 2298 781 2334 in
813 2298 853 2333 V
849 2299 892 2334 it.
917 2299 1062 2334 Horat.
1086 2312 1124 2348 p.
1146 2298 1227 2338 290
1253 2310 1339 2346 sqq.

524 2366 682 2415 Restat,
709 2368 752 2402 ut
782 2368 951 2415 tempus,
991 2377 1064 2413 quo
1095 2365 1233 2414 scripta
1264 2365 1314 2401 sit
1351 2364 1442 2401 haec
1469 2361 1664 2413 Epistola,
1702 2361 1931 2399 definiamus.

414 2433 669 2484 Expeditionis
703 2435 827 2469 autem
867 2431 1103 2470 Armeniacae
1135 2430 1338 2482 locupletes
1375 2433 1523 2467 exstant
1556 2433 1692 2477 testes,
1733 2432 1776 2465 ut
1805 2427 1932 2477 Vellej.

414 2501 558 2537 Patere.
583 2501 630 2549 2,
659 2497 727 2537 94.
752 2500 837 2548 ibiq.
857 2498 1055 2536 Ruhnken.
1070 2528 1079 2543 ‚
1116 2498 1270 2534 sueton.
1292 2496 1377 2533 Tib.
1404 2495 1441 2533 9.
1467 2492 1530 2533 14.
1553 2494 1645 2536 Tac.
1665 2494 1800 2535 Annal.
1823 2495 1862 2543 2,
1891 2494 1932 2534 3.

415 2567 505 2616 ibiq.
523 2566 642 2616 Lips.‚
669 2565 742 2603 Dio
760 2566 866 2605 Cass.
883 2563 949 2615 54,
979 2565 1016 2603 9.
1058 2564 1117 2601 Cf.
1139 2563 1308 2602 Norisius
1327 2562 1376 2599 ad
1396 2561 1604 2611 Cenotaph.
1622 2560 1744 2599 Pisan.
1761 2559 1861 2597 Diss.
1880 2559 1932 2609 ΙΙ,

416 2634 454 2671 9.
483 2648 520 2684 p.
546 2633 652 2682 185„
682 2634 746 2671 16.
781 2647 817 2683 p.
841 2633 934 2674 293.
990 2631 1153 2669 Masson.
1182 2630 1206 2667 l.
1237 2629 1259 2667 l.
1281 2643 1319 2679 p.
1342 2627 1420 2668 285
1442 2641 1538 2677 sqq,
1564 2628 1726 2665 Schmid.
1743 2628 1791 2664 ad
1809 2626 1930 2676 Epist.

419 2700 484 2748 12,
513 2701 601 2748 26.‚
630 2700 791 2749 interpp.
827 2701 876 2737 ad
897 2700 973 2739 Od.
1001 2700 1047 2747 2,
1077 2697 1123 2746 9,
1153 2696 1216 2735 19.
1272 2695 1329 2732 Ex
1348 2695 1404 2731 his
1432 2695 1522 2746 ipsis
1541 2695 1664 2744 colligi
1681 2694 1789 2743 lieet,
1818 2692 1932 2730 Tibe—

415 2766 510 2802 rium
536 2767 685 2803 ineunte
709 2778 808 2803 anno
838 2765 887 2802 U.
910 2765 956 2801 C.
979 2761 1062 2803 734-
1089 2763 1210 2801 adisse
1237 2760 1448 2811 Augustum
1477 2763 1515 2799 in
1536 2763 1647 2799 Samo
1676 2761 1931 2798 hibernantem

417 2835 529 2880 atque
549 2832 634 2868 inde
653 2845 766 2870 verno
790 2836 957 2882 tempore
983 2831 1032 2868 ad
1054 2829 1272 2879 exercitum,
1301 2841 1409 2877 quem
1432 2830 1470 2866 in
1490 2830 1682 2867 Orientem
1701 2827 1784 2864 duci
1800 2825 1932 2875 jussis-

417 2903 476 2937 set
511 2897 725 2949 Augustus,
763 2912 845 2938 esse
877 2899 1107 2950 profectum,
1144 2908 1218 2946 quo
1254 2896 1386 2934 nuntio
1411 2895 1569 2936 Romam
1593 2895 1707 2936 allato
1732 2891 1932 2932 Horatium
