2028 3268
131 269 216 312 103
273 266 652 307 COMMENTARH
680 268 739 307 IN
767 265 994 307 HORATII
1022 266 1124 306 LIB.
1147 267 1177 306 1.
1199 264 1364 304 EPIST.
1386 264 1534 304 SEPT.
1595 262 1681 305 375

128 394 226 433 sima
245 392 379 432 Orellii
399 391 665 431 observatione
684 393 851 432 nonnulli
871 395 1118 444 interpretes,
1139 395 1179 430 ut
1205 390 1485 438 Welandius,
1503 390 1552 429 L.
1574 391 1679 429 Mar—

128 462 228 502 cium
241 460 455 513 Philippum
475 461 592 499 filium
612 474 692 499 cos.
710 473 745 498 a.
767 475 806 500 u.
827 461 924 511 698,
946 463 1010 512 qui
1028 462 1100 500 fuit
1118 461 1273 500 vitricus
1296 459 1470 511 Augusti,
1491 474 1576 499 cum
1598 462 1680 511 ejus

125 534 238 583 patre
258 531 501 582 cognomine,
523 543 637 580 quem
655 530 717 568 hic
736 529 815 567 vult
833 529 1029 568 Horatius.
1067 529 1128 567 De
1147 530 1220 568 hoc
1240 531 1315 568 vid.
1336 530 1503 568 Ellendt.
1525 530 1575 567 ad
1595 529 1677 567 Cic.

125 599 236 638 Brut.
266 611 306 650 p.
333 597 511 637 LXXVII
539 610 599 648 sq.
658 598 785 637 Beier.
823 599 873 636 ad
907 598 990 635 Cic.
1025 598 1140 639 offic.
1172 601 1221 648 2,
1263 600 1339 648 17,
1377 599 1447 640 59.
1490 604 1530 638 et
1555 598 1676 636 Orell.

126 667 366 706 Onomastic.
397 666 434 705 T
436 666 514 704 ull.
535 680 573 718 p.
603 667 688 707 380
717 679 777 718 sq.
836 666 1043 705 Praeterea
1072 666 1235 718 Philippi
1265 668 1384 718 patris
1415 669 1577 706 facetiae
1606 681 1677 706 no-

123 736 296 776 tissimae
324 740 456 786 erant,
503 734 570 773 filii
598 748 675 774 non
701 736 808 774 item.
866 734 1034 774 Vocatur
1066 743 1253 774 strennus
1291 741 1331 774 et
1362 738 1486 788 fortis
1513 737 1562 774 de
1589 749 1677 774 sen-

123 805 245 844 tentia
269 804 551 853 nonnullorum,
582 804 686 854 quod
712 803 843 842 consul
866 805 904 842 in
931 805 1058 855 ipsum
1087 809 1261 843 senatum
1290 807 1457 855 graviter
1476 805 1677 855 aliquando

122 874 296 913 invectus
323 873 375 911 sit
402 873 486 911 Cic.
516 872 566 910 de
597 872 669 910 Or.
699 872 752 921 3,
786 875 832 922 1,
865 875 929 922 2.,
958 874 1062 923 quod
1093 886 1230 911 censor
1260 875 1482 912 avunculum
1511 875 1549 911 in
1578 875 1677 912 reci-

122 942 240 980 tando
271 945 408 980 senatu
443 940 683 992 praeterierit
712 940 794 979 Cic.
824 954 884 992 pr.
917 941 1032 980 Dom.
1062 942 1141 991 32,
1187 939 1257 983 84.
1295 942 1423 980 collat.
1454 943 1503 981 de
1531 943 1601 980 Or.
1632 942 1676 991 3,

127 1010 171 1060 1,
200 1007 241 1049 4.
271 1009 429 1047 homini
456 1015 495 1046 et
521 1007 743 1046 vehementi
769 1017 806 1047 et
834 1009 979 1047 diserto
1008 1017 1047 1046 et
1074 1011 1259 1061 inprimis
1275 1011 1381 1062 forti
1408 1010 1467 1048 ad
1491 1011 1677 1047 resisten-

119 1076 220 1116 dum
247 1077 472 1128 Phihppm
518 1077 619 1116 malo
649 1078 826 1128 equidem
850 1091 894 1116 ex
924 1078 1067 1116 usitata
1096 1079 1366 1117 honestissime
1395 1078 1572 1116 laudandi
1595 1078 1675 1115 for-

118 1145 248 1196 mula,
285 1158 398 1196 quam
425 1145 636 1185 luculenter
663 1147 835 1186 declarat
863 1148 1013 1186 Seneca
1040 1147 1080 1185 in
1108 1147 1183 1198 Ep.
1213 1148 1282 1187 77.
1342 1146 1516 1184 Amicus
1546 1151 1677 1182 noster

125 1213 310 1259 Stoicus,
339 1213 456 1252 homo
482 1215 684 1266 egregia-5,
716 1222 754 1252 et
782 1223 830 1253 ut
854 1215 986 1253 verbis
1013 1215 1133 1253 illam
1162 1215 1308 1267 quibus
1334 1215 1502 1253 laudari
1524 1215 1676 1267 dignus

117 1288 194 1328 est,
223 1281 406 1329 laudem,
435 1283 500 1320 νίν
518 1284 642 1335 fortis
670 1298 721 1322 ac
749 1291 948 1322 strenuas.
1006 1285 1088 1322 Cic.
1119 1283 1214 1322 Phil.
1248 1286 1289 1334 2,
1316 1285 1387 1335 32,
1417 1286 1486 1325 78.
1517 1283 1673 1330 redisti,

118 1356 167 1388 ut
193 1359 443 1402 cognosceret
469 1359 523 1398 te,
551 1354 590 1390 si
617 1354 751 1390 mimis
767 1354 928 1405 fortem,
957 1359 1136 1390 attamen
1159 1359 1379 1392 strenuum.
1423 1351 1585 1390 Liviana
1605 1366 1672 1390 ex-

47 1470 53 1474 >
116 1419 244 1470 empla
273 1419 428 1471 collegit
456 1419 632 1459 Fabrias
663 1422 712 1459 ad
742 1421 826 1460 Liv.
858 1423 938 1471 21,
968 1419 1019 1470 4,
1055 1419 1113 1470 4.,
1143 1421 1218 1459 alia
1244 1422 1353 1459 Cort.
1381 1421 1429 1458 ad
1458 1421 1552 1458 Sall.
1582 1421 1669 1459 Cat.

115 1485 196 1537 51,
228 1488 323 1538 16.,
352 1488 455 1527 conf.
485 1489 587 1527 idem
616 1475 668 1528 ¹¹ad
699 1489 796 1528 Plin.
829 1490 954 1542 Epist.
987 1487 1040 1538 4,
1071 1489 1149 1538 29,
1182 1491 1221 1530 2.
1280 1488 1466 1526 Doederl.
1496 1490 1590 1539 Syn.
1622 1489 1669 1527 Il.

114 1569 156 1607 p.
179 1555 278 1597 130.
336 1555 399 1595 De
428 1557 540 1595 simili
570 1558 733 1596 formula
754 1559 856 1610 fort.
893 1565 930 1595 et
963 1557 1089 1595 bonus
1119 1558 1195 1595 vid.
1220 1557 1270 1595 ad
1298 1558 1341 1608 9,
1373 1557 1439 1598 13.
1465 1556 1583 1594 -V.
1600 1555 1669 1597 47.

112 1621 167 1661 ab
196 1623 366 1674 officiis,
414 1629 459 1664 ut
496 1626 620 1664 causis
659 1627 867 1665 amicorum
902 1627 1173 1677 clientiumque
1209 1627 1249 1664 in
1283 1627 1370 1665 soro
1400 1626 1668 1664 defendendis.

115 1691 229 1732 conf.
251 1693 383 1731 Burm.
413 1697 453 1732 et
482 1694 609 1735 Bentl.
638 1696 689 1733 ad
714 1694 879 1733 Phaedr.
915 1696 955 1736 3.
987 1694 1086 1746 prol.
1113 1694 1153 1735 5.
1200 1715 1256 1723 —
1297 1701 1484 1732 octavam
1514 1695 1671 1730 cab-citer

112 1759 268 1810 horam,
295 1762 321 1799 i.
343 1774 366 1799 e
394 1762 563 1813 peractis
589 1763 703 1800 solito
724 1767 900 1814 tempore
919 1763 1085 1813 negotiis
1106 1763 1264 1800 diurnis.
1322 1762 1383 1800 De
1403 1761 1504 1799 liora
1522 1768 1669 1798 octava

112 1829 188 1868 vid.
218 1829 348 1868 Schol.
379 1831 430 1868 ad
456 1830 543 1868 Juv.
577 1833 627 1882 1,
656 1829 725 1870 49.
784 1831 901 1870 Mart.
932 1829 974 1881 4,
1004 1831 1046 1880 8,
1075 1828 1114 1871 4.
1174 1830 1286 1881 Peyr.
1315 1835 1354 1868 et
1390 1830 1586 1868 Heinrich.
1618 1830 1667 1867 ad

114 1897 195 1937 Cic.
227 1899 353 1938 Oratt.
380 1899 537 1949 Fragm.
572 1913 612 1950 p.
642 1900 737 1940 173.
764 1900 840 1938 ed.
869 1899 996 1938 Beier.
1055 1898 1116 1936 De
1145 1900 1294 1937 ratione
1329 1903 1459 1937 autem
1486 1898 1666 1936 horarum

111 1970 205 2017 post
232 1967 354 2005 Gesn.
378 1968 428 2004 ad
449 1966 549 2005 Plin.
581 1967 708 2018 Epist.
735 1967 779 2017 3,
810 1969 850 2018 1,
881 1968 948 2018 8.,
977 1967 1119 2006 Heind.
1147 1970 1197 2006 ad
1226 1969 1309 2007 Sat.
1335 1970 1376 2017 1,
1405 1966 1447 2016 5,
1478 1967 1545 2008 23.
1578 1979 1665 2005 eru—

113 2034 192 2072 dite
219 2033 393 2085 disputat
415 2034 578 2072 Becker.
607 2036 659 2072 ad
688 2036 790 2073 Gall.
821 2036 853 2073 I.
883 2049 923 2087 p.
958 2036 1054 2076 183.
1096 2057 1148 2065 ——
1201 2036 1247 2074 V.
1278 2033 1349 2076 48.
1385 2035 1485 2086 jbro
1514 2035 1665 2072 distare

116 2101 303 2139 Carinas.
359 2101 484 2140 Recte
511 2101 686 2139 Orellias
716 2103 761 2140 iis
789 2103 1024 2152 obloquitur,
1055 2104 1119 2153 qui
1141 2103 1234 2154 foro
1254 2116 1325 2154 pro
1346 2101 1487 2141 Dativo
1507 2103 1663 2152 habent,

111 2183 227 2220 quum
259 2169 333 2207 alia
360 2171 458 2208 ratio
487 2171 526 2207 in
553 2171 729 2221 personis
759 2171 832 2220 sit,
881 2174 921 2207 ut
950 2170 1078 2220 Epist.
1112 2171 1190 2220 18,
1231 2169 1272 2211 4.
1338 2171 1510 2208 Carinae
1536 2174 1664 2208 autem

110 2239 216 2276 vicus
243 2238 392 2277 Romae
430 2237 700 2276 celeberrimus
734 2239 772 2275 in
802 2238 959 2289 regione
990 2237 1053 2275 IV.
1078 2239 1307 2276 constitutus
1334 2238 1383 2275 ab
1411 2237 1594 2276 aedificiis
1624 2237 1663 2275 in

108 2309 263 2347 modum
288 2307 502 2345 carinarum
527 2307 639 2344 factis
669 2310 826 2344 vocatus
855 2318 942 2344 esse
971 2306 1108 2343 dicitur
1131 2306 1267 2344 Servio
1296 2307 1347 2343 ad
1373 2303 1478 2354 Virg.
1500 2303 1596 2342 Aen.
1619 2306 1661 2354 8,

107 2376 233 2426 361„
270 2375 335 2414 ubi
362 2376 438 2414 vid.
468 2374 627 2425 Forbig.
684 2374 840 2414 Ruhnk.
869 2374 921 2411 ad
949 2373 1082 2425 Vellej.
1114 2375 1164 2424 2,
1193 2375 1277 2425 77,
1307 2375 1346 2414 1.
1377 2377 1417 2411 et
1444 2371 1581 2410 Lamb.
1611 2373 1660 2410 ad

107 2444 148 2483 h.
180 2444 208 2482 l.
266 2443 322 2483 Ibi
354 2443 540 2495 templum
578 2443 653 2481 fuit
684 2441 873 2491 Telluris,
921 2443 1038 2480 aedes
1077 2441 1236 2479 Junonis
1271 2442 1475 2491 Sororiae,
1526 2442 1659 2479 domus

108 2511 297 2564 Pompeii,
323 2512 493 2561 Antonii,
524 2512 574 2557 Q.
603 2509 802 2548 Ciceronis
831 2508 1067 2560 aliorumque
1096 2510 1263 2548 virorum
1290 2510 1503 2560 principum
1533 2514 1572 2547 et
1599 2509 1659 2560 ip-

107 2579 189 2618 sius
211 2580 390 2632 Philippi.
449 2582 577 2626 Quum
606 2579 732 2617 forum
757 2578 975 2615 Romanum
999 2578 1039 2615 in
1063 2579 1220 2628 regione
1245 2578 1329 2616 VII.
1360 2582 1487 2627 esset,
1517 2577 1658 2628 grand—

107 2661 225 2687 aevus
255 2648 476 2700 Philippus,
511 2661 626 2698 quem
656 2648 714 2685 via
744 2646 860 2696 longa
888 2645 1146 2696 defatigabat,
1187 2659 1277 2685 vere
1307 2650 1538 2695 conquestus
1568 2658 1655 2683 esse

109 2717 281 2766 videtur,
330 2716 435 2767 quod
478 2716 652 2754 Carinae
683 2716 771 2752 foro
810 2714 963 2751 nimium
999 2714 1198 2752 distarent.
1258 2714 1323 2751 Cf.
1351 2712 1466 2751 Face.
1495 2714 1545 2750 ad
1573 2713 1653 2751 Cic.

107 2781 296 2823 Paradox.
315 2785 358 2834 6,
386 2783 430 2833 3,
459 2782 526 2824 50.
558 2784 619 2822 ed.
641 2783 787 2822 Gernh.
847 2780 968 2820 Aliter
995 2782 1043 2819 de
1068 2781 1139 2820 hac
1166 2795 1209 2820 re
1238 2782 1386 2820 videtur
1410 2782 1552 2820 sentire
1582 2781 1651 2819 Fr.

106 2850 266 2890 Jacobs.
306 2865 344 2902 p.
378 2850 472 2892 119.
530 2849 591 2889 De
636 2852 796 2890 Carinis
835 2851 936 2888 conf.
967 2850 1106 2889 Graev.
1135 2849 1254 2889 Thes.
1292 2849 1412 2900 antiq.
1439 2849 1555 2888 Rom.
1584 2850 1651 2888 Ill.
1718 2844 1726 2851 '

106 2931 147 2970 p.
175 2920 245 2960 37.
273 2932 360 2970 sqq.
392 2923 432 2958 et
457 2918 602 2958 Sachse
630 2919 815 2970 „Gesclu
846 2933 884 2957 u.
915 2916 1136 2957 Beschreib.
1165 2919 1235 2956 der
1262 2917 1327 2958 alt.
1356 2917 1470 2956 Stadt
1496 2918 1610 2957 Rom.
1621 2918 1650 2941 ‘⁶

106 2985 136 3027 1.
166 3000 207 3038 p.
242 2987 335 3029 183.
