2028 3268
322 271 402 313 160
432 275 794 312 COMMENTARII
824 273 876 310 ΙΝ
906 272 1121 309 HORATII
1140 271 1309 310 EPIST.
1335 272 1550 312 SECUND.
1577 275 1675 312 LIB.
1698 275 1729 312 1.
1787 271 1840 314 54

322 385 458 422 tharae
480 398 591 422 voces
608 391 760 421 acutas.
822 382 882 420 Cf.
914 382 978 419 Fr.
1007 381 1165 420 Jacobs.
1204 381 1255 419 ad
1281 384 1401 434 Prop.
1429 385 1470 434 2,
1498 385 1565 434 20,
1595 385 1634 426 5.
1669 386 1712 421 in
1741 384 1840 422 Blu-

321 454 444 490 menl.
473 454 522 490 ΙΙ.
552 466 592 503 p.
624 451 718 490 185.
748 455 786 485 et
814 447 944 485 Hand.
973 449 1092 487 Turs.
1120 451 1151 486 Ι.
1181 463 1219 500 p.
1251 449 1319 490 98.

429 520 476 557 V.
504 518 570 558 32.
598 518 666 557 33.
708 516 761 552 Ut
778 537 832 543 -
851 517 1152 566 expergisceris?
1208 518 1341 554 Filum
1379 518 1661 556 sententiarum
1697 518 1839 556 subtile

322 586 527 625 deducitur
555 597 578 620 a
613 595 753 620 somno
782 583 824 618 in
855 581 961 619 diem
989 589 1176 632 extracto,
1205 584 1248 621 id
1277 584 1385 636 quod
1411 587 1575 623 Potitum
1605 591 1840 633 commovet,

321 660 364 691 ut
393 654 436 689 in
465 650 656 689 desidiam
683 650 944 700 inertiamque
973 649 1194 689 invehatur.
1250 654 1296 688 In
1333 651 1408 690 hac
1434 658 1569 689 tamen
1596 664 1700 690 nova
1729 652 1841 703 quasi

321 725 621 771 praeceptorum
648 722 781 753 satura
802 716 915 752 lance
940 717 1071 755 Lollio
1094 720 1272 770 apposita
1291 721 1518 767 Homerum,
1547 717 1655 770 quod
1677 718 1841 756 Gesneri

322 785 523 822 annotatio
561 782 735 821 indicare
772 782 948 831 videtur,
985 796 1102 822 nemo
1141 785 1244 823 dicet
1275 799 1327 823 ex
1356 787 1479 824 oculis
1508 798 1592 823 esse
1627 785 1840 823 sublatum.

322 851 508 890 Similem
535 856 667 887 aute-m
686 849 985 901 argumentandi
1004 853 1195 890 rationem
1223 852 1345 891 habes
1375 854 1412 902 1,
1438 851 1507 893 45.
1536 852 1586 890 cf.
1616 852 1656 900 2,
1678 853 1718 899 2,
1747 848 1842 891 149.

319 919 379 954 De
414 916 634 954 latronibus
669 918 734 954 vel
761 917 1024 968 praedonibus
1059 919 1129 956 illo
1158 926 1335 971 tempore
1377 927 1416 957 et
1449 921 1489 956 in
1526 919 1623 956 urbe
1663 925 1703 956 et
1731 925 1842 956 extra

322 985 506 1035 grassatis
545 983 626 1022 vid.
662 984 805 1022 Heind.
843 984 894 1022 ad
922 986 1005 1023 Sat.
1035 987 1073 1033 1,
1103 987 1142 1035 2,
1176 985 1243 1028 43.
1281 994 1320 1024 et
1346 986 1500 1025 Dissen.
1531 985 1581 1023 ad
1609 986 1703 1024 Tib.
1733 987 1772 1035 1,
1801 988 1842 1034 2,

321 1053 390 1092 26.
445 1050 621 1090 Verbum
638 1051 867 1101 jugulandi
895 1051 943 1089 de
964 1051 1081 1089 caede
1106 1055 1244 1105 quovis
1263 1053 1383 1092 modo
1403 1058 1624 1105 perpetrata
1646 1051 1737 1100 dici,
1768 1051 1843 1091 do-

321 1125 383 1156 cet
403 1119 644 1156 Graecorum
671 1119 913 1171 δειροτομεῖν
942 1131 1173 1170 comparans
1190 1119 1374 1158 Gataker.
1393 1121 1435 1157 iu
1453 1119 1555 1157 Adv.
1574 1120 1684 1157 Misc.
1704 1118 1842 1157 Posth-

323 1200 358 1223 c.
388 1184 456 1226 47.
483 1199 524 1236 p.
545 1186 639 1225 913.
671 1191 788 1237 atque
817 1183 926 1222 haud
954 1188 1034 1224 scio
1063 1199 1114 1224 an
1142 1189 1358 1225 accuratius
1387 1200 1471 1224 rem
1501 1186 1718 1225 definiverit
1735 1187 1843 1224 Doe-

324 1252 513 1290 derlinius
543 1253 585 1288 in
612 1252 709 1304 Syn.
742 1254 812 1289 111.
839 1266 879 1303 p.
912 1253 1003 1292 189.
1024 1277 1074 1284 —-
1098 1253 1145 1291 de
1172 1261 1298 1299 nocte,
1326 1255 1354 1292 i.
1384 1268 1419 1293 e.
1451 1267 1574 1305 quum
1600 1266 1685 1292 nox
1714 1251 1844 1291 adhuc

324 1327 396 1358 est.
461 1322 520 1357 Ita
550 1319 630 1356 Cic.
660 1318 711 1356 ad
739 1320 858 1357 Attic.
887 1317 927 1368 4,
964 1320 1004 1368 3,
1037 1322 1072 1360 1.
1113 1320 1254 1371 Itaque
1275 1342 1331 1352 ·—·
1349 1323 1393 1358 in
1423 1322 1623 1358 comitiam
1655 1319 1702 1357 de
1737 1326 1845 1356 nocte

325 1387 444 1425 venit.
497 1387 633 1424 Aurel.
663 1387 763 1425 Vict.
792 1387 867 1437 Ep.
898 1387 937 1434 9,
966 1387 1030 1428 15.
1087 1387 1265 1439 Vigilare
1294 1388 1342 1426 de
1371 1395 1493 1424 nocte.
1552 1386 1715 1424 Erudite
1742 1385 1845 1424 hanc

323 1454 539 1492 formulam
573 1460 802 1505 persecutus
835 1467 963 1505 nuper
1001 1461 1060 1492 est
1087 1453 1266 1492 Handius
1294 1455 1336 1490 in
1367 1455 1487 1492 Turs.
1515 1456 1566 1492 Π.
1602 1467 1642 1504 p.
1670 1451 1754 1494 204
1783 1466 1844 1506 sq.

326 1542 382 1549 —
411 1534 490 1558 non
514 1520 818 1572 expergisceris?
844 1522 1051 1559 Praevalet
1070 1519 1135 1558 hic
1158 1522 1316 1573 propria
1335 1519 1452 1572 hujus
1470 1522 1579 1560 verbi
1601 1521 1845 1571 significatio,
1865 1510 1867 1512 ,

327 1587 435 1639 quod
469 1600 581 1625 secus
612 1588 743 1625 visum
781 1595 840 1625 est
866 1589 1090 1637 nonnullis,
1130 1589 1199 1640 qui
1225 1586 1535 1639 metaphoricam
1561 1588 1845 1638 intelligebant.

327 1655 379 1691 At
410 1654 543 1704 agitur
571 1653 620 1691 de
649 1652 888 1703 hominibus,
918 1657 987 1707 qui
1023 1655 1242 1693 desidiosae
1271 1656 1374 1692 vitae
1404 1654 1527 1692 dediti
1545 1656 1589 1692 in
1609 1654 1736 1691 lucem
1755 1655 1847 1692 dor-

327 1722 469 1758 miunt.
527 1719 591 1757 Ad
630 1733 714 1757 rem
740 1721 847 1770 facit,
887 1722 993 1774 quod
1020 1724 1140 1759 Marc.
1169 1723 1359 1760 Antonin.
1398 1720 1448 1758 de
1477 1722 1593 1760 rebus
1621 1723 1702 1760 suis
1731 1721 1770 1770 5,
1810 1723 1845 1762 1.

328 1788 522 1839 gravatim
541 1794 820 1838 exsurgentem
841 1802 975 1826 secum
996 1787 1185 1826 disserere
1202 1789 1336 1838 jubet:
1360 1787 1424 1828 ἐπὶ
1442 1791 1558 1828 τοῦτο
1579 1786 1847 1830 κατασκεύασ-

329 1869 411 1906 μαι,
429 1854 498 1894 ἵνα
516 1855 794 1905 κατακείμενος
812 1859 895 1903 τοῖς
912 1857 1167 1909 στρωματίοις
1183 1853 1325 1896 ἑαυτὸν
1343 1855 1508 1903 θάλπους
1528 1856 1608 1894 vid.
1627 1857 1684 1894 ibi
1704 1855 1845 1894 Gatak.

328 1935 368 1973 p.
400 1922 494 1962 139.
524 1927 562 1958 et
591 1921 640 1958 cf.
671 1921 709 1970 8,
742 1924 807 1962 12.
836 1922 933 1960 ibid.
962 1937 1002 1973 p.
1029 1920 1126 1962 242.

438 1989 485 2027 V.
514 1986 583 2028 34.
615 1988 663 2024 Sc·
689 1987 796 2025 noles
814 2007 870 2017 -·
888 1995 925 2024 et
951 1989 1006 2024 ni.
1075 1990 1189 2025 Hunc
1218 2001 1375 2025 versum
1402 1991 1501 2026 mire
1532 1990 1702 2027 turbavit
1724 1991 1849 2027 iuter-

329 2062 486 2107 pretum
512 2055 697 2096 sollertia.
755 2056 807 2092 At
836 2056 895 2092 uti
923 2056 1026 2092 inter
1053 2068 1095 2093 se
1125 2057 1318 2093 contraria
1347 2063 1438 2093 sunt
1457 2056 1651 2107 jugulare
1677 2056 1851 2095 homines

331 2129 370 2159 et
398 2135 552 2159 servare
579 2136 618 2160 se
647 2124 795 2173 ipsam,
825 2136 983 2174 surgere
1008 2129 1046 2160 et
1077 2135 1157 2159 non
1187 2124 1418 2174 expergisci,
1447 2125 1502 2161 ita
1538 2122 1615 2162 hoc
1642 2125 1744 2173 loco,
1773 2137 1850 2176 quo

330 2191 455 2227 Poeta
483 2189 534 2227 ad
562 2190 689 2239 majus
717 2189 985 2241 progreditur,
1015 2189 1118 2226 nolle
1146 2192 1360 2242 expergisci
1386 2197 1424 2228 et
1453 2203 1620 2237 currere,
1649 2192 1675 2228 i.
1705 2205 1741 2229 e.
1777 2204 1851 2229 ex-

331 2257 500 2308 pergisci
528 2256 675 2294 debere.
737 2258 864 2303 Quare
885 2256 1071 2309 equidem
1090 2259 1294 2306 rationem,
1325 2269 1402 2309 qua
1427 2259 1642 2295 sententiae
1669 2271 1755 2296 sese
1776 2271 1850 2295 ex—

334 2324 495 2375 cipiunt,
526 2330 654 2362 statuo
684 2322 845 2362 hancce.
903 2324 995 2373 „Ad
1025 2338 1109 2362 rem
1136 2326 1286 2362 malam
1313 2325 1410 2361 mali
1427 2322 1606 2362 homines
1637 2325 1784 2363 alacres
1812 2332 1852 2362 et

333 2391 508 2442 prompti
536 2398 641 2440 sunt,
670 2397 710 2428 et
737 2398 782 2429 tu
810 2393 852 2429 in
881 2392 1071 2430 servanda
1099 2399 1167 2429 tua
1195 2392 1322 2429 salute
1340 2392 1546 2441 negligens
1566 2404 1651 2430 esse
1678 2392 1751 2440 vis,
1779 2391 1851 2430 de-

334 2457 464 2495 dendo
493 2465 533 2495 te
562 2459 845 2497 somnolentiae
873 2466 911 2496 et
940 2457 1131 2496 inertiae‘?
1175 2459 1234 2495 Ac
1251 2459 1341 2505 nisi,
1373 2457 1469 2494 dum
1488 2471 1605 2496 sanus
1625 2471 1678 2507 es,
1707 2471 1852 2497 munus

335 2525 560 2574 vigiliarum
598 2532 639 2562 et
674 2526 819 2564 laboris
858 2527 1093 2577 susceperis,
1134 2532 1238 2563 certo
1275 2523 1317 2561 id
1355 2524 1649 2575 suscipiendum
1677 2526 1751 2563 tibi
1779 2527 1852 2564 erit

336 2592 483 2640 majore
524 2593 797 2643 incommodo,
840 2605 964 2645 quum
991 2599 1175 2630 veternus
1201 2598 1240 2628 et
1267 2589 1417 2628 desidia
1445 2599 1484 2628 te
1511 2592 1676 2630 fecerint
1702 2591 1853 2645 hydro-

337 2659 511 2708 picu1n.“
568 2661 699 2706 Quum
726 2662 767 2698 in
795 2660 913 2699 verbo
938 2658 1242 2709 expergiscendi‚
1271 2659 1329 2696 uti
1357 2671 1492 2697 versus
1510 2659 1565 2700 35
1595 2666 1636 2697 et
1661 2659 1732 2702 36.
1758 2661 1852 2698 satis

339 2725 549 2774 declarant,
581 2729 708 2766 omnis
737 2729 794 2765 rei
823 2725 937 2765 cardo
965 2731 1148 2774 vertatur,
1174 2737 1309 2763 eorum
1337 2726 1530 2763 refellitur
1557 2727 1667 2776 ratio,
1697 2728 1767 2779 qui
1793 2729 1852 2764 uti

337 2793 552 2842 Bentlejus,
582 2795 835 2844 Doeringius,
868 2794 935 2830 alii
962 2793 1163 2830 notionem
1192 2792 1376 2829 currendi
1412 2801 1500 2844 post
1526 2806 1613 2832 voc.
1641 2807 1763 2831 sanus
1787 2794 1854 2830 in-

338 2859 466 2909 telligi
493 2861 658 2908 malunt,
689 2860 796 2912 quod
819 2872 1047 2912 quanquam
1074 2873 1144 2910 per
1171 2859 1331 2910 linguae
1358 2861 1489 2911 legem
1507 2860 1591 2898 fieri
1617 2866 1758 2912 potest,
1787 2858 1854 2897 hic

341 2927 621 2963 sententiarum
650 2928 730 2964 vim
759 2928 954 2978 pervertit.
1011 2928 1076 2964 Ex
1110 2932 1242 2964 nostra
1270 2933 1402 2965 autem
1429 2928 1760 2979 interpretatione,
1791 2927 1855 2965 cui
