<?xml version="1.0" encoding="UTF-8"?>
<!DOCTYPE html PUBLIC "-//W3C//DTD XHTML 1.0 Transitional//EN"
    "http://www.w3.org/TR/xhtml1/DTD/xhtml1-transitional.dtd">
<html xmlns="http://www.w3.org/1999/xhtml" xml:lang="en" lang="en">
 <head>
  <title>
</title>
<meta http-equiv="Content-Type" content="text/html;charset=utf-8" />
  <meta name='ocr-system' content='tesseract 3.04.00' />
  <meta name='ocr-capabilities' content='ocr_page ocr_carea ocr_par ocr_line ocrx_word'/>
</head>
<body>
  <div class='ocr_page' id='page_1' title='image "./epistolascomment01horauoft_0199.png"; bbox 0 0 2028 3268; ppageno 0'>
   <div class='ocr_carea' id='block_1_1' title="bbox 193 228 1761 282">
    <p class='ocr_par' dir='ltr' id='par_1_1' title="bbox 193 228 1761 282">
     <span class='ocr_line' id='line_1_1' title="bbox 193 228 1761 282; baseline -0.006 -1"><span class='ocrx_word' id='word_1_1' title='bbox 193 240 251 282; x_wconf 84' lang='lat'><strong>67</strong></span> <span class='ocrx_word' id='word_1_2' title='bbox 308 236 683 277; x_wconf 81' lang='lat' dir='ltr'><strong>COMMENTARH</strong></span> <span class='ocrx_word' id='word_1_3' title='bbox 708 236 764 274; x_wconf 87' lang='lat' dir='ltr'><strong>IN</strong></span> <span class='ocrx_word' id='word_1_4' title='bbox 794 233 1018 274; x_wconf 82' lang='lat' dir='ltr'>HORATII</span> <span class='ocrx_word' id='word_1_5' title='bbox 1039 231 1215 275; x_wconf 85' lang='lat' dir='ltr'><strong>EPIST.</strong></span> <span class='ocrx_word' id='word_1_6' title='bbox 1242 232 1467 274; x_wconf 84' lang='lat' dir='ltr'><strong>SECUND.</strong></span> <span class='ocrx_word' id='word_1_7' title='bbox 1489 233 1591 274; x_wconf 82' lang='lat' dir='ltr'><strong>LIB.</strong></span> <span class='ocrx_word' id='word_1_8' title='bbox 1613 235 1646 274; x_wconf 88' lang='lat' dir='ltr'><strong>I.</strong></span> <span class='ocrx_word' id='word_1_9' title='bbox 1676 228 1761 273; x_wconf 83' lang='lat'><strong>173</strong></span> 
     </span>
    </p>
   </div>
   <div class='ocr_carea' id='block_1_2' title="bbox 194 343 1811 3078">
    <p class='ocr_par' dir='ltr' id='par_1_2' title="bbox 197 343 1767 1006">
     <span class='ocr_line' id='line_1_2' title="bbox 200 343 1760 404; baseline -0.007 -10"><span class='ocrx_word' id='word_1_10' title='bbox 200 354 239 404; x_wconf 92' lang='lat'><strong>1,</strong></span> <span class='ocrx_word' id='word_1_11' title='bbox 262 353 301 402; x_wconf 89' lang='lat'><strong>1,</strong></span> <span class='ocrx_word' id='word_1_12' title='bbox 321 351 418 394; x_wconf 89' lang='grc'><strong>100.</strong></span> <span class='ocrx_word' id='word_1_13' title='bbox 443 351 574 403; x_wconf 88' lang='lat' dir='ltr'><strong>Heyn.</strong></span> <span class='ocrx_word' id='word_1_14' title='bbox 595 347 648 388; x_wconf 88' lang='lat' dir='ltr'><strong>ad</strong></span> <span class='ocrx_word' id='word_1_15' title='bbox 665 349 762 388; x_wconf 86' lang='lat' dir='ltr'><strong>Tib.</strong></span> <span class='ocrx_word' id='word_1_16' title='bbox 779 349 820 398; x_wconf 89' lang='lat'><strong>2,</strong></span> <span class='ocrx_word' id='word_1_17' title='bbox 838 348 878 397; x_wconf 83' lang='lat'><strong>2,</strong></span> <span class='ocrx_word' id='word_1_18' title='bbox 899 347 969 388; x_wconf 82' lang='lat'><strong>21·</strong></span> <span class='ocrx_word' id='word_1_19' title='bbox 998 349 1136 386; x_wconf 88' lang='lat' dir='ltr'><strong>Burm.</strong></span> <span class='ocrx_word' id='word_1_20' title='bbox 1159 345 1214 386; x_wconf 86' lang='lat' dir='ltr'><strong>ad</strong></span> <span class='ocrx_word' id='word_1_21' title='bbox 1231 347 1319 388; x_wconf 73' lang='lat' dir='ltr'><strong>val.</strong></span> <span class='ocrx_word' id='word_1_22' title='bbox 1335 347 1398 386; x_wconf 76' lang='lat'><strong>13¹1.</strong></span> <span class='ocrx_word' id='word_1_23' title='bbox 1417 347 1459 398; x_wconf 89' lang='lat'><strong>6,</strong></span> <span class='ocrx_word' id='word_1_24' title='bbox 1477 343 1576 387; x_wconf 85' lang='grc'><strong>274.</strong></span> <span class='ocrx_word' id='word_1_25' title='bbox 1606 345 1760 397; x_wconf 86' lang='lat' dir='ltr'><strong>Wagn.</strong></span> 
     </span>
     <span class='ocr_line' id='line_1_3' title="bbox 197 412 1762 471; baseline -0.004 -11"><span class='ocrx_word' id='word_1_26' title='bbox 197 419 252 460; x_wconf 82' lang='lat' dir='ltr'><strong>ad</strong></span> <span class='ocrx_word' id='word_1_27' title='bbox 270 421 378 471; x_wconf 85' lang='lat' dir='ltr'><strong>Virg.</strong></span> <span class='ocrx_word' id='word_1_28' title='bbox 403 419 505 459; x_wconf 87' lang='lat' dir='ltr'><strong>Aen.</strong></span> <span class='ocrx_word' id='word_1_29' title='bbox 525 419 566 467; x_wconf 92' lang='lat'><strong>2,</strong></span> <span class='ocrx_word' id='word_1_30' title='bbox 593 415 692 459; x_wconf 82' lang='lat'><strong>457.</strong></span> <span class='ocrx_word' id='word_1_31' title='bbox 722 415 820 458; x_wconf 79' lang='lat'><strong>579.</strong></span> <span class='ocrx_word' id='word_1_32' title='bbox 851 422 892 454; x_wconf 84' lang='lat' dir='ltr'><strong>et</strong></span> <span class='ocrx_word' id='word_1_33' title='bbox 916 414 967 454; x_wconf 91' lang='lat' dir='ltr'><strong>de</strong></span> <span class='ocrx_word' id='word_1_34' title='bbox 995 417 1159 455; x_wconf 86' lang='lat' dir='ltr'><strong>Graecis</strong></span> <span class='ocrx_word' id='word_1_35' title='bbox 1186 417 1392 457; x_wconf 85' lang='lat' dir='ltr'><strong>Wiistem.</strong></span> <span class='ocrx_word' id='word_1_36' title='bbox 1417 413 1470 453; x_wconf 85' lang='lat' dir='ltr'><strong>ad</strong></span> <span class='ocrx_word' id='word_1_37' title='bbox 1494 412 1670 453; x_wconf 90' lang='lat' dir='ltr'><strong>Theocr.</strong></span> <span class='ocrx_word' id='word_1_38' title='bbox 1689 415 1762 462; x_wconf 88' lang='lat'><strong>22,</strong></span> 
     </span>
     <span class='ocr_line' id='line_1_4' title="bbox 199 481 1763 538; baseline -0.007 -7"><span class='ocrx_word' id='word_1_39' title='bbox 199 485 296 531; x_wconf 77' lang='lat'><strong>164·</strong></span> <span class='ocrx_word' id='word_1_40' title='bbox 325 488 492 526; x_wconf 81' lang='lat' dir='ltr'><strong>Porsen.</strong></span> <span class='ocrx_word' id='word_1_41' title='bbox 513 485 566 524; x_wconf 80' lang='lat' dir='ltr'><strong>ad</strong></span> <span class='ocrx_word' id='word_1_42' title='bbox 581 486 721 538; x_wconf 89' lang='lat' dir='ltr'><strong>Eurip.</strong></span> <span class='ocrx_word' id='word_1_43' title='bbox 742 484 870 523; x_wconf 85' lang='lat' dir='ltr'><strong>Orest.</strong></span> <span class='ocrx_word' id='word_1_44' title='bbox 892 482 1031 533; x_wconf 66' lang='lat'>1051„</span> <span class='ocrx_word' id='word_1_45' title='bbox 1061 495 1186 536; x_wconf 91' lang='lat' dir='ltr'><strong>quam</strong></span> <span class='ocrx_word' id='word_1_46' title='bbox 1205 482 1402 538; x_wconf 89' lang='lat' dir='ltr'><strong>loquendi</strong></span> <span class='ocrx_word' id='word_1_47' title='bbox 1427 481 1763 522; x_wconf 83' lang='lat' dir='ltr'><strong>consuetudinem</strong></span> 
     </span>
     <span class='ocr_line' id='line_1_5' title="bbox 199 551 1765 607; baseline -0.004 -12"><span class='ocrx_word' id='word_1_48' title='bbox 199 557 323 595; x_wconf 74' lang='lat' dir='ltr'><strong>etiam</strong></span> <span class='ocrx_word' id='word_1_49' title='bbox 342 557 465 595; x_wconf 84' lang='lat' dir='ltr'><strong>latius</strong></span> <span class='ocrx_word' id='word_1_50' title='bbox 500 561 638 607; x_wconf 88' lang='lat' dir='ltr'><strong>patere</strong></span> <span class='ocrx_word' id='word_1_51' title='bbox 659 552 776 592; x_wconf 87' lang='lat' dir='ltr'><strong>docet</strong></span> <span class='ocrx_word' id='word_1_52' title='bbox 802 552 945 592; x_wconf 85' lang='lat' dir='ltr'><strong>Jacob.</strong></span> <span class='ocrx_word' id='word_1_53' title='bbox 964 553 1009 590; x_wconf 84' lang='lat' dir='ltr'><strong>in</strong></span> <span class='ocrx_word' id='word_1_54' title='bbox 1027 553 1239 604; x_wconf 77' lang='lat' dir='ltr'><em>Disputat.</em></span> <span class='ocrx_word' id='word_1_55' title='bbox 1271 553 1321 591; x_wconf 85' lang='lat' dir='ltr'><strong>de</strong></span> <span class='ocrx_word' id='word_1_56' title='bbox 1339 566 1416 590; x_wconf 85' lang='lat' dir='ltr'><strong>usu</strong></span> <span class='ocrx_word' id='word_1_57' title='bbox 1433 551 1574 591; x_wconf 76' lang='lat' dir='ltr'><strong>vocab.</strong></span> <span class='ocrx_word' id='word_1_58' title='bbox 1606 551 1707 589; x_wconf 73' lang='lat' dir='ltr'><strong>levis</strong></span> <span class='ocrx_word' id='word_1_59' title='bbox 1727 558 1765 588; x_wconf 83' lang='lat' dir='ltr'><strong>et</strong></span> 
     </span>
     <span class='ocr_line' id='line_1_6' title="bbox 197 620 1764 676; baseline -0.003 -13"><span class='ocrx_word' id='word_1_60' title='bbox 197 623 301 663; x_wconf 80' lang='lat' dir='ltr'><strong>lenis</strong></span> <span class='ocrx_word' id='word_1_61' title='bbox 317 638 386 676; x_wconf 87' lang='lat' dir='ltr'><strong>ap.</strong></span> <span class='ocrx_word' id='word_1_62' title='bbox 402 623 549 676; x_wconf 65' lang='lat' dir='ltr'><strong>pob&#39;tas</strong></span> <span class='ocrx_word' id='word_1_63' title='bbox 570 623 732 661; x_wconf 83' lang='lat' dir='ltr'><strong>latinos.</strong></span> <span class='ocrx_word' id='word_1_64' title='bbox 765 621 990 673; x_wconf 85' lang='lat' dir='ltr'><strong>Numburg.</strong></span> <span class='ocrx_word' id='word_1_65' title='bbox 1011 620 1136 662; x_wconf 87' lang='grc'><strong>1836.</strong></span> <span class='ocrx_word' id='word_1_66' title='bbox 1157 635 1198 673; x_wconf 91' lang='lat' dir='ltr'><strong>p.</strong></span> <span class='ocrx_word' id='word_1_67' title='bbox 1221 622 1290 663; x_wconf 89' lang='lat'><strong>17.</strong></span> <span class='ocrx_word' id='word_1_68' title='bbox 1347 622 1420 660; x_wconf 89' lang='lat' dir='ltr'><strong>His</strong></span> <span class='ocrx_word' id='word_1_69' title='bbox 1438 621 1524 659; x_wconf 86' lang='lat' dir='ltr'><strong>fere</strong></span> <span class='ocrx_word' id='word_1_70' title='bbox 1543 633 1764 673; x_wconf 85' lang='lat' dir='ltr'><strong>argumen-</strong></span> 
     </span>
     <span class='ocr_line' id='line_1_7' title="bbox 197 688 1764 743; baseline -0.003 -11"><span class='ocrx_word' id='word_1_71' title='bbox 197 694 251 732; x_wconf 81' lang='lat' dir='ltr'><strong>tis</strong></span> <span class='ocrx_word' id='word_1_72' title='bbox 269 691 378 731; x_wconf 91' lang='lat' dir='ltr'><strong>hunc</strong></span> <span class='ocrx_word' id='word_1_73' title='bbox 398 694 536 731; x_wconf 90' lang='lat' dir='ltr'><strong>locum</strong></span> <span class='ocrx_word' id='word_1_74' title='bbox 557 693 784 743; x_wconf 83' lang='lat' dir='ltr'>elegantem</span> <span class='ocrx_word' id='word_1_75' title='bbox 803 690 902 728; x_wconf 92' lang='lat' dir='ltr'><strong>olim</strong></span> <span class='ocrx_word' id='word_1_76' title='bbox 917 703 941 727; x_wconf 86' lang='lat' dir='ltr'><strong>a</strong></span> <span class='ocrx_word' id='word_1_77' title='bbox 959 689 1110 742; x_wconf 86' lang='lat' dir='ltr'><strong>Guyeti</strong></span> <span class='ocrx_word' id='word_1_78' title='bbox 1125 688 1267 728; x_wconf 87' lang='lat' dir='ltr'><strong>calidis</strong></span> <span class='ocrx_word' id='word_1_79' title='bbox 1292 689 1500 728; x_wconf 87' lang='lat' dir='ltr'><strong>conatibus</strong></span> <span class='ocrx_word' id='word_1_80' title='bbox 1519 691 1625 728; x_wconf 86' lang='lat' dir='ltr'><strong>tueri</strong></span> <span class='ocrx_word' id='word_1_81' title='bbox 1642 702 1764 728; x_wconf 88' lang='lat' dir='ltr'><strong>ausus</strong></span> 
     </span>
     <span class='ocr_line' id='line_1_8' title="bbox 198 756 1765 813; baseline -0.003 -12"><span class='ocrx_word' id='word_1_82' title='bbox 198 775 305 801; x_wconf 80' lang='lat' dir='ltr'><strong>sum.</strong></span> <span class='ocrx_word' id='word_1_83' title='bbox 362 763 525 799; x_wconf 84' lang='lat' dir='ltr'><strong>Mecum</strong></span> <span class='ocrx_word' id='word_1_84' title='bbox 545 761 666 813; x_wconf 87' lang='lat' dir='ltr'>plene</span> <span class='ocrx_word' id='word_1_85' title='bbox 688 760 842 798; x_wconf 84' lang='lat' dir='ltr'><strong>faciunt</strong></span> <span class='ocrx_word' id='word_1_86' title='bbox 861 756 1106 807; x_wconf 85' lang='lat' dir='ltr'><strong>Schmidius,</strong></span> <span class='ocrx_word' id='word_1_87' title='bbox 1138 757 1395 797; x_wconf 85' lang='lat' dir='ltr'><strong>doctissimus</strong></span> <span class='ocrx_word' id='word_1_88' title='bbox 1415 764 1647 797; x_wconf 83' lang='lat' dir='ltr'><strong>nostrorum</strong></span> <span class='ocrx_word' id='word_1_89' title='bbox 1675 764 1765 796; x_wconf 80' lang='lat' dir='ltr'><strong>stu-</strong></span> 
     </span>
     <span class='ocr_line' id='line_1_9' title="bbox 200 827 1765 880; baseline -0.002 -12"><span class='ocrx_word' id='word_1_90' title='bbox 200 829 362 869; x_wconf 82' lang='lat' dir='ltr'><strong>diorum</strong></span> <span class='ocrx_word' id='word_1_91' title='bbox 387 831 542 879; x_wconf 83' lang='lat' dir='ltr'><strong>socius,</strong></span> <span class='ocrx_word' id='word_1_92' title='bbox 569 829 756 878; x_wconf 87' lang='lat' dir='ltr'><strong>Vossius,</strong></span> <span class='ocrx_word' id='word_1_93' title='bbox 791 827 988 868; x_wconf 90' lang='lat' dir='ltr'><strong>Scheller.</strong></span> <span class='ocrx_word' id='word_1_94' title='bbox 1022 833 1062 864; x_wconf 87' lang='lat' dir='ltr'><strong>et</strong></span> <span class='ocrx_word' id='word_1_95' title='bbox 1092 827 1135 864; x_wconf 87' lang='lat' dir='ltr'><strong>C.</strong></span> <span class='ocrx_word' id='word_1_96' title='bbox 1163 828 1400 876; x_wconf 82' lang='lat' dir='ltr'><strong>Passovius,</strong></span> <span class='ocrx_word' id='word_1_97' title='bbox 1442 827 1513 880; x_wconf 91' lang='lat' dir='ltr'><strong>qui</strong></span> <span class='ocrx_word' id='word_1_98' title='bbox 1538 828 1596 864; x_wconf 91' lang='lat' dir='ltr'><strong>sic</strong></span> <span class='ocrx_word' id='word_1_99' title='bbox 1626 827 1765 865; x_wconf 86' lang='lat' dir='ltr'><strong>vertit:</strong></span> 
     </span>
     <span class='ocr_line' id='line_1_10' title="bbox 200 892 1767 948; baseline -0.003 -11"><span class='ocrx_word' id='word_1_100' title='bbox 200 897 335 948; x_wconf 80' lang='lat' dir='ltr'><strong>„Geld</strong></span> <span class='ocrx_word' id='word_1_101' title='bbox 370 899 573 938; x_wconf 83' lang='lat' dir='ltr'><strong>austrebet</strong></span> <span class='ocrx_word' id='word_1_102' title='bbox 611 896 682 936; x_wconf 91' lang='lat' dir='ltr'><strong>der</strong></span> <span class='ocrx_word' id='word_1_103' title='bbox 720 897 824 936; x_wconf 87' lang='lat' dir='ltr'><strong>Sinn</strong></span> <span class='ocrx_word' id='word_1_104' title='bbox 863 894 951 935; x_wconf 87' lang='lat' dir='ltr'><strong>und</strong></span> <span class='ocrx_word' id='word_1_105' title='bbox 986 896 1052 934; x_wconf 79' lang='lat' dir='ltr'><strong>fiir</strong></span> <span class='ocrx_word' id='word_1_106' title='bbox 1094 894 1481 947; x_wconf 86' lang='lat' dir='ltr'><strong>Kindererzeugung</strong></span> <span class='ocrx_word' id='word_1_107' title='bbox 1518 893 1585 932; x_wconf 91' lang='lat' dir='ltr'><strong>die</strong></span> <span class='ocrx_word' id='word_1_108' title='bbox 1631 892 1767 933; x_wconf 89' lang='lat' dir='ltr'><strong>reiche</strong></span> 
     </span>
     <span class='ocr_line' id='line_1_11' title="bbox 201 954 556 1006; baseline -0.003 0"><span class='ocrx_word' id='word_1_109' title='bbox 201 968 381 1006; x_wconf 60' lang='lat' dir='ltr'><strong>‘sattim‘</strong></span> <span class='ocrx_word' id='word_1_110' title='bbox 553 954 556 959; x_wconf 83' lang='lat'>&#39;</span> 
     </span>
    </p>

    <p class='ocr_par' dir='ltr' id='par_1_3' title="bbox 194 1030 1811 3009">
     <span class='ocr_line' id='line_1_12' title="bbox 314 1030 1768 1084; baseline -0.005 -8"><span class='ocrx_word' id='word_1_111' title='bbox 314 1036 361 1076; x_wconf 86' lang='lat' dir='ltr'><strong>V.</strong></span> <span class='ocrx_word' id='word_1_112' title='bbox 391 1033 461 1076; x_wconf 83' lang='lat'><strong>45.</strong></span> <span class='ocrx_word' id='word_1_113' title='bbox 498 1035 606 1072; x_wconf 84' lang='lat' dir='ltr'><strong>Uxor</strong></span> <span class='ocrx_word' id='word_1_114' title='bbox 623 1055 681 1063; x_wconf 90' lang='lat'><strong>—</strong></span> <span class='ocrx_word' id='word_1_115' title='bbox 700 1033 842 1071; x_wconf 77' lang='lat' dir='ltr'><strong>silvae.</strong></span> <span class='ocrx_word' id='word_1_116' title='bbox 904 1030 1217 1082; x_wconf 82' lang='lat' dir='ltr'><strong>Wakefieldius,</strong></span> <span class='ocrx_word' id='word_1_117' title='bbox 1247 1039 1294 1070; x_wconf 89' lang='lat' dir='ltr'><strong>ut</strong></span> <span class='ocrx_word' id='word_1_118' title='bbox 1324 1045 1446 1084; x_wconf 88' lang='lat' dir='ltr'><strong>supra</strong></span> <span class='ocrx_word' id='word_1_119' title='bbox 1469 1030 1570 1080; x_wconf 84' lang='lat' dir='ltr'>dixi,</span> <span class='ocrx_word' id='word_1_120' title='bbox 1608 1032 1768 1084; x_wconf 85' lang='lat' dir='ltr'><strong>scripsit</strong></span> 
     </span>
     <span class='ocr_line' id='line_1_13' title="bbox 194 1098 1768 1156; baseline -0.003 -14"><span class='ocrx_word' id='word_1_121' title='bbox 194 1103 446 1156; x_wconf 79' lang='lat' dir='ltr'><strong>placantur,</strong></span> <span class='ocrx_word' id='word_1_122' title='bbox 485 1103 679 1156; x_wconf 89' lang='lat' dir='ltr'><strong>quoniam</strong></span> <span class='ocrx_word' id='word_1_123' title='bbox 705 1107 933 1152; x_wconf 70' lang='lat' dir='ltr'><strong>„pac-atus,</strong></span> <span class='ocrx_word' id='word_1_124' title='bbox 943 1107 980 1126; x_wconf 73' lang='lat'><strong>‘⁶&#39;</strong></span> <span class='ocrx_word' id='word_1_125' title='bbox 1009 1109 1056 1140; x_wconf 91' lang='lat' dir='ltr'><strong>ut</strong></span> <span class='ocrx_word' id='word_1_126' title='bbox 1086 1104 1163 1151; x_wconf 85' lang='lat' dir='ltr'><strong>ait,</strong></span> <span class='ocrx_word' id='word_1_127' title='bbox 1193 1111 1284 1154; x_wconf 85' lang='lat' dir='ltr'><strong>„est</strong></span> <span class='ocrx_word' id='word_1_128' title='bbox 1310 1116 1408 1155; x_wconf 86' lang='lat' dir='ltr'><strong>ager</strong></span> <span class='ocrx_word' id='word_1_129' title='bbox 1436 1103 1524 1141; x_wconf 88' lang='lat' dir='ltr'><strong>sine</strong></span> <span class='ocrx_word' id='word_1_130' title='bbox 1552 1098 1691 1150; x_wconf 83' lang='lat' dir='ltr'><strong>hoste,</strong></span> <span class='ocrx_word' id='word_1_131' title='bbox 1720 1107 1768 1138; x_wconf 87' lang='lat' dir='ltr'><strong>ut</strong></span> 
     </span>
     <span class='ocr_line' id='line_1_14' title="bbox 201 1169 1769 1224; baseline -0.003 -14"><span class='ocrx_word' id='word_1_132' title='bbox 201 1171 403 1210; x_wconf 84' lang='lat' dir='ltr'><strong>Hercules</strong></span> <span class='ocrx_word' id='word_1_133' title='bbox 414 1172 589 1223; x_wconf 75' lang='lat' dir='ltr'><strong>pacavit</strong></span> <span class='ocrx_word' id='word_1_134' title='bbox 623 1172 750 1221; x_wconf 85' lang='lat' dir='ltr'><strong>(Virg.</strong></span> <span class='ocrx_word' id='word_1_135' title='bbox 777 1171 880 1212; x_wconf 85' lang='lat' dir='ltr'><strong>Aen.</strong></span> <span class='ocrx_word' id='word_1_136' title='bbox 907 1172 946 1220; x_wconf 88' lang='lat'><strong>6,</strong></span> <span class='ocrx_word' id='word_1_137' title='bbox 976 1169 1093 1222; x_wconf 82' lang='grc'><strong>804.)</strong></span> <span class='ocrx_word' id='word_1_138' title='bbox 1123 1171 1370 1224; x_wconf 79' lang='lat' dir='ltr'><strong>Erymanthi</strong></span> <span class='ocrx_word' id='word_1_139' title='bbox 1397 1184 1551 1208; x_wconf 86' lang='lat' dir='ltr'><strong>nemus.</strong></span> <span class='ocrx_word' id='word_1_140' title='bbox 1609 1170 1769 1208; x_wconf 89' lang='lat' dir='ltr'><strong>Passim</strong></span> 
     </span>
     <span class='ocr_line' id='line_1_15' title="bbox 202 1238 1768 1290; baseline -0.002 -11"><span class='ocrx_word' id='word_1_141' title='bbox 202 1252 298 1280; x_wconf 77' lang='lat' dir='ltr'><strong>vero</strong></span> <span class='ocrx_word' id='word_1_142' title='bbox 331 1247 478 1279; x_wconf 88' lang='lat' dir='ltr'><strong>coeunt</strong></span> <span class='ocrx_word' id='word_1_143' title='bbox 505 1241 614 1278; x_wconf 84' lang='lat' dir='ltr'><strong>mitis</strong></span> <span class='ocrx_word' id='word_1_144' title='bbox 640 1246 680 1278; x_wconf 92' lang='lat' dir='ltr'><strong>et</strong></span> <span class='ocrx_word' id='word_1_145' title='bbox 705 1238 898 1290; x_wconf 76' lang='lat' dir='ltr'><strong>placidus</strong></span> <span class='ocrx_word' id='word_1_146' title='bbox 917 1247 995 1278; x_wconf 88' lang='lat' dir='ltr'><strong>etc.</strong></span> <span class='ocrx_word' id='word_1_147' title='bbox 1023 1238 1099 1279; x_wconf 89' lang='lat' dir='ltr'><strong>Od.</strong></span> <span class='ocrx_word' id='word_1_148' title='bbox 1122 1241 1161 1290; x_wconf 88' lang='lat'><strong>1,</strong></span> <span class='ocrx_word' id='word_1_149' title='bbox 1183 1241 1251 1289; x_wconf 88' lang='grc'><strong>18,</strong></span> <span class='ocrx_word' id='word_1_150' title='bbox 1272 1242 1330 1289; x_wconf 92' lang='grc'><strong>2.,</strong></span> <span class='ocrx_word' id='word_1_151' title='bbox 1358 1240 1488 1290; x_wconf 83' lang='lat' dir='ltr'><strong>Epist.</strong></span> <span class='ocrx_word' id='word_1_152' title='bbox 1507 1239 1548 1287; x_wconf 91' lang='grc'><strong>2,</strong></span> <span class='ocrx_word' id='word_1_153' title='bbox 1577 1239 1618 1289; x_wconf 95' lang='grc'>2,</span> <span class='ocrx_word' id='word_1_154' title='bbox 1642 1239 1768 1280; x_wconf 82' lang='grc'><strong>186.“</strong></span> 
     </span>
     <span class='ocr_line' id='line_1_16' title="bbox 201 1306 1770 1361; baseline 0.001 -15"><span class='ocrx_word' id='word_1_155' title='bbox 201 1307 475 1358; x_wconf 87' lang='lat' dir='ltr'><strong>Eichstadius,</strong></span> <span class='ocrx_word' id='word_1_156' title='bbox 508 1310 558 1348; x_wconf 88' lang='lat' dir='ltr'><strong>V.</strong></span> <span class='ocrx_word' id='word_1_157' title='bbox 578 1309 695 1357; x_wconf 86' lang='lat' dir='ltr'><strong>Exc.,</strong></span> <span class='ocrx_word' id='word_1_158' title='bbox 726 1306 840 1345; x_wconf 86' lang='lat' dir='ltr'><strong>addit</strong></span> <span class='ocrx_word' id='word_1_159' title='bbox 857 1307 1029 1359; x_wconf 84' lang='lat' dir='ltr'><strong>placare</strong></span> <span class='ocrx_word' id='word_1_160' title='bbox 1046 1315 1196 1347; x_wconf 86' lang='lat' dir='ltr'><strong>terram</strong></span> <span class='ocrx_word' id='word_1_161' title='bbox 1216 1308 1296 1347; x_wconf 90' lang='lat' dir='ltr'><strong>dici</strong></span> <span class='ocrx_word' id='word_1_162' title='bbox 1314 1314 1361 1346; x_wconf 91' lang='lat' dir='ltr'><strong>ut</strong></span> <span class='ocrx_word' id='word_1_163' title='bbox 1380 1306 1629 1360; x_wconf 74' lang='grc' dir='ltr'><strong><em>ἐξημερῶσαι</em></strong></span> <span class='ocrx_word' id='word_1_164' title='bbox 1647 1310 1770 1361; x_wconf 83' lang='grc' dir='ltr'><em>γαῖαν</em></span> 
     </span>
     <span class='ocr_line' id='line_1_17' title="bbox 203 1374 1768 1430; baseline -0.001 -15"><span class='ocrx_word' id='word_1_165' title='bbox 203 1379 345 1430; x_wconf 90' lang='lat' dir='ltr'><strong>Eurip.</strong></span> <span class='ocrx_word' id='word_1_166' title='bbox 375 1379 494 1415; x_wconf 87' lang='lat' dir='ltr'><strong>Herc.</strong></span> <span class='ocrx_word' id='word_1_167' title='bbox 523 1377 602 1418; x_wconf 87' lang='lat' dir='ltr'><strong>fur.</strong></span> <span class='ocrx_word' id='word_1_168' title='bbox 624 1377 708 1425; x_wconf 90' lang='grc' dir='ltr'><strong>2Ο.,</strong></span> <span class='ocrx_word' id='word_1_169' title='bbox 738 1378 834 1414; x_wconf 82' lang='lat' dir='ltr'><strong>mite</strong></span> <span class='ocrx_word' id='word_1_170' title='bbox 864 1383 905 1415; x_wconf 86' lang='lat' dir='ltr'><strong>et</strong></span> <span class='ocrx_word' id='word_1_171' title='bbox 923 1377 1142 1428; x_wconf 82' lang='lat' dir='ltr'><strong>placatum</strong></span> <span class='ocrx_word' id='word_1_172' title='bbox 1166 1378 1285 1430; x_wconf 85' lang='lat' dir='ltr'><strong>jungi</strong></span> <span class='ocrx_word' id='word_1_173' title='bbox 1305 1390 1328 1415; x_wconf 86' lang='lat' dir='ltr'><strong>a</strong></span> <span class='ocrx_word' id='word_1_174' title='bbox 1348 1377 1540 1415; x_wconf 86' lang='lat' dir='ltr'><strong>Cicerone</strong></span> <span class='ocrx_word' id='word_1_175' title='bbox 1572 1374 1624 1413; x_wconf 88' lang='lat' dir='ltr'><strong>ad</strong></span> <span class='ocrx_word' id='word_1_176' title='bbox 1642 1377 1768 1414; x_wconf 82' lang='lat' dir='ltr'><strong>Attio.</strong></span> 
     </span>
     <span class='ocr_line' id='line_1_18' title="bbox 204 1439 1811 1499; baseline -0.001 -14"><span class='ocrx_word' id='word_1_177' title='bbox 204 1445 247 1496; x_wconf 86' lang='lat'><strong>5,</strong></span> <span class='ocrx_word' id='word_1_178' title='bbox 276 1446 328 1496; x_wconf 90' lang='grc'><strong>1.,</strong></span> <span class='ocrx_word' id='word_1_179' title='bbox 359 1458 383 1483; x_wconf 91' lang='lat' dir='ltr'><strong>a</strong></span> <span class='ocrx_word' id='word_1_180' title='bbox 404 1445 537 1484; x_wconf 88' lang='lat' dir='ltr'><strong>Plinio</strong></span> <span class='ocrx_word' id='word_1_181' title='bbox 559 1443 599 1494; x_wconf 91' lang='lat'><strong>8,</strong></span> <span class='ocrx_word' id='word_1_182' title='bbox 621 1444 704 1494; x_wconf 69' lang='lat'><strong>53„</strong></span> <span class='ocrx_word' id='word_1_183' title='bbox 733 1445 934 1483; x_wconf 82' lang='lat' dir='ltr'><strong>animalia</strong></span> <span class='ocrx_word' id='word_1_184' title='bbox 948 1446 1120 1498; x_wconf 81' lang='lat' dir='ltr'><strong>placida</strong></span> <span class='ocrx_word' id='word_1_185' title='bbox 1139 1447 1305 1499; x_wconf 75' lang='lat' dir='ltr'><strong>etsera,</strong></span> <span class='ocrx_word' id='word_1_186' title='bbox 1334 1451 1374 1484; x_wconf 91' lang='lat' dir='ltr'><strong>et</strong></span> <span class='ocrx_word' id='word_1_187' title='bbox 1387 1444 1560 1497; x_wconf 84' lang='lat' dir='ltr'><strong>placida</strong></span> <span class='ocrx_word' id='word_1_188' title='bbox 1578 1446 1669 1483; x_wconf 81' lang='lat' dir='ltr'><strong>voci</strong></span> <span class='ocrx_word' id='word_1_189' title='bbox 1690 1446 1770 1483; x_wconf 88' lang='lat' dir='ltr'><strong>im-</strong></span> <span class='ocrx_word' id='word_1_190' title='bbox 1810 1439 1811 1442; x_wconf 29' lang='lat'>¹</span> 
     </span>
     <span class='ocr_line' id='line_1_19' title="bbox 204 1513 1770 1567; baseline 0.001 -15"><span class='ocrx_word' id='word_1_191' title='bbox 204 1515 322 1552; x_wconf 83' lang='lat' dir='ltr'><strong>mitia</strong></span> <span class='ocrx_word' id='word_1_192' title='bbox 340 1515 492 1566; x_wconf 89' lang='lat' dir='ltr'><strong>opponi</strong></span> <span class='ocrx_word' id='word_1_193' title='bbox 522 1513 571 1551; x_wconf 88' lang='lat' dir='ltr'><strong>ab</strong></span> <span class='ocrx_word' id='word_1_194' title='bbox 604 1514 693 1564; x_wconf 89' lang='lat' dir='ltr'><strong>ipso</strong></span> <span class='ocrx_word' id='word_1_195' title='bbox 717 1515 883 1552; x_wconf 83' lang='lat' dir='ltr'><strong>Horatio</strong></span> <span class='ocrx_word' id='word_1_196' title='bbox 903 1515 1034 1566; x_wconf 88' lang='lat' dir='ltr'><strong>Epist.</strong></span> <span class='ocrx_word' id='word_1_197' title='bbox 1058 1513 1111 1553; x_wconf 86' lang='lat' dir='ltr'><strong>ad</strong></span> <span class='ocrx_word' id='word_1_198' title='bbox 1137 1517 1221 1554; x_wconf 89' lang='lat' dir='ltr'><strong>Pis.</strong></span> <span class='ocrx_word' id='word_1_199' title='bbox 1247 1516 1328 1564; x_wconf 70' lang='lat'><strong>12„</strong></span> <span class='ocrx_word' id='word_1_200' title='bbox 1358 1527 1494 1567; x_wconf 82' lang='lat' dir='ltr'><strong>neque</strong></span> <span class='ocrx_word' id='word_1_201' title='bbox 1514 1527 1638 1552; x_wconf 87' lang='lat' dir='ltr'><strong>usum</strong></span> <span class='ocrx_word' id='word_1_202' title='bbox 1655 1514 1770 1552; x_wconf 80' lang='lat' dir='ltr'><strong>verbi</strong></span> 
     </span>
     <span class='ocr_line' id='line_1_20' title="bbox 195 1579 1769 1635; baseline 0.001 -15"><span class='ocrx_word' id='word_1_203' title='bbox 195 1595 351 1634; x_wconf 81' lang='lat' dir='ltr'><strong>pacare</strong></span> <span class='ocrx_word' id='word_1_204' title='bbox 370 1582 512 1621; x_wconf 88' lang='lat' dir='ltr'><strong>Senec.</strong></span> <span class='ocrx_word' id='word_1_205' title='bbox 533 1583 652 1622; x_wconf 87' lang='lat' dir='ltr'><strong>Herc.</strong></span> <span class='ocrx_word' id='word_1_206' title='bbox 672 1581 700 1619; x_wconf 88' lang='lat' dir='ltr'><strong>f.</strong></span> <span class='ocrx_word' id='word_1_207' title='bbox 721 1579 832 1631; x_wconf 70' lang='lat'>442„</span> <span class='ocrx_word' id='word_1_208' title='bbox 862 1584 973 1635; x_wconf 86' lang='lat' dir='ltr'><strong>Virg.</strong></span> <span class='ocrx_word' id='word_1_209' title='bbox 991 1585 1094 1622; x_wconf 88' lang='lat' dir='ltr'><strong>Aen.</strong></span> <span class='ocrx_word' id='word_1_210' title='bbox 1115 1585 1154 1633; x_wconf 93' lang='lat'><strong>6,</strong></span> <span class='ocrx_word' id='word_1_211' title='bbox 1175 1581 1286 1633; x_wconf 68' lang='lat'>804„</span> <span class='ocrx_word' id='word_1_212' title='bbox 1316 1581 1434 1621; x_wconf 84' lang='lat' dir='ltr'><strong>Ovid.</strong></span> <span class='ocrx_word' id='word_1_213' title='bbox 1452 1582 1618 1621; x_wconf 89' lang='lat' dir='ltr'><strong>Heroid.</strong></span> <span class='ocrx_word' id='word_1_214' title='bbox 1637 1583 1678 1632; x_wconf 89' lang='lat'><strong>9,</strong></span> <span class='ocrx_word' id='word_1_215' title='bbox 1700 1584 1769 1625; x_wconf 91' lang='lat'><strong>13.</strong></span> 
     </span>
     <span class='ocr_line' id='line_1_21' title="bbox 201 1639 1770 1703; baseline 0.001 -14"><span class='ocrx_word' id='word_1_216' title='bbox 201 1639 416 1690; x_wconf 78' lang='lat' dir='ltr'><strong>convenire</strong></span> <span class='ocrx_word' id='word_1_217' title='bbox 435 1652 479 1688; x_wconf 92' lang='lat' dir='ltr'><strong>in</strong></span> <span class='ocrx_word' id='word_1_218' title='bbox 493 1648 602 1687; x_wconf 91' lang='lat' dir='ltr'><strong>hunc</strong></span> <span class='ocrx_word' id='word_1_219' title='bbox 623 1650 773 1688; x_wconf 90' lang='lat' dir='ltr'><strong>locum.</strong></span> <span class='ocrx_word' id='word_1_220' title='bbox 829 1651 885 1688; x_wconf 84' lang='lat' dir='ltr'><strong>At</strong></span> <span class='ocrx_word' id='word_1_221' title='bbox 904 1663 1094 1702; x_wconf 85' lang='lat' dir='ltr'><strong>germana</strong></span> <span class='ocrx_word' id='word_1_222' title='bbox 1113 1658 1174 1690; x_wconf 84' lang='lat' dir='ltr'><strong>est</strong></span> <span class='ocrx_word' id='word_1_223' title='bbox 1187 1652 1384 1703; x_wconf 87' lang='lat' dir='ltr'><strong>scriptura</strong></span> <span class='ocrx_word' id='word_1_224' title='bbox 1398 1659 1626 1703; x_wconf 78' lang='lat' dir='ltr'><strong>pacantur,</strong></span> <span class='ocrx_word' id='word_1_225' title='bbox 1647 1650 1770 1690; x_wconf 86' lang='lat' dir='ltr'><strong>dum-</strong></span> 
     </span>
     <span class='ocr_line' id='line_1_22' title="bbox 201 1716 1769 1770; baseline 0.002 -13"><span class='ocrx_word' id='word_1_226' title='bbox 201 1717 324 1758; x_wconf 90' lang='lat' dir='ltr'><strong>modo</strong></span> <span class='ocrx_word' id='word_1_227' title='bbox 344 1719 428 1757; x_wconf 82' lang='lat' dir='ltr'><strong>vim</strong></span> <span class='ocrx_word' id='word_1_228' title='bbox 447 1719 560 1756; x_wconf 84' lang='lat' dir='ltr'><strong>verbi</strong></span> <span class='ocrx_word' id='word_1_229' title='bbox 590 1724 630 1755; x_wconf 91' lang='lat' dir='ltr'><strong>et</strong></span> <span class='ocrx_word' id='word_1_230' title='bbox 653 1716 917 1770; x_wconf 81' lang='lat' dir='ltr'><strong>metaphorae</strong></span> <span class='ocrx_word' id='word_1_231' title='bbox 935 1725 1042 1756; x_wconf 88' lang='lat' dir='ltr'><strong>recte</strong></span> <span class='ocrx_word' id='word_1_232' title='bbox 1072 1717 1324 1759; x_wconf 82' lang='lat' dir='ltr'><strong>enodaveris.</strong></span> <span class='ocrx_word' id='word_1_233' title='bbox 1380 1718 1504 1758; x_wconf 87' lang='lat' dir='ltr'><strong>Ridet</strong></span> <span class='ocrx_word' id='word_1_234' title='bbox 1525 1721 1652 1759; x_wconf 71' lang='lat' dir='ltr'><strong>Poeta</strong></span> <span class='ocrx_word' id='word_1_235' title='bbox 1673 1719 1717 1759; x_wconf 92' lang='lat' dir='ltr'><strong>h.</strong></span> <span class='ocrx_word' id='word_1_236' title='bbox 1737 1722 1769 1760; x_wconf 96' lang='lat' dir='ltr'><strong>l.</strong></span> 
     </span>
     <span class='ocr_line' id='line_1_23' title="bbox 198 1776 1800 1842; baseline 0.001 -17"><span class='ocrx_word' id='word_1_237' title='bbox 198 1788 372 1825; x_wconf 80' lang='lat' dir='ltr'><strong>nimiam</strong></span> <span class='ocrx_word' id='word_1_238' title='bbox 399 1789 672 1826; x_wconf 84' lang='lat' dir='ltr'><strong>Romanorum</strong></span> <span class='ocrx_word' id='word_1_239' title='bbox 695 1800 859 1839; x_wconf 86' lang='lat' dir='ltr'><strong>operam</strong></span> <span class='ocrx_word' id='word_1_240' title='bbox 887 1786 1221 1842; x_wconf 87' lang='lat' dir='ltr'><strong>industriamque,</strong></span> <span class='ocrx_word' id='word_1_241' title='bbox 1253 1802 1346 1842; x_wconf 88' lang='lat' dir='ltr'><strong>qua,</strong></span> <span class='ocrx_word' id='word_1_242' title='bbox 1376 1796 1423 1827; x_wconf 93' lang='lat' dir='ltr'><strong>ut</strong></span> <span class='ocrx_word' id='word_1_243' title='bbox 1450 1796 1644 1841; x_wconf 86' lang='lat' dir='ltr'><strong>augerent</strong></span> <span class='ocrx_word' id='word_1_244' title='bbox 1672 1790 1770 1827; x_wconf 85' lang='lat' dir='ltr'><strong>lati-</strong></span> <span class='ocrx_word' id='word_1_245' title='bbox 1796 1776 1800 1779; x_wconf 30' lang='lat'>²</span> 
     </span>
     <span class='ocr_line' id='line_1_24' title="bbox 202 1855 1770 1909; baseline 0.001 -15"><span class='ocrx_word' id='word_1_246' title='bbox 202 1855 359 1905; x_wconf 85' lang='lat' dir='ltr'><strong>fundia,</strong></span> <span class='ocrx_word' id='word_1_247' title='bbox 386 1857 560 1895; x_wconf 84' lang='lat' dir='ltr'><strong>incultas</strong></span> <span class='ocrx_word' id='word_1_248' title='bbox 592 1856 774 1908; x_wconf 87' lang='lat' dir='ltr'><strong>regiones</strong></span> <span class='ocrx_word' id='word_1_249' title='bbox 804 1857 995 1909; x_wconf 88' lang='lat' dir='ltr'><strong>ipsasque</strong></span> <span class='ocrx_word' id='word_1_250' title='bbox 1017 1857 1141 1895; x_wconf 87' lang='lat' dir='ltr'><strong>silvas</strong></span> <span class='ocrx_word' id='word_1_251' title='bbox 1171 1859 1442 1909; x_wconf 84' lang='lat' dir='ltr'><strong>agriculturae</strong></span> <span class='ocrx_word' id='word_1_252' title='bbox 1463 1856 1770 1897; x_wconf 85' lang='lat' dir='ltr'><strong>accommodare</strong></span> 
     </span>
     <span class='ocr_line' id='line_1_25' title="bbox 202 1924 1768 1977; baseline 0.003 -15"><span class='ocrx_word' id='word_1_253' title='bbox 202 1925 288 1963; x_wconf 85' lang='lat' dir='ltr'><strong>sive</strong></span> <span class='ocrx_word' id='word_1_254' title='bbox 315 1925 478 1963; x_wconf 84' lang='lat' dir='ltr'><strong>novalia</strong></span> <span class='ocrx_word' id='word_1_255' title='bbox 509 1925 643 1963; x_wconf 85' lang='lat' dir='ltr'><strong>facere</strong></span> <span class='ocrx_word' id='word_1_256' title='bbox 662 1926 862 1964; x_wconf 86' lang='lat' dir='ltr'><strong>solebant.</strong></span> <span class='ocrx_word' id='word_1_257' title='bbox 895 1924 990 1966; x_wconf 85' lang='lat' dir='ltr'><strong>vid.</strong></span> <span class='ocrx_word' id='word_1_258' title='bbox 1020 1926 1131 1977; x_wconf 87' lang='lat' dir='ltr'><strong>Virg.</strong></span> <span class='ocrx_word' id='word_1_259' title='bbox 1161 1927 1233 1965; x_wconf 88' lang='lat' dir='ltr'><strong>Ge.</strong></span> <span class='ocrx_word' id='word_1_260' title='bbox 1263 1929 1306 1977; x_wconf 89' lang='grc'><strong>2,</strong></span> <span class='ocrx_word' id='word_1_261' title='bbox 1334 1928 1420 1968; x_wconf 91' lang='grc'><strong>207</strong></span> <span class='ocrx_word' id='word_1_262' title='bbox 1441 1941 1510 1976; x_wconf 66' lang='lat' dir='ltr'><strong>ss„</strong></span> <span class='ocrx_word' id='word_1_263' title='bbox 1541 1927 1698 1965; x_wconf 87' lang='lat' dir='ltr'><strong>colum.</strong></span> <span class='ocrx_word' id='word_1_264' title='bbox 1719 1928 1768 1966; x_wconf 84' lang='lat' dir='ltr'><strong>R.</strong></span> 
     </span>
     <span class='ocr_line' id='line_1_26' title="bbox 201 1993 1770 2048; baseline 0.001 -17"><span class='ocrx_word' id='word_1_265' title='bbox 201 1993 251 2031; x_wconf 82' lang='lat' dir='ltr'><strong>R.</strong></span> <span class='ocrx_word' id='word_1_266' title='bbox 274 1994 317 2042; x_wconf 91' lang='grc'><strong>2,</strong></span> <span class='ocrx_word' id='word_1_267' title='bbox 345 1994 400 2042; x_wconf 87' lang='grc'><strong>2.,</strong></span> <span class='ocrx_word' id='word_1_268' title='bbox 439 1994 546 2031; x_wconf 78' lang='lat' dir='ltr'><strong>Plin.</strong></span> <span class='ocrx_word' id='word_1_269' title='bbox 574 1995 627 2031; x_wconf 89' lang='lat' dir='ltr'><strong>H.</strong></span> <span class='ocrx_word' id='word_1_270' title='bbox 654 1996 702 2032; x_wconf 90' lang='lat' dir='ltr'><strong>N.</strong></span> <span class='ocrx_word' id='word_1_271' title='bbox 737 1995 806 2044; x_wconf 87' lang='lat'><strong>17,</strong></span> <span class='ocrx_word' id='word_1_272' title='bbox 835 1994 876 2035; x_wconf 84' lang='lat'><strong>5.</strong></span> <span class='ocrx_word' id='word_1_273' title='bbox 915 1996 1078 2034; x_wconf 78' lang='lat' dir='ltr'><strong>Paeare</strong></span> <span class='ocrx_word' id='word_1_274' title='bbox 1103 2002 1241 2033; x_wconf 89' lang='lat' dir='ltr'><strong>autem</strong></span> <span class='ocrx_word' id='word_1_275' title='bbox 1261 1998 1479 2048; x_wconf 88' lang='lat' dir='ltr'><strong>opponitur</strong></span> <span class='ocrx_word' id='word_1_276' title='bbox 1506 1996 1592 2034; x_wconf 88' lang='lat' dir='ltr'><strong>fere</strong></span> <span class='ocrx_word' id='word_1_277' title='bbox 1613 1995 1770 2042; x_wconf 77' lang='lat' dir='ltr'><strong>hostili,</strong></span> 
     </span>
     <span class='ocr_line' id='line_1_27' title="bbox 198 2060 1770 2114; baseline 0.003 -17"><span class='ocrx_word' id='word_1_278' title='bbox 198 2060 370 2112; x_wconf 80' lang='lat' dir='ltr'><strong>placare</strong></span> <span class='ocrx_word' id='word_1_279' title='bbox 399 2062 502 2098; x_wconf 79' lang='lat' dir='ltr'><strong>irato</strong></span> <span class='ocrx_word' id='word_1_280' title='bbox 512 2075 529 2108; x_wconf 89' lang='lat'><em>;</em></span> <span class='ocrx_word' id='word_1_281' title='bbox 582 2064 769 2114; x_wconf 85' lang='lat' dir='ltr'><strong>quocirca</strong></span> <span class='ocrx_word' id='word_1_282' title='bbox 798 2064 856 2101; x_wconf 88' lang='lat' dir='ltr'><strong>sic</strong></span> <span class='ocrx_word' id='word_1_283' title='bbox 885 2064 1147 2114; x_wconf 72' lang='lat' dir='ltr'><strong>interpretort</strong></span> <span class='ocrx_word' id='word_1_284' title='bbox 1177 2065 1319 2105; x_wconf 84' lang='lat' dir='ltr'><strong>incult.</strong></span> <span class='ocrx_word' id='word_1_285' title='bbox 1346 2065 1438 2103; x_wconf 67' lang='lat' dir='ltr'><strong>silv.</strong></span> <span class='ocrx_word' id='word_1_286' title='bbox 1463 2066 1493 2102; x_wconf 90' lang='lat' dir='ltr'><strong>i.</strong></span> <span class='ocrx_word' id='word_1_287' title='bbox 1518 2077 1552 2102; x_wconf 88' lang='lat' dir='ltr'><strong>e.</strong></span> <span class='ocrx_word' id='word_1_288' title='bbox 1586 2065 1676 2102; x_wconf 86' lang='lat' dir='ltr'><strong>loca</strong></span> <span class='ocrx_word' id='word_1_289' title='bbox 1703 2077 1770 2101; x_wconf 92' lang='lat' dir='ltr'><strong>ar-</strong></span> 
     </span>
     <span class='ocr_line' id='line_1_28' title="bbox 203 2129 1770 2183; baseline 0.001 -15"><span class='ocrx_word' id='word_1_290' title='bbox 203 2130 369 2168; x_wconf 86' lang='lat' dir='ltr'><strong>boribus</strong></span> <span class='ocrx_word' id='word_1_291' title='bbox 398 2143 431 2168; x_wconf 86' lang='lat' dir='ltr'><strong>s.</strong></span> <span class='ocrx_word' id='word_1_292' title='bbox 463 2129 636 2167; x_wconf 77' lang='lat' dir='ltr'><strong>dumetis</strong></span> <span class='ocrx_word' id='word_1_293' title='bbox 667 2131 822 2168; x_wconf 88' lang='lat' dir='ltr'><strong>consita</strong></span> <span class='ocrx_word' id='word_1_294' title='bbox 851 2136 971 2183; x_wconf 86' lang='lat' dir='ltr'><strong>atque</strong></span> <span class='ocrx_word' id='word_1_295' title='bbox 994 2131 1044 2169; x_wconf 93' lang='lat' dir='ltr'><strong>ob</strong></span> <span class='ocrx_word' id='word_1_296' title='bbox 1072 2144 1163 2168; x_wconf 83' lang='lat' dir='ltr'><strong>eam</strong></span> <span class='ocrx_word' id='word_1_297' title='bbox 1189 2145 1356 2171; x_wconf 86' lang='lat' dir='ltr'><strong>causam</strong></span> <span class='ocrx_word' id='word_1_298' title='bbox 1376 2133 1562 2178; x_wconf 80' lang='lat' dir='ltr'><strong>inculta,</strong></span> <span class='ocrx_word' id='word_1_299' title='bbox 1606 2130 1770 2170; x_wconf 87' lang='lat' dir='ltr'><strong>horrida</strong></span> 
     </span>
     <span class='ocr_line' id='line_1_29' title="bbox 199 2198 1772 2255; baseline 0.004 -20"><span class='ocrx_word' id='word_1_300' title='bbox 199 2205 408 2250; x_wconf 81' lang='lat' dir='ltr'><strong>pacantur</strong></span> <span class='ocrx_word' id='word_1_301' title='bbox 436 2198 464 2235; x_wconf 88' lang='lat' dir='ltr'><strong>i.</strong></span> <span class='ocrx_word' id='word_1_302' title='bbox 486 2212 522 2236; x_wconf 91' lang='lat' dir='ltr'><strong>e.</strong></span> <span class='ocrx_word' id='word_1_303' title='bbox 551 2204 713 2250; x_wconf 88' lang='lat' dir='ltr'><strong>propter</strong></span> <span class='ocrx_word' id='word_1_304' title='bbox 739 2199 862 2237; x_wconf 86' lang='lat' dir='ltr'><strong>silvas</strong></span> <span class='ocrx_word' id='word_1_305' title='bbox 883 2211 976 2237; x_wconf 88' lang='lat' dir='ltr'><strong>suas</strong></span> <span class='ocrx_word' id='word_1_306' title='bbox 1004 2200 1117 2237; x_wconf 86' lang='lat' dir='ltr'><strong>omni</strong></span> <span class='ocrx_word' id='word_1_307' title='bbox 1136 2202 1404 2251; x_wconf 83' lang='lat' dir='ltr'><strong>agriculturae</strong></span> <span class='ocrx_word' id='word_1_308' title='bbox 1434 2204 1551 2255; x_wconf 85' lang='lat' dir='ltr'><strong>quasi</strong></span> <span class='ocrx_word' id='word_1_309' title='bbox 1570 2201 1772 2241; x_wconf 89' lang='lat' dir='ltr'><strong>hostiliter</strong></span> 
     </span>
     <span class='ocr_line' id='line_1_30' title="bbox 205 2265 1769 2319; baseline 0.004 -15"><span class='ocrx_word' id='word_1_310' title='bbox 205 2265 464 2305; x_wconf 85' lang='lat' dir='ltr'><strong>adversantes</strong></span> <span class='ocrx_word' id='word_1_311' title='bbox 493 2273 624 2304; x_wconf 86' lang='lat' dir='ltr'><strong>aratro</strong></span> <span class='ocrx_word' id='word_1_312' title='bbox 657 2265 893 2316; x_wconf 87' lang='lat' dir='ltr'><strong>domantur,</strong></span> <span class='ocrx_word' id='word_1_313' title='bbox 932 2267 989 2305; x_wconf 87' lang='lat' dir='ltr'><strong>ita</strong></span> <span class='ocrx_word' id='word_1_314' title='bbox 1015 2273 1063 2305; x_wconf 81' lang='lat' dir='ltr'><strong>ut</strong></span> <span class='ocrx_word' id='word_1_315' title='bbox 1091 2269 1360 2319; x_wconf 83' lang='lat' dir='ltr'><strong>agriculturae</strong></span> <span class='ocrx_word' id='word_1_316' title='bbox 1392 2283 1481 2309; x_wconf 89' lang='lat' dir='ltr'><strong>sese</strong></span> <span class='ocrx_word' id='word_1_317' title='bbox 1514 2272 1769 2310; x_wconf 87' lang='lat' dir='ltr'><strong>submittant.</strong></span> 
     </span>
     <span class='ocr_line' id='line_1_31' title="bbox 203 2333 1771 2392; baseline 0.004 -19"><span class='ocrx_word' id='word_1_318' title='bbox 203 2334 360 2374; x_wconf 86' lang='lat' dir='ltr'><strong>Eadem</strong></span> <span class='ocrx_word' id='word_1_319' title='bbox 379 2333 617 2387; x_wconf 85' lang='lat' dir='ltr'><strong>metaphora</strong></span> <span class='ocrx_word' id='word_1_320' title='bbox 640 2348 736 2373; x_wconf 88' lang='lat' dir='ltr'><strong>usus</strong></span> <span class='ocrx_word' id='word_1_321' title='bbox 756 2342 817 2374; x_wconf 89' lang='lat' dir='ltr'><strong>est</strong></span> <span class='ocrx_word' id='word_1_322' title='bbox 837 2336 944 2386; x_wconf 87' lang='lat' dir='ltr'><strong>Virg.</strong></span> <span class='ocrx_word' id='word_1_323' title='bbox 960 2336 1065 2372; x_wconf 90' lang='lat' dir='ltr'><strong>Aen.</strong></span> <span class='ocrx_word' id='word_1_324' title='bbox 1084 2335 1124 2385; x_wconf 88' lang='grc'><strong>9,</strong></span> <span class='ocrx_word' id='word_1_325' title='bbox 1145 2337 1256 2386; x_wconf 88' lang='grc'><strong>609.,</strong></span> <span class='ocrx_word' id='word_1_326' title='bbox 1279 2351 1402 2390; x_wconf 88' lang='lat' dir='ltr'><strong>quem</strong></span> <span class='ocrx_word' id='word_1_327' title='bbox 1415 2339 1553 2378; x_wconf 88' lang='lat' dir='ltr'><strong>locum</strong></span> <span class='ocrx_word' id='word_1_328' title='bbox 1570 2347 1663 2392; x_wconf 84' lang='lat' dir='ltr'><strong>apte</strong></span> <span class='ocrx_word' id='word_1_329' title='bbox 1677 2342 1771 2379; x_wconf 89' lang='lat' dir='ltr'><strong>lau-</strong></span> 
     </span>
     <span class='ocr_line' id='line_1_32' title="bbox 205 2403 1769 2462; baseline 0.006 -20"><span class='ocrx_word' id='word_1_330' title='bbox 205 2403 275 2442; x_wconf 88' lang='lat' dir='ltr'><strong>dat</strong></span> <span class='ocrx_word' id='word_1_331' title='bbox 290 2404 483 2455; x_wconf 87' lang='lat' dir='ltr'><strong>Doering.</strong></span> <span class='ocrx_word' id='word_1_332' title='bbox 512 2403 607 2441; x_wconf 78' lang='lat' dir='ltr'><strong>Aut</strong></span> <span class='ocrx_word' id='word_1_333' title='bbox 631 2406 773 2441; x_wconf 86' lang='lat' dir='ltr'><strong>rastris</strong></span> <span class='ocrx_word' id='word_1_334' title='bbox 795 2410 943 2441; x_wconf 83' lang='lat' dir='ltr'><strong>terram</strong></span> <span class='ocrx_word' id='word_1_335' title='bbox 966 2403 1116 2441; x_wconf 78' lang='lat' dir='ltr'><strong>domat.</strong></span> <span class='ocrx_word' id='word_1_336' title='bbox 1143 2403 1262 2443; x_wconf 91' lang='lat' dir='ltr'><strong>Adde</strong></span> <span class='ocrx_word' id='word_1_337' title='bbox 1281 2407 1441 2445; x_wconf 90' lang='lat' dir='ltr'><strong>Lucret.</strong></span> <span class='ocrx_word' id='word_1_338' title='bbox 1463 2407 1503 2458; x_wconf 85' lang='lat'><strong>5,</strong></span> <span class='ocrx_word' id='word_1_339' title='bbox 1533 2410 1631 2450; x_wconf 84' lang='lat'><strong>932.</strong></span> <span class='ocrx_word' id='word_1_340' title='bbox 1653 2410 1769 2462; x_wconf 76' lang='lat' dir='ltr'><strong>firro</strong></span> 
     </span>
     <span class='ocr_line' id='line_1_33' title="bbox 205 2470 1770 2526; baseline 0.005 -17"><span class='ocrx_word' id='word_1_341' title='bbox 205 2485 309 2509; x_wconf 76' lang='lat' dir='ltr'><strong>arva</strong></span> <span class='ocrx_word' id='word_1_342' title='bbox 331 2471 508 2510; x_wconf 83' lang='lat' dir='ltr'><strong>molitur.</strong></span> <span class='ocrx_word' id='word_1_343' title='bbox 536 2474 718 2524; x_wconf 86' lang='lat' dir='ltr'><strong>Propert.</strong></span> <span class='ocrx_word' id='word_1_344' title='bbox 740 2470 780 2521; x_wconf 80' lang='lat'><strong>4,</strong></span> <span class='ocrx_word' id='word_1_345' title='bbox 803 2471 863 2524; x_wconf 84' lang='lat'><strong>(5.</strong></span> <span class='ocrx_word' id='word_1_346' title='bbox 885 2471 949 2512; x_wconf 90' lang='lat' dir='ltr'><strong>ed.</strong></span> <span class='ocrx_word' id='word_1_347' title='bbox 965 2470 1155 2526; x_wconf 83' lang='lat' dir='ltr'><strong>Lachm.)</strong></span> <span class='ocrx_word' id='word_1_348' title='bbox 1175 2472 1216 2523; x_wconf 89' lang='lat'><strong>9,</strong></span> <span class='ocrx_word' id='word_1_349' title='bbox 1236 2474 1278 2515; x_wconf 86' lang='lat'><strong>3.</strong></span> <span class='ocrx_word' id='word_1_350' title='bbox 1315 2475 1435 2513; x_wconf 79' lang='lat' dir='ltr'><strong>Venit</strong></span> <span class='ocrx_word' id='word_1_351' title='bbox 1453 2477 1513 2515; x_wconf 84' lang='lat' dir='ltr'><strong>ad</strong></span> <span class='ocrx_word' id='word_1_352' title='bbox 1524 2479 1694 2516; x_wconf 74' lang='lat' dir='ltr'><strong>invictos</strong></span> <span class='ocrx_word' id='word_1_353' title='bbox 1711 2501 1770 2508; x_wconf 91' lang='lat'><strong>—-</strong></span> 
     </span>
     <span class='ocr_line' id='line_1_34' title="bbox 207 2541 1769 2593; baseline 0.004 -17"><span class='ocrx_word' id='word_1_354' title='bbox 207 2541 352 2577; x_wconf 83' lang='lat' dir='ltr'><strong>montis</strong></span> <span class='ocrx_word' id='word_1_355' title='bbox 370 2541 398 2577; x_wconf 88' lang='lat' dir='ltr'><strong>i.</strong></span> <span class='ocrx_word' id='word_1_356' title='bbox 420 2553 455 2577; x_wconf 86' lang='lat' dir='ltr'><strong>e.</strong></span> <span class='ocrx_word' id='word_1_357' title='bbox 477 2542 616 2579; x_wconf 87' lang='lat' dir='ltr'><strong>aratris</strong></span> <span class='ocrx_word' id='word_1_358' title='bbox 639 2548 678 2579; x_wconf 88' lang='lat' dir='ltr'><strong>et</strong></span> <span class='ocrx_word' id='word_1_359' title='bbox 696 2541 899 2592; x_wconf 83' lang='lat' dir='ltr'><strong>ligonibus</strong></span> <span class='ocrx_word' id='word_1_360' title='bbox 919 2554 1002 2579; x_wconf 92' lang='lat' dir='ltr'><strong>non</strong></span> <span class='ocrx_word' id='word_1_361' title='bbox 1020 2547 1159 2580; x_wconf 87' lang='lat' dir='ltr'><strong>tactos.</strong></span> <span class='ocrx_word' id='word_1_362' title='bbox 1187 2543 1282 2580; x_wconf 88' lang='lat' dir='ltr'><strong>Juv.</strong></span> <span class='ocrx_word' id='word_1_363' title='bbox 1306 2545 1372 2593; x_wconf 86' lang='lat'><strong>11,</strong></span> <span class='ocrx_word' id='word_1_364' title='bbox 1389 2545 1459 2585; x_wconf 84' lang='grc'><strong>89.</strong></span> <span class='ocrx_word' id='word_1_365' title='bbox 1482 2546 1674 2584; x_wconf 75' lang='lat' dir='ltr'><strong>Erec-tum</strong></span> <span class='ocrx_word' id='word_1_366' title='bbox 1695 2547 1769 2585; x_wconf 84' lang='lat' dir='ltr'><strong>do-</strong></span> 
     </span>
     <span class='ocr_line' id='line_1_35' title="bbox 208 2607 1771 2668; baseline 0.008 -26"><span class='ocrx_word' id='word_1_367' title='bbox 208 2607 304 2643; x_wconf 81' lang='lat' dir='ltr'><strong>mito</strong></span> <span class='ocrx_word' id='word_1_368' title='bbox 322 2607 495 2658; x_wconf 67' lang='lat' dir='ltr'><strong>refirens</strong></span> <span class='ocrx_word' id='word_1_369' title='bbox 513 2622 541 2646; x_wconf 86' lang='lat' dir='ltr'><strong>a</strong></span> <span class='ocrx_word' id='word_1_370' title='bbox 559 2616 690 2647; x_wconf 81' lang='lat' dir='ltr'><strong>monte</strong></span> <span class='ocrx_word' id='word_1_371' title='bbox 708 2610 898 2662; x_wconf 66' lang='lat' dir='ltr'><strong>ligonem.</strong></span> <span class='ocrx_word' id='word_1_372' title='bbox 928 2609 1044 2648; x_wconf 86' lang='lat' dir='ltr'><strong>Ovid.</strong></span> <span class='ocrx_word' id='word_1_373' title='bbox 1066 2611 1173 2648; x_wconf 88' lang='lat' dir='ltr'><strong>Fast.</strong></span> <span class='ocrx_word' id='word_1_374' title='bbox 1196 2610 1234 2659; x_wconf 87' lang='lat'><strong>1,</strong></span> <span class='ocrx_word' id='word_1_375' title='bbox 1254 2611 1350 2651; x_wconf 87' lang='grc'><strong>666.</strong></span> <span class='ocrx_word' id='word_1_376' title='bbox 1388 2611 1516 2651; x_wconf 88' lang='lat' dir='ltr'><strong>Omne</strong></span> <span class='ocrx_word' id='word_1_377' title='bbox 1533 2615 1771 2668; x_wconf 77' lang='lat' dir='ltr'><strong>rejbrmidat</strong></span> 
     </span>
     <span class='ocr_line' id='line_1_36' title="bbox 196 2674 1762 2728; baseline 0.003 -18"><span class='ocrx_word' id='word_1_378' title='bbox 196 2674 365 2726; x_wconf 67' lang='lat' dir='ltr'><strong>frigida</strong></span> <span class='ocrx_word' id='word_1_379' title='bbox 389 2675 538 2714; x_wconf 69' lang='lat' dir='ltr'><strong>vulnus</strong></span> <span class='ocrx_word' id='word_1_380' title='bbox 563 2677 723 2716; x_wconf 77' lang='lat' dir='ltr'><strong>humus.</strong></span> <span class='ocrx_word' id='word_1_381' title='bbox 757 2677 817 2717; x_wconf 89' lang='lat' dir='ltr'><strong>Id.</strong></span> <span class='ocrx_word' id='word_1_382' title='bbox 833 2680 930 2716; x_wconf 83' lang='lat' dir='ltr'><strong>Met.</strong></span> <span class='ocrx_word' id='word_1_383' title='bbox 953 2679 990 2728; x_wconf 90' lang='lat'><strong>1,</strong></span> <span class='ocrx_word' id='word_1_384' title='bbox 1015 2680 1111 2720; x_wconf 84' lang='lat'><strong>102.</strong></span> <span class='ocrx_word' id='word_1_385' title='bbox 1140 2678 1293 2716; x_wconf 73' lang='lat' dir='ltr'><strong>Saucia</strong></span> <span class='ocrx_word' id='word_1_386' title='bbox 1310 2680 1535 2721; x_wconf 60' lang='lat' dir='ltr'><strong>vomeribus</strong></span> <span class='ocrx_word' id='word_1_387' title='bbox 1551 2705 1609 2714; x_wconf 79' lang='lat'><strong>—</strong></span> <span class='ocrx_word' id='word_1_388' title='bbox 1629 2685 1762 2723; x_wconf 59' lang='lat' dir='ltr'><strong>tellus,</strong></span> 
     </span>
     <span class='ocr_line' id='line_1_37' title="bbox 207 2741 1767 2805; baseline 0.006 -24"><span class='ocrx_word' id='word_1_389' title='bbox 207 2741 313 2781; x_wconf 85' lang='lat' dir='ltr'><strong>Ibid.</strong></span> <span class='ocrx_word' id='word_1_390' title='bbox 333 2744 374 2792; x_wconf 85' lang='grc'>2,</span> <span class='ocrx_word' id='word_1_391' title='bbox 403 2744 500 2784; x_wconf 88' lang='grc'><strong>286.</strong></span> <span class='ocrx_word' id='word_1_392' title='bbox 539 2745 692 2784; x_wconf 79' lang='lat' dir='ltr'><strong>adunci</strong></span> <span class='ocrx_word' id='word_1_393' title='bbox 721 2747 894 2786; x_wconf 73' lang='lat' dir='ltr'><strong>vulnera</strong></span> <span class='ocrx_word' id='word_1_394' title='bbox 923 2749 1055 2785; x_wconf 83' lang='lat' dir='ltr'><strong>aratri</strong></span> <span class='ocrx_word' id='word_1_395' title='bbox 1078 2748 1501 2801; x_wconf 78' lang='lat' dir='ltr'><strong>Rastrorumquesero</strong></span> <span class='ocrx_word' id='word_1_396' title='bbox 1524 2758 1679 2805; x_wconf 83' lang='lat' dir='ltr'><strong>totoque</strong></span> <span class='ocrx_word' id='word_1_397' title='bbox 1698 2767 1767 2791; x_wconf 87' lang='lat' dir='ltr'><strong>ex-</strong></span> 
     </span>
     <span class='ocr_line' id='line_1_38' title="bbox 209 2813 1762 2868; baseline 0.008 -21"><span class='ocrx_word' id='word_1_398' title='bbox 209 2824 339 2848; x_wconf 82' lang='lat' dir='ltr'><strong>erceor</strong></span> <span class='ocrx_word' id='word_1_399' title='bbox 361 2824 482 2849; x_wconf 88' lang='lat' dir='ltr'><strong>anno.</strong></span> <span class='ocrx_word' id='word_1_400' title='bbox 526 2813 631 2852; x_wconf 89' lang='lat' dir='ltr'><strong>Ibid.</strong></span> <span class='ocrx_word' id='word_1_401' title='bbox 663 2816 729 2865; x_wconf 86' lang='lat'><strong>11,</strong></span> <span class='ocrx_word' id='word_1_402' title='bbox 763 2818 835 2858; x_wconf 88' lang='lat'><strong>31.</strong></span> <span class='ocrx_word' id='word_1_403' title='bbox 874 2815 989 2854; x_wconf 74' lang='lat' dir='ltr'><strong>boves</strong></span> <span class='ocrx_word' id='word_1_404' title='bbox 999 2829 1138 2866; x_wconf 86' lang='lat' dir='ltr'><strong>presso</strong></span> <span class='ocrx_word' id='word_1_405' title='bbox 1167 2815 1406 2868; x_wconf 73' lang='lat' dir='ltr'><strong>subigebant</strong></span> <span class='ocrx_word' id='word_1_406' title='bbox 1423 2832 1577 2858; x_wconf 70' lang='lat' dir='ltr'><strong>vomere</strong></span> <span class='ocrx_word' id='word_1_407' title='bbox 1600 2829 1762 2860; x_wconf 86' lang='lat' dir='ltr'><strong>terram.</strong></span> 
     </span>
     <span class='ocr_line' id='line_1_39' title="bbox 208 2878 1762 2942; baseline 0.008 -26"><span class='ocrx_word' id='word_1_408' title='bbox 208 2879 290 2916; x_wconf 87' lang='lat' dir='ltr'><strong>Cic.</strong></span> <span class='ocrx_word' id='word_1_409' title='bbox 312 2878 361 2917; x_wconf 89' lang='lat' dir='ltr'><strong>de</strong></span> <span class='ocrx_word' id='word_1_410' title='bbox 379 2880 506 2931; x_wconf 85' lang='lat' dir='ltr'><strong>Legg.</strong></span> <span class='ocrx_word' id='word_1_411' title='bbox 526 2881 567 2931; x_wconf 89' lang='lat'><strong>2,</strong></span> <span class='ocrx_word' id='word_1_412' title='bbox 594 2883 661 2933; x_wconf 85' lang='lat'><strong>18,</strong></span> <span class='ocrx_word' id='word_1_413' title='bbox 681 2881 750 2926; x_wconf 80' lang='lat'><strong>45.</strong></span> <span class='ocrx_word' id='word_1_414' title='bbox 771 2892 916 2922; x_wconf 82' lang='lat' dir='ltr'><strong>terram</strong></span> <span class='ocrx_word' id='word_1_415' title='bbox 925 2885 1042 2936; x_wconf 89' lang='lat' dir='ltr'><strong>ferro</strong></span> <span class='ocrx_word' id='word_1_416' title='bbox 1061 2884 1368 2934; x_wconf 73' lang='lat' dir='ltr'><strong>subjiciendam,</strong></span> <span class='ocrx_word' id='word_1_417' title='bbox 1391 2888 1463 2926; x_wconf 87' lang='lat' dir='ltr'><strong>alii</strong></span> <span class='ocrx_word' id='word_1_418' title='bbox 1482 2889 1762 2942; x_wconf 78' lang='lat' dir='ltr'><strong>subigendam.</strong></span> 
     </span>
     <span class='ocr_line' id='line_1_40' title="bbox 209 2947 1765 3009; baseline 0.007 -24"><span class='ocrx_word' id='word_1_419' title='bbox 209 2947 425 2989; x_wconf 82' lang='lat' dir='ltr'><strong>Columell.</strong></span> <span class='ocrx_word' id='word_1_420' title='bbox 447 2949 487 2998; x_wconf 90' lang='lat'><strong>6,</strong></span> <span class='ocrx_word' id='word_1_421' title='bbox 505 2949 575 2990; x_wconf 87' lang='grc'><strong>22.</strong></span> <span class='ocrx_word' id='word_1_422' title='bbox 607 2957 756 2990; x_wconf 81' lang='lat' dir='ltr'><strong>terram</strong></span> <span class='ocrx_word' id='word_1_423' title='bbox 773 2960 909 2991; x_wconf 81' lang='lat' dir='ltr'><strong>aratro</strong></span> <span class='ocrx_word' id='word_1_424' title='bbox 928 2953 1104 2991; x_wconf 83' lang='lat' dir='ltr'><strong>domare.</strong></span> <span class='ocrx_word' id='word_1_425' title='bbox 1137 2954 1243 2993; x_wconf 88' lang='lat' dir='ltr'><strong>Plin.</strong></span> <span class='ocrx_word' id='word_1_426' title='bbox 1265 2955 1394 3007; x_wconf 90' lang='lat' dir='ltr'><strong>Epist.</strong></span> <span class='ocrx_word' id='word_1_427' title='bbox 1414 2956 1454 3007; x_wconf 88' lang='lat'><strong>5,</strong></span> <span class='ocrx_word' id='word_1_428' title='bbox 1477 2959 1517 3009; x_wconf 92' lang='lat'><strong>6,</strong></span> <span class='ocrx_word' id='word_1_429' title='bbox 1538 2959 1606 3000; x_wconf 90' lang='lat'><strong>10.</strong></span> <span class='ocrx_word' id='word_1_430' title='bbox 1635 2959 1765 2997; x_wconf 85' lang='lat' dir='ltr'><strong>solum</strong></span> 
     </span>
    </p>

    <p class='ocr_par' dir='ltr' id='par_1_4' title="bbox 1276 3019 1484 3078">
     <span class='ocr_line' id='line_1_41' title="bbox 1276 3019 1484 3078; baseline 0.005 -1"><span class='ocrx_word' id='word_1_431' title='bbox 1276 3019 1360 3062; x_wconf 82' lang='lat'><strong>12*</strong></span> <span class='ocrx_word' id='word_1_432' title='bbox 1388 3022 1433 3077; x_wconf 79' lang='lat'><strong>(5</strong></span> <span class='ocrx_word' id='word_1_433' title='bbox 1446 3026 1484 3078; x_wconf 82' lang='lat'><strong>*)</strong></span> 
     </span>
    </p>
   </div>
  </div>
 </body>
</html>
