2028 3268
182 275 264 320 105
322 274 705 316 COMMENTARII
735 275 792 315 IN
819 273 1044 331 HORATII
1072 273 1172 315 LIB.
1191 275 1222 314 Ι.
1243 272 1411 314 EPIST.
1433 272 1583 313 SEPT.
1641 267 1727 313 377

179 400 329 441 abradi
365 401 447 442 Cic.
482 414 541 453 pr.
568 401 688 440 Rose.
719 403 825 440 Com.
865 403 919 451 7,
959 401 1030 442 20.
1090 401 1228 439 Senec.
1257 399 1384 452 Epist.
1422 397 1519 442 114.
1557 404 1596 438 et
1629 412 1728 449 quae

182 473 273 509 sunt
295 469 443 513 similia.
502 470 588 510 Huc
615 471 785 520 accedit,
811 470 916 520 quod
944 469 1100 508 verbum
1130 469 1302 507 adrasus
1329 481 1400 508 sua
1427 468 1677 520 ambignitate
1707 480 1730 504 a

181 536 328 588 Poeta,
377 543 420 578 ut
450 540 623 588 videtur,
671 537 846 576 consulto
877 538 1052 588 quaesita
1088 539 1174 576 huic
1209 537 1295 576 loco
1333 539 1534 589 quandam
1554 536 1731 576 conciliat

181 607 445 657 festivitatem,
475 620 574 658 quae
603 619 627 644 a
655 607 845 658 scriptura
873 605 1044 644 abrasus
1074 606 1186 645 abest
1213 606 1458 657 longissime,
1486 609 1601 656 atque
1629 605 1730 643 haud

184 676 264 714 scio
305 689 354 714 an
392 677 493 715 idem
526 675 691 714 senserit
726 676 766 717 J.
796 676 857 715 H.
893 675 1085 722 Vossius,
1134 688 1251 726 quum
1287 674 1413 713 locum
1449 676 1502 714 ita
1539 679 1730 713 verteret:

182 743 352 795 „schaut
371 757 427 794 er,
457 748 545 795 sagt
563 757 667 794 man,
696 743 834 794 Einen,
865 745 934 783 der
953 744 1219 795 angeschoren
1239 745 1291 782 im
1310 744 1507 795 miissigen
1527 742 1605 796 (21)
1623 743 1732 782 Dach

184 812 256 850 des
291 811 471 850 Barbiers
512 825 610 851 saSS.
624 812 653 836 ‘⁶
729 810 901 851 Alteram
944 818 1072 851 autem
1117 812 1435 863 significationem
1478 826 1502 850 a
1535 812 1733 858 Baxtero,

189 879 452 928 Wielandio,
493 879 641 918 Bothio
679 881 991 932 comprobatam,
1038 893 1113 932 qua
1151 881 1240 920 adr.
1274 886 1335 919 est
1369 881 1504 919 leviter
1536 894 1647 919 rasus
1674 879 1734 918 vel

186 952 349 1000 propter
385 950 609 988 novaculam
647 949 825 987 hebetem
853 949 914 987 vel
948 954 1110 1000 propter
1136 953 1335 988 tonsorem
1372 949 1623 1000 inaequaliter
1646 952 1736 987 ton-

187 1018 346 1055 dentem
374 1019 618 1064 semirasus,
663 1017 816 1056 crambe
846 1022 1000 1055 recocta
1026 1017 1202 1056 refellere
1235 1017 1340 1056 nolo.
1401 1017 1600 1067 Tertiam,
1643 1017 1670 1055 i.
1699 1030 1734 1054 e.

194 1085 364 1123 Gesneri
386 1087 677 1138 explicationem
702 1113 731 1137 „
741 1085 785 1126 ἐν
814 1088 898 1139 χρῷ
925 1086 1095 1139 κουρίαν
1124 1099 1253 1124 rasum
1279 1087 1329 1124 ad
1353 1087 1468 1125 cutim
1489 1086 1648 1137 usque“
1677 1087 1736 1124 in-

187 1153 412 1205 telligentis,
443 1155 503 1193 cui
533 1155 682 1194 assensi
715 1159 805 1193 sunt
836 1153 1099 1192 Schiraelzius
1129 1154 1257 1207 (Clav.
1286 1155 1382 1194 Hor.
1412 1168 1452 1206 p.
1484 1154 1567 1206 7.),
1607 1153 1738 1192 Char-

181 1223 415 1274 penterius,
444 1222 531 1274 alii,
561 1227 604 1262 ut
633 1223 805 1276 κουρίαν
833 1222 937 1262 illam
964 1237 1036 1275 pro
1070 1224 1176 1275 parci
1205 1228 1244 1262 et
1272 1225 1370 1261 adeo
1400 1223 1548 1262 tenacis
1575 1223 1738 1261 hominis

189 1305 308 1343 saepe
337 1305 531 1331 nummum
558 1292 708 1331 tonsori
737 1293 830 1330 dare
857 1291 1024 1330 nolentis
1053 1293 1193 1331 indicio
1224 1292 1430 1342 haberent,
1462 1294 1548 1343 jure
1575 1291 1740 1342 explosit

195 1359 428 1398 Schmidius
438 1388 455 1407 ,
504 1365 548 1399 ut
588 1360 745 1399 verbum
782 1373 861 1398 non
900 1361 1053 1399 addam.
1132 1361 1304 1406 Quartae
1344 1364 1477 1400 auctor
1517 1360 1739 1412 perhibetur

189 1428 432 1475 Mamilius,
458 1430 516 1467 cui
543 1429 717 1467 adrasus
744 1428 944 1467 libertinae
971 1430 1198 1467 conditionis
1225 1431 1375 1481 signum
1405 1434 1466 1468 est
1494 1430 1533 1467 in
1554 1442 1638 1467 eam
1658 1442 1739 1466 rem

190 1498 318 1536 citatis
346 1497 503 1536 Petron.
533 1498 603 1540 32.
664 1498 746 1536 Cic.
771 1511 842 1548 pro
871 1498 991 1536 Rose.
1025 1498 1135 1536 Com.
1166 1500 1216 1549 7,
1266 1500 1333 1542 20.
1392 1497 1516 1536 Plaut.
1548 1495 1738 1548 Amphitr.

194 1569 231 1613 1,
266 1568 305 1616 1,
336 1567 454 1616 306„
485 1568 585 1604 adde
613 1564 697 1604 Liv.
729 1564 801 1615 34,
833 1566 902 1616 52,
936 1568 1002 1609 12.
1035 1564 1105 1616 45,
1137 1564 1208 1616 44,
1240 1566 1306 1608 19.
1334 1570 1374 1605 et
1394 1566 1559 1617 Rupert.
1588 1567 1638 1603 ad
1668 1563 1740 1615 24,

194 1637 263 1686 16,
292 1635 334 1674 9.
392 1635 503 1675 Hanc
531 1635 888 1686 interpretationem
912 1649 1020 1674 suam
1046 1636 1221 1673 fecerunt
1246 1635 1462 1684 Dae-erius,
1494 1633 1742 1685 Rappoltus,

193 1702 393 1741 Zurckius
402 1730 419 1748 ,
468 1702 553 1740 Fea
590 1702 673 1755 (qui
701 1707 831 1741 tamen
858 1716 929 1754 pro
957 1703 1048 1744 adr.
1078 1705 1234 1754 scripsit
1266 1702 1480 1754 abrasus),
1528 1704 1743 1741 refutarunt

199 1773 420 1817 Gesnems,
450 1771 726 1822 Doeringius‚
760 1770 1019 1818 Schmidius,
1057 1771 1243 1810 oremus.
1301 1772 1484 1817 Quintam
1512 1772 1745 1822 excogitavit

202 1840 448 1885 Torrentius,
478 1841 543 1890 qui
569 1840 741 1891 scripsit:
771 1843 846 1890 „ut
863 1852 884 1878 e
906 1841 1097 1879 tonstrina
1116 1841 1323 1880 venerat.“
1380 1841 1476 1880 Inde
1496 1839 1743 1890 Francogalli

203 1910 428 1954 Tarteron„
461 1908 691 1955 Sanadon„
727 1908 995 1959 Campenon..·
1025 1923 1109 1960 „un
1136 1910 1289 1948 homme
1318 1909 1435 1960 qu'on
1458 1909 1585 1948 venait
1610 1911 1659 1948 de
1681 1922 1745 1946 ra-

197 1977 305 2027 ser,“
336 1977 483 2014 Daru:
514 1990 597 2026 „un
623 1977 775 2016 homme
805 1978 897 2015 frais
926 1978 1062 2028 rase',“
1092 1978 1229 2029 quibus
1246 1979 1301 2016 ita
1321 1979 1528 2016 assentitur
1550 1977 1744 2024 Orellius,

195 2048 240 2084 ut
266 2044 358 2082 adr.
387 2036 554 2094 „recens
584 2045 743 2082 rasum“
771 2045 888 2083 dicat.
946 2046 1074 2084 Nemo
1100 2050 1228 2085 autem
1259 2046 1432 2097 exempla
1466 2046 1620 2096 attulit,
1660 2047 1745 2096 qui-

197 2113 269 2152 bus
298 2112 396 2150 hanc
425 2111 718 2162 explicationem
744 2112 952 2162 probaret,
981 2126 1107 2162 neque
1133 2115 1335 2163 quisquam
1363 2113 1543 2164 probabit
1575 2114 1618 2151 0.
1640 2115 1747 2151 Pas-

197 2183 301 2236 sovii
322 2180 696 2232 interpretationem:
726 2179 881 2228 „Einen
901 2179 1187 2219 Geschundnen
1215 2193 1278 2218 am
1296 2180 1437 2219 Bart.“
1497 2182 1612 2231 Quid,
1642 2182 1747 2231 quod

197 2254 347 2289 sextam
374 2250 482 2288 finxit
510 2248 613 2286 idem
648 2246 824 2285 Orellius
833 2275 850 2294 ,
880 2261 1019 2299 quum,
1058 2249 1115 2286 uti
1143 2247 1384 2300 Doriglzello
1418 2247 1502 2301 (qui
1529 2249 1748 2300 simpliciter

198 2317 357 2357 barbam
385 2320 424 2355 et
453 2316 612 2368 capillos
641 2316 722 2354 vult
749 2313 900 2367 rasos),
938 2329 1022 2354 voc.
1051 2315 1138 2355 adr.
1164 2316 1213 2354 ad
1238 2315 1416 2371 capillum
1446 2330 1598 2368 quoque
1626 2318 1748 2355 refer-

198 2390 284 2437 ret,
326 2389 367 2424 et
391 2398 470 2424 non
498 2387 611 2423 modo
643 2397 806 2435 „recens
835 2384 1070 2435 abrasum,“
1108 2397 1240 2423 verum
1269 2385 1382 2424 etiam
1403 2385 1662 2434 „attonsum“
1689 2386 1748 2423 in-

198 2456 405 2507 telligeret.
463 2452 556 2504 „De
585 2453 705 2491 barba:
727 2452 879 2502 enim,“
902 2453 1026 2503 inquit
1053 2452 1100 2491 V.
1132 2454 1196 2504 d.,
1226 2457 1298 2504 „et
1325 2454 1373 2492 de
1399 2453 1578 2504 capillitio
1607 2453 1748 2491 intelli-

200 2525 370 2575 gendum
392 2525 502 2574 puto,
534 2535 581 2560 ex
608 2534 684 2571 quo
713 2520 949 2570 aliquantum
978 2523 1127 2559 curtato
1157 2523 1288 2560 statim
1315 2521 1575 2572 perspiciebat
1603 2522 1749 2573 Philip-

199 2605 274 2644 pus
304 2592 555 2629 adventorem
582 2603 696 2639 esse,
735 2601 814 2626 non
843 2594 1041 2628 tonsorem
1069 2591 1215 2641 ipsum,
1260 2602 1374 2639 quem
1401 2589 1543 2640 alloqui
1570 2591 1748 2642 dignatus

201 2661 263 2698 vix
295 2662 412 2696 esset.
471 2656 628 2696 Petron.
650 2658 740 2700 32.:
773 2657 1016 2695 Trimalchio
1030 2657 1162 2708 pallio
1182 2658 1362 2694 coccineo
1382 2657 1576 2696 adrasum
1597 2658 1750 2711 (recens

203 2724 348 2777 rasum)
378 2725 599 2763 excluserat
621 2726 789 2776 caput.“
847 2727 902 2765 Ut
924 2726 1014 2764 nihil
1031 2739 1132 2764 nunc
1152 2727 1276 2764 dicam
1296 2727 1345 2764 de
1366 2726 1438 2764 hoc
1457 2726 1628 2766 Petronii
1648 2727 1749 2777 loco,

203 2807 280 2845 quo
315 2792 489 2830 Orellc'us
516 2793 620 2832 abuti
648 2795 819 2844 videtur,
866 2793 1087 2844 capillitium
1116 2792 1149 2830 si
1175 2793 1426 2832 intellexisset
1454 2793 1590 2844 Poeta,
1616 2802 1751 2832 atton—

205 2875 296 2900 sum
324 2862 455 2913 potius
488 2863 536 2900 de
566 2875 607 2900 re
637 2863 676 2902 in
702 2866 949 2914 conspectum
970 2861 1094 2911 magis
1124 2861 1285 2899 cadente
1315 2862 1486 2902 dixisset.
1543 2862 1751 2901 Praeterea

162 2931 169 2943 '
206 2930 426 2981 capillitium
456 2930 600 2980 forcipe
629 2931 882 2979 tondebatur,
910 2942 987 2966 non
1016 2929 1200 2968 novacula
1227 2930 1455 2981 radebatur,
1484 2932 1588 2981 quod
1611 2932 1683 2969 nisi
1712 2932 1752 2971 in

207 2997 379 3036 homines
413 2992 596 3036 servitute
639 2999 857 3038 eximendos
888 2996 946 3035 vel
980 2999 1172 3048 exemtos,
1214 3001 1279 3036 aut
1306 2998 1344 3036 in
1372 3003 1573 3049 austeros,
1617 3003 1684 3038 aut
1712 3001 1751 3037 in
