2028 3268
374 252 456 296 104
514 258 883 297 COMMENTARII
912 260 964 297 IN
993 256 1213 298 HORATH
1239 258 1410 297 EPIST.
1439 260 1579 298 PRIM.
1608 261 1706 299 LIB.
1736 263 1767 300 1.

370 368 451 406 cic.
469 367 518 405 (le
535 370 620 406 Fin.
643 367 690 418 4,
712 370 751 418 3,
778 370 842 416 7..·,
871 368 920 406 de
938 370 1107 407 formula
1130 370 1215 420 ipsa
1243 376 1421 406 accurate
1443 368 1628 408 dixerunt
1658 371 1883 409 Sclzmidins

371 434 422 471 ad
441 433 482 471 h.
503 437 530 472 l.
554 443 592 472 et
612 436 804 473 Handius
822 438 864 472 in
884 437 1004 474 Turs.
1020 439 1052 475 I.
1075 451 1115 488 p.
1135 437 1228 476 131.
1285 439 1344 473 Ita
1366 437 1515 474 Seneca
1541 439 1665 489 Epist.
1685 438 1753 479 31.
1810 439 1886 476 Ad

369 515 593 547 summam,
623 504 779 552 sapiens
802 503 902 547 eris,
930 503 967 538 si
986 510 1056 540 etc.
1082 526 1138 532 —-
1163 505 1320 553 sapiens
1346 516 1425 540 uno
1452 505 1578 540 minor
1603 505 1700 541 Jove
1710 531 1726 550 ,
1757 506 1884 541 minor

368 575 414 604 ut
438 567 510 605 Od.
540 570 575 616 1,
598 570 662 616 12,
687 569 754 608 57.
774 575 811 604 et
832 569 1000 619 Vesprit.
1023 570 1138 621 Spur.
1156 568 1231 608 nd.
1256 573 1296 619 2,
1314 573 1354 611 2.
1382 569 1588 621 (Wernsd.
1610 573 1680 608 111.
1704 584 1743 621 p.
1765 568 1881 623 357.)

369 635 528 679 Nullis,
558 636 791 684 Pauperies,
820 635 1047 672 numinibus
1066 639 1207 674 minor.
1267 640 1313 675 In
1338 650 1422 674 rem
1442 637 1581 675 Senec.
1611 636 1660 674 de
1679 638 1882 674 Constant.

369 701 462 751 Sap.
491 701 532 739 8.
564 701 732 750 Sapiens
757 708 888 738 autem
921 703 1074 739 vicinus
1091 706 1373 755 proximusque
1397 703 1474 740 diis
1495 706 1692 748 consistit,
1725 710 1882 754 excepta

370 766 633 812 mortalitate,
657 768 798 805 similis
822 769 906 806 deo.
937 768 994 806 Id.
1017 770 1143 819 Epist.
1162 771 1253 810 73.:
1274 772 1428 821 Jupiter
1447 784 1523 820 quo
1544 771 1736 807 antecedit
1752 772 1882 807 virum

369 833 546 870 bonum?
574 834 723 871 diutius
742 834 866 872 bonus
885 842 952 872 est.
981 836 1148 886 Sapiens
1164 837 1290 874 nihilo
1315 851 1355 874 se
1374 838 1536 874 minoris
1553 838 1750 882 aestimat,
1775 837 1884 888 quod

366 901 530 937 virtutes
552 903 637 947 ejus
661 903 788 952 spatio
810 900 980 938 breviore
996 902 1239 940 clauduntur
1255 911 1325 940 etc.
1361 904 1419 940 Cf.
1436 901 1503 943 31.
1523 904 1588 943 53.
1612 904 1681 944 59.
1699 904 1765 943 92.
1799 904 1877 941 cic.

368 965 418 1003 de
443 968 531 1004 Fin.
546 967 586 1015 3,
612 969 700 1016 22„
734 969 844 1006 Stob.
866 969 951 1004 Ecl.
969 970 1016 1016 2,
1040 969 1079 1007 7.
1100 982 1140 1019 p.
1164 971 1256 1011 198.
1277 973 1348 1018 Η.,
1382 971 1499 1020 Vulp.
1515 969 1566 1007 ad
1585 971 1728 1007 catull.
1749 970 1816 1019 51,
1840 973 1877 1011 1.

365 1034 424 1069 1)6
444 1034 529 1084 ipsa
549 1035 719 1083 ratione,
743 1048 820 1086 qua
844 1035 1001 1084 sapiens
1021 1033 1173 1071 dicatur
1191 1037 1319 1073 minor
1336 1038 1452 1086 Jove,
1477 1050 1549 1074 suo
1570 1039 1737 1088 qu'1sque
1758 1036 1877 1075 modo

366 1099 568 1151 disputant
586 1100 743 1146 Acron,
769 1100 1005 1147 Ascensius‚
1040 1101 1278 1140 Glareanus.
1300 1125 1356 1132 —
1373 1103 1494 1141 dives.
1525 1103 1755 1141 Cic.Parad.
1774 1105 1813 1152 6,
1837 1105 1876 1144 2.

365 1169 432 1204 cui
456 1174 569 1204 tanta
588 1168 776 1217 possessio
798 1174 870 1211 est,
902 1175 946 1204 ut
965 1168 1024 1205 ad
1050 1167 1264 1206 liberaliter
1288 1170 1499 1207 vivendum
1519 1170 1652 1221 facile
1679 1178 1877 1208 contentus

365 1235 415 1270 sit
422 1249 439 1281 ,-
469 1235 541 1284 qui
558 1234 663 1270 nihil
679 1241 872 1285 quaerat,
899 1234 1006 1271 nihil
1025 1242 1213 1284 appetat,
1245 1236 1350 1273 nihil
1366 1244 1471 1287 optet
1495 1237 1683 1287 amplius.
1744 1239 1802 1275 Cf.
1821 1237 1874 1274 id.

364 1300 415 1337 ad
439 1302 530 1339 Div.
551 1302 591 1350 7,
615 1303 692 1350 16.,
713 1315 784 1352 pro
802 1302 914 1338 Sext.
935 1302 1001 1341 51.
1023 1308 1062 1338 et
1083 1302 1192 1340 Stob.
1212 1303 1241 1339 l.
1260 1303 1287 1339 l.
1311 1317 1351 1354 p.
1370 1302 1466 1344 204.
1487 1326 1539 1332 -
1560 1302 1669 1341 liber.
1725 1305 1805 1342 cic.
1827 1304 1876 1341 de

364 1369 452 1405 Fin.
471 1369 510 1417 3,
530 1369 597 1416 22,
617 1367 683 1408 75.
709 1375 809 1404 recte
826 1367 933 1404 solus
954 1366 1070 1412 liber,
1095 1381 1166 1405 nec
1180 1368 1441 1407 dominationi
1463 1372 1700 1421 cujusquam
1709 1385 1876 1422 parens,

364 1448 487 1486 neque
505 1434 685 1471 obediens
703 1435 924 1485 cupiditati.
981 1435 1042 1471 Cf.
1059 1435 1167 1473 locos
1185 1435 1237 1473 ad
1262 1449 1302 1474 v.
1322 1438 1389 1477 69.
1415 1438 1556 1476 allatos
1578 1444 1616 1476 et
1646 1438 1872 1477 Gernhard.

363 1501 414 1538 ad
435 1502 514 1538 Cic.
534 1500 730 1539 Paradox.
751 1503 776 1541 5
790 1530 800 1549 ,
826 1502 849 1541 1
864 1531 874 1550 ,
900 1501 968 1541 33.
989 1525 1040 1530 -—
1060 1502 1286 1540 honoratus.
1347 1504 1428 1542 Cic.
1455 1504 1504 1542 de
1524 1507 1612 1543 Fin.
1634 1506 1683 1554 3,
1718 1504 1782 1554 14,
1808 1504 1873 1545 45.

371 1568 423 1604 Ut
441 1567 668 1605 obscuratur
691 1575 726 1604 et
747 1567 969 1619 offunditur
990 1568 1077 1605 luce
1100 1570 1194 1607 solis
1216 1570 1349 1607 lumen
1367 1571 1551 1609 lucernae
1559 1587 1577 1619 ,-
1599 1593 1651 1599 -
1675 1573 1733 1609 sic
1752 1586 1876 1624 quum

361 1634 414 1669 sit
430 1635 464 1670 is
482 1633 669 1671 bonorum
676 1635 781 1682 finis
788 1662 806 1680 ,
841 1647 957 1685 quem
979 1635 1104 1672 Stoici
1126 1636 1282 1682 dicant,
1313 1639 1438 1675 omnis
1463 1640 1539 1676 ista
1565 1650 1695 1675 rerum
1718 1638 1761 1674 in
1788 1651 1875 1674 cor-

357 1713 454 1750 pore
474 1701 640 1737 sitarum
660 1703 878 1738 aestimatio
897 1700 1100 1750 splendore
1126 1705 1285 1740 virtutis
1307 1711 1343 1740 et
1362 1705 1636 1755 magnitudine
1651 1703 1875 1741 obscuretur

360 1789 416 1796 —
439 1781 589 1805 necesse
607 1776 675 1805 est.
736 1769 795 1805 Cf.
815 1765 1029 1804 Mitscherl.
1049 1768 1099 1805 ad
1121 1769 1194 1806 Od.
1220 1771 1259 1818 3,
1279 1772 1326 1818 2,
1348 1770 1414 1809 17.
1433 1767 1472 1818 4,
1492 1770 1538 1818 9,
1558 1772 1649 1820 35.,
1677 1773 1787 1810 Stob.
1807 1774 1871 1810 1.1.

360 1847 402 1885 p.
421 1836 517 1874 208.
539 1857 595 1862 -
605 1834 789 1885 pulcher.
824 1835 904 1871 Cic.
925 1833 973 1870 de
992 1834 1079 1871 Fin.
1098 1836 1138 1884 3,
1158 1837 1225 1884 22,
1241 1836 1309 1876 75.
1338 1836 1459 1872 Recte
1478 1839 1596 1874 etiam
1606 1838 1778 1888 pulcher
1796 1852 1872 1888 ap—

353 1900 598 1951 pellabitur;
623 1902 750 1937 animi
767 1902 870 1937 enim
889 1901 1126 1937 lineamenta
1152 1910 1245 1939 sunt
1258 1902 1511 1952 pulchriora,
1537 1918 1659 1955 quam
1683 1907 1867 1955 corporis.

360 1966 421 2003 cf.
440 1968 561 2004 Tusc.
582 1965 621 2014 4,
644 1968 721 2016 13.,
748 1969 888 2006 senec.
908 1969 1035 2018 Epist.
1056 1970 1125 2008 66.
1144 1990 1200 1997 —
1223 1982 1290 2005 rex
1310 1968 1477 2020 denique
1497 1983 1650 2020 regum.
1706 1973 1786 2010 Cic.
1806 1973 1870 2010 Ll.

360 2033 524 2071 Rectius
549 2036 651 2071 enim
668 2035 938 2084 appellabitur
959 2048 1044 2080 rex,
1079 2047 1200 2084 quam
1232 2036 1472 2085 Tarquinius
1477 2063 1495 2081 ,
1521 2039 1592 2087 qni
1614 2051 1684 2075 nec
1706 2052 1771 2085 se,
1801 2053 1872 2076 nec

358 2113 450 2136 suos
465 2114 596 2151 regere
604 2103 748 2152 potuit.
777 2104 941 2140 Lucian.
963 2104 1141 2139 Hermot.
1163 2102 1229 2141 16.
1252 2108 1292 2138 et
1306 2102 1363 2139 ibi
1381 2103 1509 2141 Vorst.
1527 2105 1594 2142 IV.
1614 2117 1656 2156 p·
1666 2104 1762 2146 375.
1780 2107 1869 2157 Bip.

358 2163 485 2218 μόνος
503 2164 710 2220 βασιλεύς,
744 2166 863 2221 μόνος
891 2165 1105 2217 πλούσιος,
1136 2164 1260 2219 μόνος
1283 2166 1407 2220 σοφὸς
1425 2169 1492 2210 καὶ
1514 2168 1687 2220 συνόλως
1702 2168 1869 2212 ἅπαντα.

358 2233 421 2271 cf.
434 2233 491 2272 id.
502 2237 624 2274 Vitar.
635 2243 738 2274 auct.
750 2238 818 2277 20.
844 2236 954 2277 Stob.
970 2236 1038 2273 l.l.
1056 2248 1097 2286 p.
1119 2236 1216 2275 222.
1236 2242 1275 2273 et
1292 2235 1493 2275 Plutarch.
1505 2235 1554 2274 de
1572 2238 1867 2291 AnimiTranq.

357 2301 440 2339 VII.
459 2314 500 2352 p.
520 2299 615 2342 845.
634 2305 682 2341 R.
736 2302 835 2341 Inde
859 2304 1032 2341 colorem
1050 2301 1249 2339 duxerunt
1268 2315 1369 2354 quae
1390 2304 1576 2354 leguntur
1594 2303 1668 2341 Od.
1682 2305 1732 2352 2,
1754 2305 1794 2352 2,
1811 2306 1867 2346 21

357 2380 447 2420 sqq.
472 2375 512 2406 et
535 2382 599 2420 ap.
620 2370 762 2408 Senec.
781 2369 948 2422 Thyest.
963 2368 1045 2410 345
1060 2381 1149 2421 sqq.
1175 2367 1382 2408 Phoeniss.
1403 2369 1496 2410 105.
1527 2382 1591 2420 ap.
1609 2368 1748 2407 Claud.
1765 2371 1807 2407 in
1825 2369 1866 2411 4.

357 2435 474 2473 Cous.
495 2437 645 2474 Honor.
664 2438 763 2478 261.
795 2435 876 2474 Sed
897 2434 990 2474 vide
1019 2437 1182 2473 omnino
1212 2435 1262 2472 de
1279 2434 1365 2484 his,
1395 2448 1496 2488 quae
1515 2436 1649 2474 Cicero
1667 2434 1868 2473 mirabilia

358 2499 473 2550 dixit,
498 2503 613 2554 Diog.
630 2505 762 2541 Laert-
778 2504 818 2552 7,
842 2501 1074 2543 117—125.
1110 2502 1191 2539 Cic.
1207 2499 1328 2539 Acad.
1346 2503 1387 2550 2,
1404 2499 1473 2542 44.
1493 2499 1578 2551 47.,
1609 2503 1697 2538 Fin-
1715 2499 1765 2551 4,
1782 2503 1866 2551 27.,

357 2581 428 2619 pro
446 2570 600 2608 Muren.
620 2571 712 2619 29.,
749 2570 890 2608 senec.
909 2567 959 2606 de
984 2569 1187 2607 Constant.
1212 2568 1307 2619 Sap.
1331 2567 1394 2617 3.,
1425 2569 1540 2619 LiPS.
1561 2567 1791 2607 Manuduct.
1814 2568 1866 2607 ad

357 2633 502 2686 philos.
522 2637 641 2674 Stoic.
661 2637 730 2685 III,
753 2636 918 2685 3—20.,
945 2635 1178 2673 Bardilium
1196 2635 1239 2672 in
1252 2635 1400 2672 Hauffii
1417 2633 1616 2687 Philolog.
1634 2638 1667 2674 Ι.
1682 2637 1722 2677 3.
1742 2649 1782 2688 p.
1796 2634 1865 2677 44.

355 2703 465 2749 Quae
484 2703 674 2754 quoniam
685 2703 728 2739 in
747 2704 965 2741 multorum
980 2701 1115 2740 habita
1129 2715 1196 2740 ore
1215 2703 1471 2754 reperiuntur,
1492 2702 1629 2742 dubito
1644 2716 1744 2741 num
1760 2710 1865 2741 recte

355 2767 456 2806 haec
484 2768 629 2807 dixerit
655 2771 850 2809 Baxterus
877 2771 1083 2808 Luciliana
1114 2783 1222 2819 esse,
1264 2781 1494 2822 quanquam
1522 2769 1631 2807 idem
1666 2770 1864 2807 Lucilius:

357 2835 551 2874 Nondum
566 2837 670 2873 enim
689 2836 788 2874 baec
803 2838 938 2875 omnia
954 2835 1129 2885 habebit;
1151 2837 1377 2883 Formosus,
1395 2837 1521 2884 dives,
1538 2836 1654 2884 liber,
1678 2849 1748 2874 rex
1763 2833 1862 2874 solu’

356 2910 528 2942 vocetur.
587 2903 721 2941 Etiam
740 2905 862 2944 varro
886 2917 939 2943 ex
962 2902 1237 2944 emendatione
1256 2905 1383 2957 Lipsii
1396 2904 1440 2941 in
1459 2905 1550 2944 Var.
1566 2904 1693 2942 Lectt.
1714 2904 1752 2954 1,
1775 2903 1861 2944 17.:
