2054 3268
631 259 773 297 LIBRI
801 258 833 295 1.
890 255 1163 294 EPISTOLA
1193 257 1224 292 Ι.

1635 250 1690 292 21

205 376 299 422 Nee
334 374 484 420 medici
516 374 656 420 credis
686 387 767 419 nec
801 372 1010 418 curatoris
1045 384 1182 434 egere

207 455 251 500 A
286 459 490 515 praetore
525 454 642 516 dati,
676 468 820 500 rerum
845 451 983 498 tutela
1011 464 1205 495 mearum

206 533 347 590 Quum
381 534 441 577 sis
478 537 522 578 et
554 547 690 593 prave
717 535 880 578 sectum
917 529 1198 577 stomacheris
1226 529 1282 574 ob
1310 537 1500 588 unguem

204 613 274 659 De
306 617 350 659 te
386 611 640 673 pendentiS‚
677 615 722 658 te
755 610 1026 670 respicientis
1063 609 1206 654 amici.
1481 607 1492 620 ⁴

1610 606 1691 649 105

205 691 278 738 Ad
312 707 547 738 summam:
586 693 759 754 sapiens
797 704 882 736 uno
919 692 1058 736 miuor
1084 693 1154 735 est
1190 687 1335 749 Jove,
1377 686 1518 747 dives,

141 871 175 904 1.
207 867 312 903 Dess.
329 868 366 903 3.
410 871 529 914 putat.
554 867 624 902 Ms.
640 866 753 903 Dorv.
772 867 806 902 1.
836 886 883 892 -

138 925 321 959 sollennia.
350 924 412 958 Sic
435 936 499 960 ms.
523 925 632 959 Goth.
665 924 881 969 sollempnia.

140 980 229 1015 Mss.
245 980 350 1015 Dess.
367 982 402 1015 2.
419 982 455 1017 3.
486 982 629 1028 Lips.2.
647 982 683 1017 3.
717 982 839 1016 Guelf.
848 981 883 1016 3.

138 1040 316 1075 solemnia.
360 1039 495 1074 Graev.
556 1039 750 1073 sollemnia.
793 1039 882 1074 Mss.

139 1096 352 1132 Guelf.1.2.
362 1096 398 1130 4.
429 1096 577 1131 Dess.1.
603 1096 704 1143 Lips.
718 1098 751 1132 1.
783 1097 884 1130 Haec

138 1165 224 1188 vera
239 1153 380 1188 videtur
395 1165 472 1188 esse
489 1153 684 1199 scriptura,
703 1154 777 1188 vid.
795 1164 884 1198 quos

138 1211 282 1246 laudant
294 1210 371 1245 Fen
386 1211 431 1245 ad
448 1211 518 1245 Od.
535 1212 575 1255 4,
595 1213 635 1246 11
648 1238 658 1256 ,
678 1211 721 1246 17
738 1216 775 1244 et
788 1210 883 1244 Her-

138 1279 219 1311 zog.
237 1267 282 1301 ad
298 1267 386 1302 Sall.
405 1267 486 1303 Cat.
502 1269 559 1314 22,
576 1270 612 1304 2.
645 1268 702 1302 cf.
719 1267 882 1302 Perizon.

140 1325 185 1358 ad
201 1325 322 1359 Sanct.
338 1325 426 1359 Min.
442 1325 492 1359 II.
508 1338 544 1372 p.
554 1326 622 1360 558
639 1337 718 1370 sqq.
734 1326 778 1360 B.
813 1326 883 1360 Ce—

138 1387 252 1416 terum
266 1381 473 1417 Lambinus:
507 1381 593 1426 „alii
618 1382 800 1428 legendum
817 1394 883 1428 pu-

138 1443 216 1474 tant
231 1439 403 1473 sollennia
418 1440 468 1473 mi
483 1451 547 1485 pro
565 1440 652 1474 mihi
675 1441 741 1475 hoc
767 1452 885 1484 sensu,

138 1503 242 1544 putas
258 1497 342 1532 mihi
358 1509 430 1531 rem
448 1509 527 1531 esse
543 1496 732 1532 sollennem
761 1504 796 1533 et
811 1498 885 1532 usi-

137 1560 264 1599 tatam,
297 1555 335 1589 in
351 1554 455 1589 horas
471 1559 604 1589 mutare
628 1556 834 1590 sententiam
852 1562 888 1590 et

137 1610 311 1654 insanire3
329 1611 389 1646 alii
404 1615 486 1658 post
499 1613 670 1647 sollennia
686 1613 884 1647 distinctio-

138 1668 193 1704 nis
209 1674 325 1704 notam
339 1674 476 1715 ponunt
491 1669 627 1714 hocque
642 1669 744 1703 modo
771 1668 884 1714 expli-

138 1730 233 1760 cant:
265 1725 419 1760 insanire
435 1730 538 1771 putas
556 1737 635 1760 esse
651 1738 709 1760 res
726 1726 885 1760 omnibus

137 1782 340 1818 mortalibus
365 1783 553 1817 sollenneis
580 1789 615 1817 et
641 1782 789 1817 usitatas
816 1787 885 1816 etc.

138 1851 253 1884 neque
273 1851 326 1874 me
340 1839 476 1874 rides.“
521 1841 687 1874 solemnia
717 1839 797 1874 me?
825 1839 887 1873 Sic

138 1897 222 1932 dist.
251 1908 312 1931 un.
329 1909 392 1932 ms.
410 1897 508 1932 Feae
531 1902 567 1931 et
597 1898 654 1932 ed.
671 1896 823 1942 Dorigh.
840 1916 888 1922 —

138 1966 213 1989 nee.
235 1954 307 1989 Ms.
330 1954 432 2001 Lips.
449 1955 485 1990 3.
532 1966 641 2000 neque
667 1954 794 1989 rides?
826 1955 889 1988 Sic

141 2011 199 2046 ed.
217 2011 354 2046 zell.—
363 2014 410 2047 V.
424 2014 503 2048 102.
522 2012 592 2047 Nee
602 2024 780 2056 —neque.
793 2012 887 2047 Edd.

142 2069 232 2103 Cun.
242 2069 328 2104 San.
338 2069 491 2104 Mer-vill.
501 2069 556 2103 De
567 2069 621 2103 his
631 2068 812 2113 particulis
821 2069 891 2103 sibi

141 2125 433 2171 respondentibus
463 2126 536 2160 vid.
555 2137 645 2171 quae
671 2125 837 2159 annotavi
853 2126 891 2159 in

143 2183 296 2217 Seebod.
315 2187 350 2216 et
363 2181 482 2216 Jahnii
497 2182 641 2217 Archiv.
658 2182 690 2215 I.
708 2182 743 2216 3.
762 2181 889 2227 p.462.

141 2240 200 2274 Cf.
219 2239 371 2281 Cuning.
387 2239 570 2274 Animadv.
598 2238 636 2272 in
660 2239 750 2272 Hor.
769 2238 886 2272 Bentl.

139 2309 177 2343 p.
185 2297 232 2332 43
240 2302 276 2331 et
285 2298 454 2342 Wagner.
465 2296 612 2337 Quaest.
621 2296 722 2340 Virg.
733 2295 889 2340 XXXII,

142 2354 198 2388 18.
229 2373 278 2379 —
306 2354 353 2388 V.
372 2354 451 2390 103.
484 2365 508 2387 a
521 2358 683 2398 praetore
699 2353 804 2388 dati?
833 2354 889 2387 Ita

140 2410 286 2445 distinx.
303 2411 383 2446 edd.
403 2412 494 2445 Cun.
513 2416 548 2445 et
562 2410 712 2455 Dorigh.

185 2466 233 2500 V.
252 2467 331 2502 104.
357 2468 598 2502 stomacharis.
632 2468 722 2502 Mss.
738 2467 837 2502 Feae
852 2468 887 2512 3,

139 2524 177 2558 b.
195 2534 228 2557 c.
276 2525 396 2559 Schol.
413 2526 524 2570 Cruq.
547 2525 584 2560 in
610 2525 781 2560 lemmate.
814 2525 887 2560 Ed.

141 2579 266 2615 colon.
276 2582 345 2616 510
353 2586 400 2622 et,
416 2588 507 2618 teste
518 2582 716 2619 Kirchnero
726 2583 888 2628 (Quaest.

139 2637 270 2673 Horat.
294 2639 491 2684 Numburgi
508 2641 598 2675 1836
621 2654 656 2686 p.
674 2640 769 2685 36.)‚
803 2640 888 2674 Pin-

141 2694 242 2728 ciana
256 2695 348 2730 Ven.
371 2696 475 2737 492„
503 2696 584 2732 494.
608 2697 666 2732 95.
683 2699 742 2732 98.
789 2697 888 2732 Med.

141 2751 223 2786 508.
242 2752 296 2786 12.
307 2777 318 2795 ‚
345 2763 446 2797 quam
471 2754 680 2800 scripturam
696 2755 776 2788 Vir.
792 2755 886 2789 Exc.

141 2809 344 2854 comprobat
351 2820 415 2843 suo
425 2821 570 2846 assensu
584 2813 639 2848 ita
650 2811 887 2858 distinguens:

142 2865 257 2908 Quum
269 2865 340 2907 sis3
372 2869 408 2900 et
435 2873 503 2903 etc.
520 2869 546 2903 i.
565 2882 597 2905 e.
613 2870 676 2905 sed
691 2870 886 2905 stomacha-

141 2933 205 2957 ris.

186 2979 234 3014 V.
254 2979 332 3015 105.
348 2984 383 3016 te
397 2981 613 3028 suspicientis
628 2996 672 3020 ex
688 2985 889 3031 conjectura

939 866 988 901 N.
1012 863 1155 900 Heinsii
1187 862 1332 909 scripsit
1353 862 1558 907 Bentlejus,
1590 874 1691 907 quem

938 933 1015 968 seq.
1027 920 1180 957 Wetzel.
1212 921 1434 967 Improbatur
1450 920 1574 954 merito
1585 931 1605 954 a
1614 920 1691 964 ple-

937 978 1076 1024 risque,
1101 979 1207 1013 etiam
1231 978 1450 1012 aJohnsono
1475 977 1689 1021 (Aristar-ch.

938 1036 1045 1071 Anti·
1057 1037 1174 1071 Bentl.
1199 1037 1248 1071 II.
1272 1047 1309 1080 p.
1323 1036 1369 1070 92
1385 1035 1505 1080 sqq.)‚
1533 1035 1590 1069 Jo.
1609 1036 1691 1069 Cle—

937 1093 1012 1128 rico
1044 1094 1081 1127 in
1104 1092 1354 1129 Friedemanni
1378 1098 1414 1127 et
1431 1093 1584 1127 Seebod.
1603 1093 1691 1126 Mis-

941 1150 1020 1184 cell.
1043 1150 1137 1184 critt.
1155 1150 1186 1184 I.
1210 1151 1244 1184 3.
1274 1163 1311 1196 p.
1328 1149 1421 1194 543,
1457 1149 1620 1183 Oudend.
1649 1149 1693 1184 ad

939 1207 1079 1254 Apulei.
1096 1206 1185 1240 Met.
1197 1206 1262 1241 VJ.
1279 1220 1316 1253 p.
1329 1208 1398 1242 402
1414 1212 1519 1251 atque
1535 1208 1579 1241 ab
1596 1208 1691 1241 Hor-

939 1277 1001 1300 reo
1018 1265 1056 1298 in
1070 1263 1176 1298 Misc.
1193 1263 1288 1299 critt.
1305 1266 1334 1310 Ι,
1352 1265 1388 1300 5.
1405 1278 1440 1311 p.
1458 1266 1517 1300 83.
1550 1265 1691 1299 Nodell.

940 1322 978 1356 in
994 1322 1081 1355 Not.
1101 1321 1196 1355 critt.
1213 1332 1246 1354 c.
1263 1322 1299 1356 4.
1318 1335 1355 1368 p.
1373 1323 1432 1357 91.
1467 1323 1691 1358 Praedicovii

941 1381 1161 1424 conjectura:
1188 1390 1224 1413 se
1239 1379 1477 1425 despicientis,
1497 1392 1541 1414 ne
1557 1379 1691 1414 refuta-

941 1438 1038 1472 tione
1054 1437 1193 1481 quidem
1210 1437 1317 1481 digna
1333 1438 1487 1472 videtur.
1505 1458 1552 1462 —
1569 1437 1691 1471 amice.

942 1495 1012 1530 Ms-
1028 1494 1204 1528 Oberl-D.
1223 1495 1354 1529 amici?
1371 1495 1433 1529 Sic
1448 1495 1593 1540 disting.
1611 1494 1690 1528 edd.

941 1553 1058 1599 Feae,
1090 1552 1211 1588 Jaeck.
1242 1551 1349 1587 Doer.
1385 1553 1490 1587 Jahn.
1523 1552 1692 1595 Meinek.‚

943 1612 1007 1646 sed
1039 1612 1181 1646 diverso
1214 1610 1338 1654 modo,
1372 1622 1408 1645 v.
1427 1622 1464 1644 v.
1484 1611 1551 1644 100
1574 1615 1610 1645 et
1633 1610 1691 1644 97.

941 1669 996 1703 Ita
1019 1669 1122 1703 etiam
1148 1667 1432 1712 distinguendum
1457 1667 1633 1713 praecipit
1648 1667 1691 1700 Z.

940 1725 1073 1760 Pearce
1106 1726 1143 1760 in
1169 1725 1322 1760 Seebod.
1347 1725 1442 1759 Krit.
1468 1724 1561 1759 Bibl.
1590 1726 1691 1759 1820.

944 1784 1000 1817 10.
1012 1795 1047 1828 p.
1060 1783 1142 1827 861,
1159 1787 1224 1826 „ut
1238 1782 1376 1828 patet,“
1391 1781 1518 1827 inquit,
1534 1782 1597 1825 „in
1610 1794 1691 1816 ver-

942 1852 984 1876 su
1000 1841 1085 1875 97.“
1133 1841 1269 1874 Rursus
1286 1840 1365 1884 alii,
1399 1846 1438 1874 ut
1453 1840 1570 1874 Bentl.
1600 1840 1691 1874 Cun-

943 1898 1026 1933 Val.
1052 1897 1202 1943 Dorigh.
1231 1897 1388 1931 Schmid.
1414 1897 1506 1932 Zell.
1534 1897 1691 1931 Braunh.

944 1960 1026 2002 post
1041 1957 1146 1989 amici
1160 1960 1290 2001 puncto
1306 1956 1459 2000 signant.
1504 1954 1694 1990 Passovius

945 2013 1022 2047 sine
1037 2013 1108 2047 ulla
1123 2013 1418 2058 interrogatione:
1438 2013 1542 2057 Quid,
1560 2025 1694 2047 mea—-

945 2070 1126 2105 rotundis.-
1143 2089 1191 2095 -—
1206 2071 1312 2104 amici

993 2127 1040 2161 V.
1059 2128 1136 2162 106.
1170 2129 1227 2162 Ad
1250 2138 1420 2162 summam
1447 2127 1604 2171 sapiens,
1638 2127 1694 2161 Ita

947 2186 1090 2221 distinx.
1109 2186 1304 2231 CruquiuS,
1331 2196 1432 2230 quem
1448 2185 1580 2218 refutat
1598 2184 1692 2217 Tor-

945 2244 1093 2279 rentius.
1141 2244 1198 2276 Ad
1227 2253 1407 2276 summum.
1440 2241 1511 2274 Ed.
1545 2241 1588 2274 de
1614 2241 1692 2275 Ma-

943 2301 1024 2336 roll.
1076 2300 1214 2343 (vertit
1254 2304 1389 2332 tamen:
1447 2298 1579 2342 Enfin)
1621 2298 1692 2331 Ro-

943 2358 1027 2393 dell.
1092 2370 1129 2391 v.
1163 2356 1280 2390 Hand.
1316 2353 1427 2389 Turs.
1467 2356 1499 2390 I.
1538 2368 1576 2399 p.
1613 2355 1691 2390 132.

943 2416 1019 2449 Aut
1052 2425 1233 2450 summam.
1280 2414 1352 2448 Ed.
1385 2413 1495 2447 Basil.
1532 2413 1613 2447 580.
1647 2432 1694 2438 —

947 2474 991 2508 V.
1012 2474 1092 2508 107.
1125 2472 1305 2505 hernotus.
1340 2471 1410 2505 Ms.
1429 2470 1549 2504 Guelf.
1567 2471 1602 2505 2.
1629 2471 1692 2515 (an

944 2530 1116 2566 ornatus?
1148 2529 1243 2575 quod
1268 2528 1337 2562 nisi
1361 2534 1470 2563 metro
1488 2527 1691 2563 adversare—

944 2593 1003 2623 tur
1019 2615 1030 2633 ,
1064 2586 1295 2622 conferendus
1329 2591 1424 2620 esset
1455 2585 1624 2619 Schneid.
1655 2585 1693 2621 in

944 2645 1084 2679 Elmtrl.
1102 2656 1138 2689 p.
1152 2644 1248 2687 184.)
1265 2662 1313 2668 —-
1324 2643 1470 2688 pulcher
1513 2642 1576 2676 Sic
1594 2651 1691 2678 certe

944 2712 1027 2735 mss.
1056 2699 1167 2734 nostri
1192 2700 1297 2734 Dess.
1315 2701 1423 2735 Goth.
1440 2700 1539 2747 Lips.
1557 2701 1690 2736 Graev.

940 2760 1064 2806 pulcer
1086 2756 1254 2792 exhibent
1283 2757 1362 2792 edd.
1389 2757 1481 2804 alqt,
1518 2764 1557 2792 ut
1579 2759 1690 2793 Chab.

943 2813 1148 2857 Schrevel.‚
1180 2817 1309 2860 probat
1330 2815 1448 2861 Heyn.
1476 2816 1521 2850 ad
1539 2816 1641 2861 Virg.
1658 2816 1689 2850 Ι.

941 2885 978 2918 p.
997 2870 1172 2906 LXI.·ed.
1190 2872 1334 2918 Wagn.,
1364 2874 1426 2908 sed
1445 2873 1493 2907 cf.
1520 2873 1691 2907 Schneid-

941 2928 1011 2962 l.1.
1044 2939 1081 2973 p.
1099 2928 1181 2962 206.
1212 2949 1259 2956 —
1289 2930 1435 2976 denique
1456 2942 1585 2965 rerum.
1618 2931 1690 2966 Ms.

944 2985 1066 3020 Guelf.
1083 2985 1120 3020 3.
1162 2985 1209 3021 V.
1229 2988 1422 3024 106—108.
1455 2988 1550 3023 delet
1566 2989 1689 3032 Guye-
