2028 3268
190 243 243 286 41
303 242 675 282 COMMENTARII
702 243 756 280 IN
782 240 1004 279 HORATII
1025 240 1199 282 EPIST.
1223 238 1447 278 SECUND.
1476 239 1577 277 LIB.
1598 240 1630 277 1.
1664 233 1744 276 147

190 354 288 406 342,
313 363 352 394 et
373 355 470 393 alibi
492 353 586 406 (οἆ.
606 356 648 404 2,
674 352 713 404 4,
734 352 792 407 3.)
820 352 994 392 eundem
1013 368 1155 394 amorex
1168 361 1330 406 captum
1354 350 1556 400 docuerit,
1586 357 1747 389 contra-

189 423 379 463 dictionis
397 425 568 462 incusat.
627 425 680 462 At
702 421 769 461 hic
786 423 982 474 interpres
1006 437 1088 462 non
1106 422 1215 476 apud
1238 437 1280 461 se
1300 421 1521 474 reputavit,
1553 432 1575 456 a
1591 419 1748 471 potiore

191 493 278 532 fieri
303 492 695 540 denominationem,
727 497 766 529 et
795 491 1007 528 Horatium
1041 505 1168 544 quum
1198 491 1276 531 hoc
1302 492 1393 529 loco
1424 488 1576 528 Achilli
1602 489 1748 527 amoris

106 552 109 553 ⁷
134 574 136 576 ·
192 560 377 600 ardorem
395 574 479 600 non
496 561 709 610 tribueret,
738 560 853 598 nullo
878 558 1000 598 modo
1025 558 1068 596 id
1094 566 1316 611 spectasse,
1350 565 1396 596 ut
1416 572 1509 596 eum
1528 571 1650 596 sensu
1668 556 1749 594 liu-

191 643 334 680 mano,
365 643 446 679 quo
473 630 663 668 mortales
697 627 750 667 ad
785 641 964 666 amorem
997 626 1217 676 ducuntur,
1256 627 1418 679 penitus
1453 633 1631 664 exueret.
1689 629 1748 664 Ne

191 696 270 737 hoc
295 697 461 751 quidem
481 697 612 736 dicam
626 727 637 747 ‚
668 695 778 750 quod
797 694 996 735 Zurckius
1025 702 1065 733 et
1083 697 1276 733 Dacerius
1303 696 1429 733 libere
1451 696 1622 747 professi
1643 703 1748 746 sunt,

191 768 403 805 Horatium
426 766 494 805 hic
518 764 808 819 philosophum
834 779 949 804 veros
978 765 1104 802 animi
1132 777 1273 802 sensus
1298 763 1542 814 describere,
1573 763 1645 802 sed
1675 764 1749 803 Od.

191 837 234 885 2,
253 833 295 876 4.
314 842 484 874 tractare
504 834 785 874 tantummodo
816 833 986 872 ludicra.
1044 834 1194 871 Parum
1219 840 1402 870 accurate
1430 834 1551 870 etiam
1576 834 1752 872 Doeriu—

192 904 283 955 gius
313 905 396 941 urit
419 905 620 957 explicat:
651 903 856 953 accendit,
885 903 1164 951 iufla1nmat‚“
1197 915 1325 954 quum
1344 901 1387 939 id
1421 902 1591 939 verbum
1612 900 1662 939 de
1686 915 1751 939 ar-

193 971 454 1023 dentissimo,
485 974 555 1026 qui
574 971 785 1012 hominem
804 973 966 1021 cruciat,
993 971 1060 1009 vel
1085 983 1221 1008 amore
1242 971 1309 1009 vel
1331 971 1391 1008 ira
1418 970 1522 1023 (Sat.
1542 970 1578 1019 1,
1604 970 1644 1019 9,
1662 970 1747 1019 66.)

192 1048 418 1093 usurpetur.
478 1042 539 1080 Cf.
559 1041 748 1081 Doederl.
773 1042 873 1094 Syn.
896 1042 962 1080 IV.
987 1054 1029 1092 p·
1051 1036 1150 1080 247-

306 1108 439 1151 V-14.
479 1109 944 1163 Quicquid—Achivi.
1005 1110 1067 1145 Ita
1091 1105 1299 1145 Phaedrus
1331 1077 1753 1157 1,3O,1.Hu1}n'les

193 1177 410 1226 laborant,
439 1178 512 1217 ubi
524 1185 703 1230 potentes
722 1178 928 1216 dissident.
973 1178 1073 1215 Tac.
1095 1177 1201 1213 Ann.
1229 1173 1269 1226 4,
1291 1176 1330 1225 8,
1354 1177 1394 1216 8.
1453 1176 1520 1214 lta
1538 1177 1628 1213 nati
1644 1177 1752 1222 estis,

193 1254 239 1284 ut
268 1246 373 1285 bona
403 1247 593 1300 malaque
615 1255 747 1285 vestra
775 1246 833 1284 ad
853 1244 1144 1296 rempublicam
1166 1245 1408 1296 pertineant.
1471 1245 1591 1295 Prop.
1616 1243 1656 1293 3,
1683 1245 1751 1293 17,

193 1316 262 1356 29.
297 1316 356 1367 (2,
377 1317 418 1366 7,
442 1317 483 1357 6.
508 1315 575 1369 Β.)
603 1317 691 1353 Hic
712 1315 807 1353 olim
824 1316 989 1367 ignaros
1010 1315 1142 1351 luctus
1155 1313 1374 1365 populavit
1390 1312 1573 1350 Achivos
1584 1341 1600 1358 ,
1630 1313 1752 1350 Atri-

195 1384 273 1422 dae
308 1399 458 1437 magno
485 1398 612 1436 quum
640 1385 746 1422 stetit
781 1384 884 1422 alter
911 1399 1027 1422 amor
1037 1399 1053 1432 ;
1091 1397 1214 1436 quem
1242 1384 1380 1422 locum
1411 1395 1503 1419 cum
1531 1382 1751 1419 HoratIano

195 1460 401 1505 comparat
422 1452 608 1491 Paldam.
628 1467 669 1506 p.
690 1450 789 1494 243.
848 1453 1024 1506 Cruquio
1046 1454 1170 1491 Poeta
1191 1451 1350 1490 videtur
1369 1449 1549 1488 alludere
1575 1449 1626 1487 ad
1648 1449 1752 1487 illud

194 1519 348 1559 dictum
369 1521 537 1560 Hesiodi
567 1523 611 1559 in
636 1522 739 1574 Opp.
770 1528 810 1560 et
837 1523 887 1560 D.
905 1521 1004 1563 258.
1032 1516 1129 1575 ’ὄφρ’
1152 1517 1323 1577 οἷποτίσῃ
1344 1523 1486 1573 Δῆμος
1505 1515 1752 1567 ἀτασθαλίας

193 1588 409 1642 βασιλέων,
439 1590 480 1631 οἳ
507 1586 633 1644 λυγρὰ
663 1592 850 1639 νοεῦντες
867 1587 992 1646 ''AM-27
1016 1590 1281 1643 παρκλίνουσι
1306 1589 1440 1638 δίκας,
1473 1590 1642 1636 σκολιῶς
1665 1585 1752 1628 ἐνέ-

191 1672 346 1708 ποντες.
371 1655 378 1662 ’
406 1660 459 1697 At
480 1672 628 1710 magna
653 1659 695 1695 in
718 1659 791 1696 tali
817 1672 859 1696 re
878 1657 1109 1696 adhibenda
1136 1665 1196 1696 est
1217 1658 1369 1706 cautio,
1399 1670 1451 1694 ne
1478 1658 1647 1695 Proteus
1668 1657 1750 1705 ille,

193 1739 320 1779 quum
365 1728 548 1766 vinctum
584 1734 721 1764 tenere
765 1727 1023 1777 arbitramur,
1070 1741 1091 1765 e
1134 1728 1281 1766 nostris
1326 1726 1512 1764 manibus
1557 1725 1751 1763 elabatur.

193 1795 335 1834 Sobrie
353 1795 403 1834 de
430 1794 508 1834 hoc
525 1797 682 1834 Horatii
706 1796 880 1836 Graecos
902 1795 1090 1834 imitandi
1118 1795 1252 1834 studio
1277 1808 1407 1847 nuper
1433 1793 1538 1832 dixit
1561 1795 1746 1832 Monieh.

191 1865 246 1902 in.
272 1865 412 1916 Progr.
448 1863 576 1904 schol.
618 1861 848 1918 (Schwerin
890 1865 1044 1916 1837):
1085 1862 1459 1915 „Beleuchtungen
1487 1862 1752 1903 Horazischer

191 1931 346 1984 Lyrik“
374 1946 416 1985 p.
447 1934 489 1973 2.
554 1933 807 1972 Sententiam
838 1935 970 1985 ipsam
1002 1941 1086 1972 arte
1117 1932 1293 1987 quadam
1321 1931 1518 1985 pingendi
1554 1932 1751 1985 expressit

201 2001 377 2039 Vaenius
394 2003 438 2039 in
463 2002 666 2040 Emblem.
696 2004 834 2040 Horat.
859 2017 901 2055 p.
929 2001 1024 2045 174.
1047 2003 1110 2042 ed.
1135 2004 1319 2041 Bruxell.
1347 2001 1471 2042 1683.

304 2070 354 2109 V.
381 2070 446 2110 15.
476 2070 544 2110 16.
579 2069 806 2117 Seditione,
837 2071 965 2118 dolis,
994 2079 1040 2109 ut
1059 2071 1280 2121 Thersitis‚
1315 2069 1506 2118 Pandari,
1536 2069 1585 2106 Il.
1605 2069 1645 2117 2,
1670 2067 1750 2108 155

194 2151 283 2191 sqq.
305 2136 346 2187 4,
370 2136 464 2179 134.
520 2140 630 2176 Haec
652 2144 692 2175 et
706 2139 803 2176 talia
822 2139 919 2176 vitia
938 2140 1077 2178 multis
1103 2153 1158 2177 ex
1179 2142 1356 2178 Homero
1379 2138 1524 2186 allatis,
1551 2137 1750 2187 exemplis

193 2209 369 2246 illustrat
390 2204 596 2245 Plutarch.
622 2205 672 2243 de
695 2205 884 2244 audiend.
909 2209 1025 2246 Po‘et.
1046 2210 1113 2247 VI.
1144 2222 1186 2260 p.
1218 2207 1272 2248 65
1303 2220 1363 2259 sq.
1394 2204 1493 2244 Rsk.
1525 2206 1586 2243 Cf.
1608 2203 1682 2244 Od.
1707 2206 1749 2254 3,

193 2277 236 2326 3,
257 2275 311 2317 25
332 2289 421 2330 sqq.
444 2297 500 2303 ——-
521 2277 567 2313 In
585 2275 742 2313 verbis:
772 2275 920 2313 Iliacos
940 2276 1049 2312 intra
1068 2290 1122 2313 m.
1140 2290 1188 2326 p.
1212 2283 1250 2312 et
1267 2283 1379 2313 extra
1395 2275 1559 2313 Horatio
1580 2275 1750 2325 praeivit

194 2347 348 2384 Ennius
376 2347 419 2382 in
449 2345 516 2385 17.
550 2344 698 2381 Annal.
734 2341 818 2394 (ed.
855 2344 1085 2395 Spangenb.
1115 2358 1155 2396 p.
1193 2341 1330 2396 172),
1369 2356 1489 2396 quem
1520 2343 1748 2380 Priscianus

195 2415 266 2454 lib.
286 2415 327 2455 6.
347 2428 388 2466 p.
411 2411 509 2455 214.
532 2411 596 2451 ed.
614 2414 708 2450 Bas.
730 2411 894 2450 laudat:
932 2412 1185 2450 occumbunt
1198 2412 1318 2450 multi
1334 2412 1456 2450 letum
1468 2411 1664 2464 ferroque
1684 2412 1749 2450 la·-

191 2484 316 2534 pique
343 2481 435 2520 Aut
453 2482 561 2520 intra
585 2495 720 2519 muros
742 2489 816 2519 aut
838 2489 949 2520 extra
967 2483 1155 2533 praecip2
1175 2495 1287 2519 casu.

308 2552 357 2589 V.
386 2551 453 2591 17.
484 2552 551 2591 18.
593 2551 756 2588 Rursus
782 2574 839 2579 ——-
875 2551 1044 2589 Ulixem.
1126 2551 1377 2602 Sapientiam
1405 2550 1596 2601 intelligit
1623 2551 1746 2588 Poeta

200 2619 379 2655 omnium
403 2619 487 2656 fere
506 2618 788 2671 Epithetorum
803 2649 813 2669 ,
844 2621 990 2672 quibus
1015 2621 1156 2659 Ulixes
1185 2616 1428 2672 πολύμητις,
1453 2614 1746 2672 πολυμήχανος,

198 2681 470 2738 πολύτροπος,
509 2687 595 2735 δῖος
630 2695 704 2726 etc.
737 2687 904 2738 dicitur,
936 2688 1288 2739 significationem3
1331 2689 1455 2726 simili
1485 2687 1605 2726 modo
1636 2690 1744 2740 Epit.

199 2752 316 2791 Iliad.
337 2755 454 2791 Hom.
476 2753 570 2797 138.
591 2758 820 2795 nominatur
846 2758 1023 2794 consiliis
1042 2758 1212 2795 illustris
1239 2757 1375 2795 Ulixes
1386 2787 1399 2807 ,
1430 2756 1511 2795 vid.
1533 2757 1589 2794 ibi
1607 2755 1744 2795 Barth.

200 2835 265 2874 ap.
283 2821 477 2862 Wemsd.
497 2830 538 2860 et
555 2825 709 2865 Dissen.
731 2824 783 2863 ad
803 2827 896 2864 Tib.
919 2824 959 2875 4,
992 2827 1030 2875 1,
1060 2826 1142 2875 48„
1166 2827 1244 2864 nisi
1267 2826 1356 2879 quis
1382 2826 1547 2875 mavult,
1575 2827 1744 2864 Poetam

199 2898 375 2929 veterem
398 2892 513 2930 illam
531 2894 597 2932 vel
613 2894 834 2946 priscorum
859 2893 1094 2943 hominum,
1123 2896 1189 2933 vel
1206 2895 1430 2934 Stoicorum
1447 2901 1628 2934 secutum
1656 2907 1742 2932 esse

200 2960 452 3011 opinionem,
492 2974 571 3015 qua
601 2969 640 3001 et
666 2964 752 3016 ipse
782 2964 923 3002 Ulixes
953 2964 996 3000 in
1031 2963 1274 3015 sapientium
1302 2977 1469 3003 numero
1503 2963 1740 3017 ponebatur.
