2028 3268
228 242 598 283 COMMENTARII
626 241 681 278 IN
709 238 930 279 HORATII
959 236 1133 276 EPIST.
1164 237 1309 274 PRIM.
1339 237 1441 274 Lm.
1472 236 1506 273 1.
1592 230 1648 273 79

101 358 161 394 lta
183 355 324 394 Graeci
347 350 512 407 ὑμνεῖν,
536 351 649 410 ᾄδειν
663 382 674 401 ,
705 352 844 404 Eurip.
858 349 1014 389 Phoen.
1038 347 1135 392 441.
1166 347 1307 390 Valck.
1329 347 1527 386 Androm.
1549 347 1648 388 619.

100 426 192 472 Br.,
221 423 356 475 ibique
377 423 530 473 Musgr.
564 421 830 459 Concedimus
859 427 994 458 autem
1026 419 1076 457 ob
1109 417 1214 456 hanc
1236 420 1367 470 ipsam
1387 417 1647 462 locutionem,

103 504 246 545 pueros
266 490 381 528 illam
402 489 628 528 breviorem
655 491 875 529 formulam
899 501 983 526 non
1012 493 1096 524 tam
1121 486 1287 535 dixisse,
1321 499 1445 539 quam
1463 491 1648 522 cantasse

101 559 241 598 videri.
298 558 486 596 Ceterum
513 557 643 595 facete
662 559 760 596 lusit
779 559 904 596 Poeta
925 558 969 594 in
990 554 1053 594 his
1077 557 1223 594 verbis.
1267 553 1383 602 Quod
1410 555 1516 592 viros
1541 553 1648 600 illos,

103 629 290 680 antiquae
325 627 485 664 virtutis
522 628 734 678 exempla,
776 625 953 678 (Lucan.
973 626 1021 673 7,
1047 625 1147 666 358.
1188 625 1277 662 Cul.
1297 623 1395 664 360.
1419 622 1518 664 365.
1557 622 1647 660 val.

102 697 267 734 Maxim.
287 693 334 743 4,
364 695 413 744 3,
443 694 501 747 5.)
531 696 775 732 cantilenam
801 694 918 732 illam
945 693 1204 732 decantantes
1225 693 1321 730 facit
1337 721 1347 740 ‚
1377 704 1522 743 pueros
1552 689 1648 728 dicit

104 778 190 803 esse
217 764 307 816 lege
327 763 471 801 Roscia
495 764 756 815 sapientiores
773 792 784 811 ,
821 763 892 814 qui
921 776 992 800 sua
1019 763 1140 799 nenia
1165 768 1319 798 veteres
1347 767 1549 798 sectentur
1571 758 1649 797 ho-

103 833 232 871 mines
263 832 628 871 continentissimos
657 838 777 884 atque
803 832 1008 869 masculae
1036 831 1194 868 virtutis
1224 831 1330 867 viros
1358 827 1434 879 (A.
1452 831 1498 867 P.
1520 827 1649 881 402),

106 901 245 954 quales
275 900 423 938 fuerint
458 901 604 938 Curius
614 928 630 945 ,
670 899 868 939 Camillus
900 900 1050 951 aliique
1090 897 1234 935 horum
1267 897 1446 944 similes,
1478 898 1512 934 is
1541 897 1651 933 enim

106 976 167 1007 est
185 967 226 1006 h.
242 969 270 1006 l.
293 969 465 1006 Pluralis
482 969 639 1006 numeri
660 980 779 1016 usus3
809 967 892 1006 vid.
924 967 1114 1004 Oclzsner.
1144 965 1195 1004 ad
1219 966 1299 1003 Cic.
1327 966 1468 1015 Eclog.
1494 979 1534 1016 p.
1555 965 1650 1004 195.

93 1034 285 1075 'Ellendtn
311 1035 362 1074 ad
383 1037 465 1074 Cic.
495 1038 608 1074 Brut.
627 1037 704 1086 69,
730 1034 828 1077 244.
866 1034 1008 1074 Jacob.
1036 1034 1087 1072 ad
1109 1035 1277 1072 Lucian.
1303 1032 1506 1073 Alexand.
1528 1047 1562 1070 c.
1581 1030 1652 1073 45.

105 1119 145 1156 p.
169 1102 239 1146 84.
297 1105 363 1142 Illi
382 1106 504 1155 igitur
523 1105 598 1142 viri
614 1118 698 1142 non
721 1106 965 1152 cecinerunt,
990 1102 1062 1141 sed
1081 1103 1263 1154 regulam
1284 1109 1323 1140 et
1339 1115 1526 1140 normam
1545 1102 1651 1139 vitae

105 1174 182 1211 sibi
213 1173 394 1211 fecerunt
421 1174 540 1212 istam
561 1180 663 1210 recte
675 1172 868 1224 faciendi
901 1185 1043 1210 vocem
1069 1185 1195 1224 aeque
1232 1169 1524 1223 applaudentes
1562 1170 1652 1207 aliis

107 1249 207 1280 reete
211 1239 476 1294 facientibus.
510 1239 675 1289 „Hodie
692 1247 828 1278 autem
851 1239 1052 1289 homines,
1065 1243 1090 1262 “
1119 1239 1163 1278 id
1184 1239 1295 1292 quod
1310 1240 1430 1276 tacite
1455 1238 1653 1290 significat

106 1311 232 1348 Poeta
251 1310 475 1347 amabiliter
496 1307 640 1346 ludens
653 1337 664 1356 ,
700 1319 842 1356 „nonz
871 1322 940 1346 rex
965 1310 1063 1355 erit,
1094 1309 1166 1360 qui
1183 1315 1286 1345 reete
1301 1308 1439 1360 saciet
1447 1335 1466 1354 ‚
1494 1306 1567 1344 sed
1584 1319 1653 1343 rex

109 1378 199 1423 erit,
227 1377 299 1428 qui
313 1390 395 1414 rem
402 1376 552 1427 faciet,
581 1389 662 1414 uno
689 1377 796 1413 vitae
817 1383 955 1414 tenore
978 1378 1194 1415 clamant.“

220 1445 269 1483 V.
302 1444 499 1485 65—69.
558 1445 652 1482 Isne
676 1443 750 1481 tibi
776 1466 833 1474 —-
860 1452 991 1495 aptat.
1053 1444 1169 1493 Quod
1195 1456 1315 1496 supra
1342 1457 1381 1481 v.
1416 1441 1472 1485 47
1495 1456 1557 1496 sq.
1581 1443 1650 1484 52.

106 1513 356 1564 propositum
375 1518 448 1560 est,
473 1510 526 1549 ad
546 1510 590 1549 id
611 1514 742 1551 omnis
761 1515 972 1551 revertitur
988 1514 1113 1551 oratio
1126 1543 1136 1562 ,
1169 1525 1269 1565 qua,
1309 1510 1654 1565 quemadmodum

106 1581 312 1632 legislator
327 1580 398 1617 ille
415 1579 594 1629 suadeat,
622 1587 669 1619 ut
691 1595 828 1619 curam
849 1583 1030 1620 conferas
1047 1583 1091 1619 in
1110 1595 1152 1619 re
1170 1580 1355 1618 facienda
1375 1587 1415 1618 et
1432 1579 1654 1619 honoribus

106 1646 308 1700 petendis,
332 1648 389 1685 ita
407 1645 694 1699 philosophus,
720 1656 766 1686 ut
786 1647 886 1687 haec
907 1651 1044 1688 omnia
1065 1649 1242 1701 deponas
1268 1656 1308 1687 et
1326 1650 1532 1688 fortunam
1555 1661 1654 1686 cou-

105 1723 261 1755 temnas
291 1715 528 1767 superbam,
558 1729 640 1754 non
669 1718 755 1755 sine
789 1718 926 1770 aliqua
957 1719 1211 1756 cavillatione
1239 1717 1547 1756 demonstratur.
1604 1719 1653 1755 In

108 1797 193 1821 rem
215 1785 412 1836 imprimis
434 1785 589 1823 faciunt
616 1787 711 1824 Juv.
738 1784 810 1835 14,
841 1786 939 1828 207.
1005 1786 1119 1824 Unde
1145 1786 1314 1834 habeas,
1343 1788 1501 1839 quaerit
1521 1800 1653 1832 nemo,

107 1852 179 1890 sed
195 1859 343 1903 oportet
371 1853 514 1891 habere
542 1861 582 1893 et
611 1855 754 1893 Senec.
785 1855 914 1906 Epist.
942 1854 1037 1895 115.
1067 1854 1166 1892 Non
1183 1869 1308 1906 quare
1334 1863 1371 1892 et
1389 1856 1497 1893 unde
1510 1872 1521 1893 :
1554 1856 1655 1908 quid

108 1919 285 1968 habeas,
321 1928 479 1959 tantum
502 1930 660 1974 rogant.
721 1924 851 1961 Aliter
882 1923 1011 1961 Solon
1038 1935 1102 1974 ap.
1131 1922 1336 1961 Plutarch.
1359 1926 1392 1961 Ι.
1417 1938 1458 1976 Ρ.
1483 1923 1582 1965 431.
1603 1926 1652 1963 Β.

112 1984 306 2040 Χρήματα
326 1985 370 2029 δ’
393 1989 531 2042 ἱμείρω
551 1988 623 2042 μὲν
646 1990 768 2044 ἔχειν,
800 1988 948 2039 ἀδίκως
974 1989 1017 2031 δὲ
1039 1994 1250 2033 πεπᾶσθαι
1270 1988 1359 2033 Οὐκ
1382 1991 1526 2034 ἐθέλω.

221 2057 269 2094 V.
290 2058 359 2098 67.
404 2058 456 2094 Ut
464 2060 636 2109 propius
651 2082 708 2088 —-
725 2058 845 2110 Pupi.
889 2061 1132 2111 lntelligitur
1157 2061 1267 2098 sedes·
1284 2061 1329 2097 in
1352 2061 1654 2112 quatuordeeim

106 2122 303 2175 gradibus
326 2137 358 2162 s.
382 2125 566 2172 sedibus,
596 2126 814 2164 ordinibus.
877 2127 1068 2177 Senatui,
1103 2130 1245 2180 Equiti
1277 2136 1317 2166 et
1338 2130 1455 2166 Plebi
1483 2128 1654 2166 discreta

110 2204 183 2229 sua
202 2193 291 2230 loca
309 2200 422 2231 erant
439 2201 479 2231 et
497 2194 645 2246 gradus
663 2195 706 2231 in
724 2196 976 2246 spectaculis.
1014 2198 1063 2234 ln
1083 2195 1240 2235 theatro
1262 2197 1427 2249 quidem
1445 2198 1529 2248 jam
1554 2198 1654 2234 olim

109 2261 199 2311 lege
208 2261 373 2310 Roscia3
401 2263 444 2298 in
465 2263 568 2301 circo
587 2270 626 2300 et
640 2264 683 2300 in
696 2262 989 2315 amphitheatro
1003 2265 1228 2314 promiscue
1242 2266 1487 2317 spectabant,
1508 2278 1654 2318 quam-

110 2327 180 2366 diu
193 2329 354 2380 vigebat
364 2331 515 2368 Romae
535 2332 715 2369 libertas.
743 2330 792 2369 Id
809 2338 1009 2369 mutatum
1029 2338 1088 2369 est
1113 2333 1187 2370 sub
1209 2334 1479 2385 Principibus.
1516 2335 1653 2372 Prima

108 2395 248 2446 sedes,
272 2397 491 2446 orchestra,
511 2400 688 2448 senatui,
721 2397 898 2436 secunda
926 2398 1065 2451 (cavea
1084 2400 1232 2452 prima)
1264 2403 1477 2453 equestria,
1505 2403 1654 2455 equiti-

107 2464 204 2514 bus,
235 2467 375 2515 tertia,
404 2465 547 2518 (cavea
568 2482 647 2507 sec.
671 2474 711 2505 et
731 2468 867 2518 tertia)
893 2468 1003 2519 plebi
1029 2470 1204 2520 propria.
1260 2469 1363 2509 Vide
1386 2477 1544 2522 praeter
1570 2484 1651 2519 eos,

109 2545 211 2584 quos
233 2546 354 2585 supra
375 2534 428 2572 ad
447 2550 485 2574 v.
514 2538 582 2578 62.
605 2534 792 2584 laudavi,
825 2534 972 2574 Heind.
998 2536 1050 2573 ad
1071 2538 1155 2575 Sat.
1183 2538 1229 2586 1,
1263 2539 1303 2587 6,
1324 2537 1394 2580 40.
1423 2536 1575 2576 Duker.
1598 2537 1651 2576 ad

107 2602 198 2638 Liv.
218 2598 296 2650 34,
316 2599 392 2651 44,
427 2603 467 2644 5.
499 2605 607 2656 Epit.
628 2605 698 2644 99.
734 2603 880 2642 Matth.
901 2603 953 2642 ad
970 2604 1052 2642 Cic.
1074 2619 1147 2657 pro
1165 2607 1321 2644 Muren.
1349 2608 1415 2648 19.
1430 2636 1441 2656 ,
1471 2605 1650 2660 Philipp.

109 2669 160 2716 2,
185 2667 250 2708 18.
281 2669 366 2707 Cat.
387 2671 480 2721 maj.
501 2670 575 2721 14,
605 2673 645 2712 9.
670 2672 767 2725 ibiq.
789 2671 940 2711 Gernh.
961 2674 1056 2711 Juv.
1079 2674 1127 2723 3,
1150 2673 1246 2715 154.
1277 2675 1419 2714 Senec.
1441 2675 1490 2714 de
1506 2677 1648 2715 Benef-

110 2736 151 2782 2,
173 2734 214 2774 9.
252 2736 414 2774 Petron.
449 2739 543 2779 126.
575 2738 787 2780 Schwabe.
820 2741 873 2779 ad
897 2740 1071 2780 Phaedr.
1099 2743 1148 2791 5,
1176 2743 1224 2792 7,
1251 2745 1322 2786 30.
1361 2745 1467 2784 cort.
1493 2744 1545 2783 ad
1566 2746 1649 2784 Cic.

110 2803 238 2854 Epist·
265 2802 318 2840 ad
337 2805 427 2842 DiV-
450 2806 516 2855 10,
537 2808 605 2857 32,
633 2806 672 2849 4.
700 2810 826 2853 Suet.
845 2811 929 2849 Jul.
950 2810 1020 2850 39.
1043 2817 1083 2848 et
1110 2811 1247 2850 octav.
1270 2811 1337 2854 14.
1362 2811 1432 2854 40.
1469 2816 1560 2852 Ner.
1583 2816 1650 2856 11.

110 2870 276 2916 Quintil.
297 2874 395 2910 lust.
415 2874 456 2922 3,
475 2876 515 2923 6,
536 2875 605 2916 18.
633 2878 744 2929 Lips.
764 2878 816 2916 ad
831 2880 930 2917 Tac.
946 2879 1053 2916 Anu.
1075 2878 1149 2928 15,
1170 2880 1240 2923 32.
1269 2881 1460 2922 Wernsd.
1481 2882 1534 2923 ad
1554 2884 1649 2922 Cal-

111 2950 228 2988 pum.
251 2940 339 2981 EcL
358 2942 385 2980 7
397 2969 409 2990 ‚
438 2942 618 2986 26—29.
647 2944 813 2986 Ruhnk.
832 2944 885 2984 ad
902 2948 1040 3000 Aquil.
1059 2949 1175 2988 Rom.
1199 2962 1241 3003 p.
1260 2950 1355 2993 180.
1384 2952 1445 2990 De
1463 2953 1562 3004 ipsis
1581 2965 1649 2991 se-
