2028 3268
379 259 434 299 96
517 263 879 301 COMMENTARII
909 265 960 301 IN
985 263 1202 300 HORATII
1231 262 1402 300 EPIST.
1430 263 1570 300 PRIM.
1598 264 1697 300 LIB.
1727 265 1756 302 Ι.

387 372 527 422 C'ruq.,
556 373 828 424 IIaberjbldus
849 379 887 409 et
906 373 1166 424 Doeringizas,
1194 387 1243 410 an
1263 373 1339 409 alia
1361 371 1452 410 res2
1510 375 1568 410 Ne
1589 371 1739 410 multa!
1797 374 1887 411 Hor.

381 438 420 475 h.
446 441 473 476 l.
512 441 592 476 fere
619 440 726 476 idem
754 440 879 476 voluit
906 439 1012 492 quod
1038 443 1080 477 iu
1103 442 1200 478 locis
1241 453 1292 476 ex
1318 441 1453 490 lyricis
1483 453 1600 491 supra
1627 441 1755 477 allatis
1785 441 1812 476 i.
1831 452 1888 476 e.:

383 535 406 553 „
420 507 626 551 vitiositas,
657 519 758 555 quae
778 505 921 556 ubique
940 520 1070 543 secum
1081 507 1169 557 sert
1184 507 1356 543 taedium
1365 508 1446 552 sui,
1463 506 1638 543 inhaeret
1654 519 1775 557 aeque
1783 520 1892 556 pau-

375 575 466 621 peri
486 574 528 608 in
549 574 709 622 navigio
737 573 924 609 conducto
944 573 1092 610 sedenti
1112 587 1162 610 ao
1183 574 1299 610 diviti
1327 575 1370 610 in
1397 587 1480 610 sao.
1547 574 1764 624 Utrumque
1789 574 1892 610 enim

382 654 456 676 sna
479 646 624 675 exercet
642 638 888 674 mutabilitas
908 642 1065 684 mentis,
1095 647 1140 676 ut
1161 639 1379 688 voluptate,
1409 653 1530 690 quam
1549 639 1624 676 sibi
1641 647 1781 689 parat,
1795 639 1892 689 pla-

382 707 466 743 etde
476 707 573 756 frui
587 712 754 755 nequeat
776 711 812 740 et
826 705 884 741 acl
899 719 959 742 res
975 707 1128 743 aliena-s·
1149 707 1315 743 transire
1331 709 1520 756 cchiat.“
1564 709 1610 743 In
1630 719 1791 743 sensum
1811 707 1893 743 fere

382 771 579 809 Plutarch.
605 772 653 808 de
679 773 822 810 virtut.
851 779 890 809 et
914 775 993 811 Vit.
1020 776 1084 812 VI.
1106 788 1144 824 p.
1165 773 1280 813 380.:
1311 772 1340 824 ἦ
1365 771 1407 813 δὲ
1429 773 1548 812 κακία
1574 772 1640 813 καὶ
1660 769 1708 812 vo?
1737 770 1894 824 λαμπροὶ

382 835 606 891 φαινόμενα
628 837 696 877 καὶ
721 842 912 890 πολυτελῆ
930 838 996 879 καὶ
1019 837 1142 891 σεμνοὶ
1166 839 1384 891 μιγνυμένη
1413 836 1570 892 λυπηροὶ
1596 839 1664 879 καὶ
1693 835 1893 889 ναυτιώδη

380 905 447 945 καὶ
466 904 760 957 δυσπρόσδεκτα
784 905 942 956 παρέχει
961 911 1042 953 τοῖς
1057 906 1319 957 κεκτημένοις.
1350 907 1408 943 Cf.
1429 906 1477 943 de
1493 908 1624 943 Anim.
1647 907 1796 957 Tranq.
1810 907 1892 944 VII.

381 987 419 1023 p.
438 973 531 1012 826.
549 975 595 1009 R.
614 979 652 1008 et
674 972 754 1008 Sat.
777 974 824 1019 2,
845 973 884 1020 7,
908 974 987 1013 113
1007 986 1094 1025 sqq.
1150 972 1302 1010 Deinde
1321 973 1428 1025 quod
1453 975 1494 1010 in
1520 973 1774 1022 ambiguitate
1799 973 1893 1010 lusit

382 1042 503 1077 Poeta
515 1040 685 1088 jocosuS,
713 1040 914 1075 neminem
937 1039 1110 1077 offendet
1129 1042 1207 1077 nisi
1225 1054 1329 1089 eum,
1360 1041 1428 1091 qui
1451 1041 1712 1077 Horatianum
1730 1039 1893 1077 ludendi

381 1120 534 1143 morem
551 1113 618 1143 aut
635 1107 752 1156 plane
772 1107 897 1142 nescit
909 1135 919 1154 ,
956 1113 1023 1142 aut
1050 1119 1190 1157 parum
1209 1109 1339 1144 sentit.
1395 1109 1495 1143 Mira
1523 1114 1657 1144 tamen
1677 1114 1735 1144 est
1748 1136 1759 1156 ‚
1793 1119 1893 1158 quae

382 1174 679 1223 ambiguitatem
702 1174 815 1209 illam
838 1172 1029 1221 dissolvit,
1059 1174 1210 1210 Mnois
1229 1175 1454 1224 explicatio,
1483 1186 1560 1225 qua
1579 1185 1769 1210 nauseare
1786 1172 1893 1210 idem

382 1253 466 1277 esse
489 1239 631 1276 dicitur
659 1252 703 1275 ac
721 1241 929 1290 navigare,
954 1252 1032 1291 qua
1061 1239 1222 1291 quidem
1245 1253 1287 1276 re
1309 1253 1494 1277 concessa
1515 1241 1642 1277 omnis
1667 1238 1896 1290 perderetur

381 1308 600 1343 sententiae
623 1308 696 1355 vis,
717 1306 766 1343 de
786 1319 863 1358 qua
883 1305 968 1343 dixi
987 1306 1037 1343 ad
1059 1320 1096 1344 v.
1117 1307 1184 1346 91.
1214 1307 1403 1352 Bothius,
1424 1306 1530 1358 quod
1548 1306 1764 1344 absurdum
1778 1306 1894 1344 dixe—

382 1375 478 1421 rim,
502 1375 629 1424 ipsam
653 1387 843 1410 nauseam
864 1374 1109 1411 intellexisse
1130 1373 1298 1411 videtur.

491 1442 537 1478 V.
566 1439 620 1480 94
638 1453 724 1492 sqq.
786 1440 833 1478 Si
849 1446 1023 1476 curatus.
1044 1461 1102 1467 ——
1129 1441 1237 1486 Quae
1261 1439 1326 1478 hic
1347 1447 1588 1492 sequuntur,
1623 1439 1896 1491 Habetfeldus

382 1513 421 1543 et
445 1507 586 1543 Censor
604 1507 781 1543 editionis
805 1506 1084 1544 Schmidianae
1111 1509 1154 1544 in
1173 1509 1262 1545 Jen.
1286 1509 1331 1544 L.
1355 1509 1402 1545 Ζ.
1427 1507 1546 1547 1829.
1565 1520 1606 1558 p·
1625 1507 1721 1548 399.
1743 1506 1895 1545 nonde

381 1575 619 1621 Maecenate,
642 1573 714 1611 sed
737 1573 785 1610 de
803 1574 986 1611 omnibus
1008 1587 1060 1610 ex
1079 1576 1286 1612 notissima
1303 1587 1429 1611 unum
1449 1573 1497 1610 de
1517 1574 1654 1610 multis
1667 1573 1896 1625 alloquendi

382 1638 445 1690 (ut
463 1653 501 1677 v.
525 1639 611 1690 45.)
638 1639 921 1677 consuetudine
952 1639 1055 1677 dicta
1081 1654 1165 1678 esse
1189 1641 1341 1678 volunt.
1397 1642 1450 1678 At
1472 1639 1568 1677 huic
1585 1641 1896 1692 interpretationi

383 1709 499 1757 plane
518 1706 794 1755 adversantur,
822 1720 923 1758 quae
942 1708 1128 1758 leguntur
1147 1707 1249 1744 infra
1273 1720 1338 1744 vv.
1361 1707 1535 1759 103—5.
1567 1706 1770 1754 Quomodo
1791 1708 1896 1744 enim

382 1776 504 1812 Poeta
524 1775 729 1824 populum,
753 1776 913 1825 quictun
932 1775 1043 1812 nullo
1067 1781 1227 1826 propter
1245 1786 1470 1824 perversam
1487 1773 1683 1810 sentiendi
1704 1776 1897 1811 rationem

383 1842 612 1890 conjunctus
629 1853 712 1877 esse
731 1841 818 1876 vult
841 1843 1046 1889 consortio,
1066 1841 1194 1878 dicere
1212 1843 1340 1891 potuit
1360 1842 1543 1887 amicum,
1564 1854 1586 1876 a
1602 1853 1680 1892 quo
1697 1842 1780 1892 ipse
1795 1854 1897 1892 pen-

384 1896 493 1933 deret
521 1909 718 1948 quemque
750 1898 958 1946 respiceret
974 1895 994 1934 ‘l
1051 1896 1204 1934 Deinde
1234 1898 1309 1934 viri
1338 1898 1426 1945 isti,
1461 1898 1610 1947 optime
1637 1895 1735 1933 haec
1764 1898 1897 1934 omnia

381 1965 619 2010 Maecenati,
649 1963 950 2014 diligentissimo
982 1964 1110 2000 cultus
1138 1976 1348 2014 rerumque
1376 1969 1629 2000 externarum
1658 1964 1896 2000 observatori

383 2038 501 2082 atque
529 2032 753 2080 castigatori
782 2032 991 2067 convenire
1019 2042 1100 2067 non
1131 2028 1315 2066 videntur
1335 2029 1499 2067 >vidisse.
1555 2029 1645 2068 Vid.
1683 2029 1895 2069 Wetchett.

380 2100 494 2136 Poet.
515 2099 602 2134 Lat.
624 2098 709 2135 Rel.
727 2111 766 2148 p.
787 2095 1022 2138 447—458.
1042 2103 1080 2133 et
1098 2098 1224 2133 Lectt.
1243 2098 1390 2135 Venus.
1407 2097 1440 2133 Ι.
1464 2109 1503 2147 p.
1521 2097 1646 2148 6sqq.
1683 2097 1898 2134 Nobiscum

382 2172 537 2216 praeter
560 2165 658 2202 alios
679 2166 800 2202 sentit
821 2165 889 2202 Fr.
906 2163 1023 2214 Aug.
1051 2164 1180 2214 Wolf
1189 2165 1253 2200 in:
1290 2165 1335 2201 V
1327 2177 1420 2201 erm.
1444 2163 1608 2214 Schrfft.
1624 2176 1666 2200 ιι.
1685 2163 1894 2215 Ausi-dne.

383 2234 472 2269 Hal.
493 2233 613 2273 1802.
641 2245 682 2282 p.
709 2229 803 2271 124.
861 2232 969 2268 Tum
992 2231 1027 2268 si
1054 2232 1173 2268 anxie
1197 2237 1393 2278 verentur,
1422 2243 1473 2266 ne
1491 2231 1675 2267 Horatius
1690 2231 1733 2267 in
1749 2231 1895 2267 crimen

383 2301 594 2350 petulantis
613 2299 803 2336 irrisionis
821 2299 1013 2346 incurrat,
1032 2305 1099 2334 aut
1118 2311 1199 2335 11011
1217 2299 1392 2335 sentiunt
1411 2309 1488 2348 qua
1504 2295 1748 2333 humanitate
1767 2298 1896 2344 „ami-

383 2380 450 2403 cus
477 2368 650 2403 amicum
673 2371 808 2415 tangat
834 2371 872 2401 et
897 2364 1092 2402 admissus
1120 2366 1268 2402 circum
1287 2363 1513 2415 praecordia
1538 2361 1650 2399 ludat
1667 2369 1776 2400 tauta
1799 2376 1896 2401 usus

383 2435 558 2482 vafritie,
589 2439 634 2470 ut
659 2445 740 2469 non
770 2430 920 2480 ridere,
949 2431 1020 2469 sed
1044 2432 1230 2483 probare,
1262 2445 1336 2468 nec
1358 2433 1598 2481 vituperare,
1627 2429 1699 2467 sed
1721 2429 1896 2479 laudare,

382 2500 562 2537 videatur
580 2498 695 2537 dulce
721 2498 840 2536 decus
860 2510 978 2536 suum
998 2504 1036 2534 et
1055 2497 1319 2548 praesidium,
1331 2500 1354 2519 “
1385 2504 1454 2535 aut
1473 2510 1555 2535 11011
1578 2496 1828 2535 attenderunt
1843 2499 1896 2544 li-

383 2566 577 2604 beriorem
606 2568 860 2618 antiquorum
893 2563 1104 2603 hominum
1141 2564 1486 2612 consuetudinem,
1526 2576 1605 2615 qua
1632 2561 1741 2615 quod
1768 2564 1830 2600 illi
1852 2565 1896 2600 in

383 2640 540 2683 pectore
562 2634 760 2671 inclusum
785 2633 991 2684 gestabant
1008 2632 1207 2670 liberrime
1238 2631 1484 2669 effunderent
1509 2631 1715 2681 magisque
1735 2630 1898 2680 ingenui

385 2698 593 2748 ducerent,
623 2707 756 2751 aperte
774 2701 839 2738 vel
855 2699 985 2738 odisse
1006 2711 1128 2751 quam
1149 2699 1279 2736 fronte
1299 2699 1495 2736 occultare
1517 2698 1765 2735 sententiam.
1807 2698 1897 2734 Huc

384 2764 535 2802 accedit
550 2773 772 2817 temporum
792 2768 910 2816 ratio,
930 2779 1009 2819 qua
1022 2768 1228 2803 Maecenas
1249 2772 1331 2803 tam
1352 2765 1599 2802 familiariter
1619 2764 1801 2801 utebatur
1811 2765 1897 2801 Ho-

385 2834 505 2882 ratio,
541 2839 587 2869 ut
612 2832 705 2870 huic
739 2848 829 2871 cum
858 2841 1024 2886 patrono
1061 2833 1344 2884 benignissimo
1381 2832 1628 2869 familiariter
1654 2831 1828 2868 cavillari
1852 2843 1897 2867 ac

318 2885 323 2890 ⁸
381 2899 504 2949 §ocari
526 2900 672 2937 liceret.
727 2903 865 2953 Neque
893 2903 1100 2940 Maecenas
1120 2902 1155 2939 is
1182 2901 1278 2949 fuit,
1319 2900 1389 2952 qui
1418 2900 1612 2950 ingenuas
1637 2898 1896 2936 anniculorum
