2028 3268
145 270 201 313 75
268 267 652 310 COMMENTARII
670 268 728 311 IN
745 268 973 311 HORATII
998 268 1100 310 LIB.
1120 270 1152 310 Ι.
1183 270 1351 311 EPIST.
1372 270 1559 319 QUINT.
1606 270 1690 314 265

149 396 225 435 vid.
248 397 414 448 interpp.
431 396 481 434 ad
506 396 589 436 Sat.
611 398 657 446 2,
687 398 737 447 8,
770 397 856 449 22.)
878 409 1073 436 numerum
1088 397 1225 435 adduci
1256 409 1334 436 non
1355 398 1456 450 vult,
1488 398 1591 437 haud
1611 399 1688 438 scio

148 476 198 502 an
212 464 365 515 jocandi
381 476 494 503 causa
512 477 554 502 se
573 468 740 502 metuere
762 464 933 516 simulet,
960 478 1008 503 ne
1031 478 1052 503 e
1072 465 1311 503 multitudine
1343 468 1583 506 convivarum
1609 471 1690 507 arte

147 533 359 570 sedentium
383 533 478 571 odor
510 533 635 583 gravis
659 545 704 571 ex
722 532 947 571 sudantibus
967 536 1076 570 aestu
1102 533 1220 572 axillis
1252 534 1397 574 effluat.
1453 534 1544 574 Non
1567 536 1690 573 feren-

147 601 218 638 dus
249 604 310 638 est
333 599 570 646 Chabotius,
600 599 664 649 qui
692 601 741 639 ob
766 614 848 640 eam
871 614 951 639 rem
974 601 1126 639 Horatii
1150 601 1392 640 sodalitatem
1414 615 1492 641 non
1527 616 1549 641 e
1583 603 1691 641 nobi-

145 668 300 707 lioribus
317 673 356 706 et
374 668 595 719 ditioribus,
623 668 692 706 sed
714 681 759 706 ex
780 670 983 707 artificibus
1003 673 1042 708 et
1061 668 1292 707 tenuioribus
1313 673 1558 711 constitutam
1576 673 1692 711 fuisse

145 738 335 790 opinatur.
365 736 424 775 Ex
443 737 658 788 Doeringii
674 737 862 775 sententia
876 737 1059 776 Horatius
1079 736 1183 775 haud
1204 738 1317 776 dubie
1331 740 1497 790 respexit
1517 740 1692 791 aliquem,

144 819 278 856 quem,
313 806 385 844 hoc
415 804 512 843 malo
543 804 801 855 laborantem,
837 805 1008 843 umbram
1036 805 1174 843 adduci
1197 805 1371 844 noluerit.
1431 807 1550 858 Cujus
1566 812 1693 847 tamen

145 874 214 912 viri
241 875 289 912 de
316 875 479 912 Horatio
514 873 656 925 optime
682 873 805 910 meriti
831 874 1043 911 sententiae
1068 874 1348 925 perhumaniter
1375 874 1592 926 obloquitur
1621 877 1692 915 R.

145 941 305 979 Jacobs.
330 940 396 994 (V,
421 955 460 992 Ρ.
476 938 565 993 42.)
594 941 772 978 Ceterum
787 940 919 978 olidae
939 955 1087 992 caprae
1109 954 1188 979 non
1204 946 1294 980 sunt
1311 947 1458 994 scorta,
1487 948 1531 983 ut
1549 945 1694 995 opinati

145 1013 236 1048 sunt
270 1009 504 1060 complures,
553 1013 686 1046 contra
711 1021 806 1058 quos
827 1009 925 1048 bene
955 1010 1125 1063 disputat
1151 1010 1371 1062 Crzzquius,
1401 1025 1524 1062 neque
1543 1025 1694 1051 scurrae

143 1078 360 1126 mordaces,
390 1079 434 1113 ut
462 1076 621 1127 conjecit
643 1077 862 1114 Lccndinus
872 1106 890 1124 2
918 1079 986 1116 sed
1001 1079 1140 1130 foetor
1157 1079 1325 1130 quidam
1344 1080 1526 1118 hircinas
1535 1109 1553 1127 ,
1582 1093 1693 1131 quem

143 1145 242 1184 malo
267 1146 420 1196 quidem
441 1156 556 1182 sensu
585 1148 698 1182 vocat
725 1143 915 1183 Arnobius
946 1145 1013 1198 (V.
1049 1159 1088 1197 p.
1109 1145 1204 1186 165.
1227 1145 1320 1197 ibiq.
1339 1147 1556 1203 Elmenh.)‚
1598 1149 1693 1186 ala-

143 1226 236 1251 rum
268 1213 480 1265 negligens
498 1213 621 1250 sudor
650 1225 712 1264 ap.
731 1212 887 1253 Petron.
907 1213 1003 1254 128.
1026 1213 1118 1263 ibiq.
1140 1215 1303 1267 Wouw.,
1326 1216 1380 1253 ab
1403 1231 1539 1255 amore
1557 1232 1693 1256 recens

141 1278 279 1317 hircus
303 1294 367 1332 ap.
405 1280 568 1319 Martial.
602 1281 652 1332 6,
689 1281 763 1329 93,
804 1281 844 1321 3.
902 1279 1026 1319 Multa
1053 1281 1127 1320 alia
1155 1288 1307 1334 praeter
1335 1285 1502 1328 Schmid.
1529 1287 1578 1324 ad
1599 1286 1638 1324 h.
1664 1287 1690 1325 1.

140 1349 392 1400 suppeditant
423 1347 541 1387 Doer.
571 1349 622 1387 ad
637 1348 792 1400 catull.
822 1348 903 1398 69,
934 1347 976 1387 6.
1034 1348 1187 1388 Mitsch.
1207 1353 1257 1390 ad
1276 1352 1401 1405 Epod.
1421 1354 1496 1403 12,
1526 1350 1566 1396 4.
1625 1353 1690 1395 Fr.

139 1417 279 1455 Jacobs
305 1417 330 1454 1.
356 1416 380 1455 l.
407 1429 447 1467 p.
469 1414 536 1457 46.
554 1421 593 1455 et
617 1417 663 1456 C.
684 1417 730 1457 F.
753 1417 956 1454 Hermann.
976 1416 1127 1468 disput.
1153 1419 1202 1457 de
1224 1420 1307 1459 loeo
1322 1423 1472 1459 Horat.
1498 1421 1626 1463 Serm.
1652 1424 1692 1474 1,

141 1485 190 1535 6,
220 1483 361 1525 74—7
365 1486 402 1525 6.
461 1485 656 1536 Marburg.
680 1485 801 1526 1838.
828 1499 867 1537 p.
898 1484 964 1526 19.
1022 1485 1179 1525 Veteres
1197 1492 1325 1527 autem
1348 1489 1420 1527 hac
1434 1489 1473 1527 in
1492 1503 1533 1529 re
1554 1503 1692 1542 genere

139 1553 270 1604 potius
293 1553 500 1592 masculino
523 1553 579 1591 uti
593 1553 727 1591 solitos
745 1565 829 1591 esse
844 1552 1057 1592 observavit
1080 1555 1346 1594 Eichstadius
1365 1558 1414 1596 ad
1434 1571 1507 1597 van
1524 1559 1690 1599 Ommer.

139 1634 182 1672 p.
207 1620 305 1662 219.
330 1642 387 1650 ——-
414 1622 601 1659 convivia
619 1628 714 1658 arta
738 1625 782 1658 ut
801 1619 918 1671 Prop.
943 1617 994 1672 4,
1025 1622 1074 1673 6,
1102 1625 1170 1664 71.
1235 1625 1423 1663 Candida
1448 1641 1558 1664 nunc
1578 1628 1694 1666 molli

139 1687 311 1726 subeant
340 1691 527 1727 convivia
553 1689 644 1726 luco
670 1693 710 1727 et
734 1688 813 1729 Cic.
848 1689 887 1726 in
909 1687 1037 1729 Vatin.
1066 1691 1143 1742 13,
1173 1692 1244 1734 32.
1310 1693 1437 1744 Quem
1457 1695 1691 1734 accumbere

139 1763 320 1794 atratum
340 1758 502 1796 videras
513 1758 534 1795 Ρ
566 1758 774 1796 dominum
790 1771 882 1794 cum
897 1763 992 1808 toga
1005 1758 1133 1808 pulla
1151 1767 1189 1796 et
1208 1763 1292 1808 ejus
1309 1765 1460 1801 amic-03
1482 1772 1577 1801 ante
1594 1779 1691 1803 con-

139 1824 326 1862 vivium?
354 1825 377 1862 i.
402 1838 436 1864 e.
455 1827 645 1866 convivas.
702 1825 788 1864 Nisi
806 1826 892 1876 quis
910 1825 1080 1865 convivia
1102 1827 1174 1866 dici
1189 1830 1334 1869 mavult
1348 1832 1617 1882 κατακλίσεις,
1647 1837 1690 1871 ut

141 1891 333 1931 Plutarch.
370 1893 503 1946 Symp.
531 1897 576 1945 1,
622 1895 661 1936 2.
690 1907 732 1945 p.
755 1891 852 1934 434.
889 1892 984 1948 περὶ
1013 1892 1057 1935 δὲ
1084 1892 1156 1944 τοὶς
1185 1900 1436 1948 κατακλίσεις
1462 1902 1691 1953 παρόψεται

138 1957 211 2008 τὰς
240 1961 460 2015 διαφοράς,
499 1963 559 2002 vel
583 1962 762 2012 κλισίας,
802 1965 848 1999 ut
870 1960 1018 2013 Evang.
1049 1961 1143 2004 Luc.
1175 1964 1225 2016 9,
1263 1963 1330 2007 14.
1394 1969 1458 2006 Sic
1491 1964 1691 2022 συμπόσια

139 2027 260 2067 Marc.
285 2029 335 2078 6,
367 2029 435 2068 39.
492 2028 554 2068 De
587 2031 672 2082 ipsa
694 2032 776 2068 arte
802 2030 960 2068 sedendi
982 2031 1130 2069 ratione
1150 2033 1228 2074 vid,
1261 2033 1453 2076 Plutarch.
1482 2037 1615 2089 Symp.
1649 2037 1689 2093 5,

142 2097 180 2136 6.
205 2100 245 2135 et
277 2096 410 2136 Stuck.
438 2094 570 2146 Antiq.
602 2098 760 2136 Conviv.
787 2098 834 2148 2,
861 2097 930 2138 35.
953 2112 991 2150 p.
1013 2097 1110 2141 423.

251 2163 299 2206 V.
324 2164 392 2204 30.
416 2164 484 2204 31.
540 2165 603 2202 Tu.
633 2172 777 2217 quotus
797 2186 846 2192 —
873 2165 1070 2204 clientem.
1127 2164 1215 2203 Duo
1236 2166 1268 2204 si
1293 2167 1342 2205 ab
1366 2169 1484 2208 amico
1514 2171 1591 2220 jam
1622 2182 1690 2222 pe-

141 2232 211 2282 tit,
243 2235 287 2269 ut
310 2235 349 2269 et
371 2232 576 2283 rescribat,
608 2237 704 2282 quot
723 2246 849 2271 secum
869 2233 1018 2272 sodales
1039 2235 1220 2272 ducturus
1237 2235 1288 2273 sit
1307 2239 1346 2273 et
1366 2240 1409 2274 ut
1431 2237 1533 2275 omni
1548 2250 1589 2275 re
1608 2241 1689 2275 tum

140 2313 235 2350 sua,
270 2303 352 2337 tum
381 2299 538 2338 aliorum
567 2299 696 2338 relicta
727 2300 853 2338 clienti
889 2304 1092 2351 patronum
1120 2301 1158 2338 in
1192 2303 1289 2340 atrio
1323 2305 1507 2354 operienti
1532 2304 1627 2343 clam
1647 2318 1690 2344 se

140 2367 350 2418 subducat,
386 2367 479 2406 illud
509 2369 616 2418 quasi
638 2380 684 2405 ex
712 2380 836 2419 more,
859 2368 932 2407 hoc
956 2369 1071 2407 risum
1097 2370 1272 2408 movendi
1294 2384 1407 2410 causa
1428 2373 1587 2411 addidit.
1643 2373 1689 2412 In

130 2435 242 2492 jllam
270 2436 369 2474 enim
398 2448 478 2474 rem
507 2437 599 2475 citat
635 2435 810 2474 oremus
836 2434 1027 2474 Plutarch.
1061 2438 1165 2488 Sym.
1195 2439 1246 2488 7,
1277 2439 1324 2489 6,
1355 2442 1392 2481 1.
1450 2439 1540 2479 Noli
1573 2441 1689 2492 igitur

142 2511 284 2555 quotus
317 2517 402 2542 cum
436 2503 633 2553 Landino,
677 2503 844 2552 Irenico,
881 2503 1108 2543 Hochedero
1143 2505 1194 2544 ad
1222 2505 1343 2545 locum
1381 2508 1542 2559 referre,
1577 2521 1689 2560 quem

141 2584 324 2622 occupare
343 2572 504 2610 voluerit
524 2573 768 2623 Torquatus,
798 2570 964 2624 („scribe
981 2575 1086 2625 cujus
1103 2574 1278 2612 fortunae
1310 2574 1480 2613 homines
1508 2575 1576 2613 tibi
1599 2589 1687 2615 con-

141 2640 245 2678 vivas
276 2639 498 2690 adhibeam,
534 2653 623 2679 nam
646 2642 680 2680 si
708 2640 815 2691 cupis
838 2639 1027 2691 digniores
1062 2646 1121 2693 te,
1161 2643 1233 2681 eris
1261 2646 1499 2694 postremus,
1528 2644 1560 2681 si
1592 2644 1687 2682 infe-

142 2707 278 2758 riores,
306 2707 378 2745 eris
398 2707 588 2761 primus“)
609 2708 678 2746 sed
693 2707 862 2759 intellige
877 2705 1026 2758 πόστος
1037 2739 1049 2759 ,
1071 2710 1130 2748 cui
1148 2713 1356 2763 respondet
1373 2710 1524 2750 Nomen
1543 2724 1685 2751 numer.

143 2775 314 2814 ordinale
350 2775 560 2826 quoddam,
602 2779 646 2814 ut
675 2775 835 2815 Theocr.
864 2778 913 2828 2,
943 2777 1037 2819 119.
1083 2774 1145 2818 ”H
1168 2780 1299 2832 τρίτος
1323 2775 1371 2832 ἠὲ
1392 2777 1576 2834 τέταρτος
1607 2778 1686 2822 ἐών

145 2843 276 2892 φίλος.
336 2843 482 2884 Charit.
510 2843 555 2894 1,
585 2842 626 2882 9·
663 2843 842 2898 πέμπτος
877 2843 921 2885 δὲ
962 2841 1083 2895 αὐτὸς
1112 2843 1282 2903 προσῄει
1317 2843 1377 2902 τῷ
1416 2844 1533 2903 τάφῳ
1562 2852 1602 2888 et
1634 2849 1686 2887 ibi

146 2907 264 2950 Dorv.
284 2925 326 2964 p.
352 2912 446 2953 262.
505 2911 567 2948 Cf.
583 2910 714 2953 Herm.
737 2914 787 2952 ad
807 2913 893 2964 Vig.
912 2913 962 2964 3,
991 2915 1037 2965 2,
1060 2913 1127 2953 17.
1149 2928 1190 2966 p.
1211 2911 1280 2954 74.
1338 2916 1401 2954 Sic
1425 2917 1594 2959 Martial.
1618 2915 1684 2967 14,

145 2977 241 3020 217.
299 2980 382 3018 Die
406 2986 551 3032 quotus
582 2986 620 3017 et
641 2983 785 3032 quanti
810 2983 951 3033 cupias
974 2995 1150 3023 coenare.
1209 2983 1407 3023 Gesnerus
1434 2984 1567 3025 laudat
1586 2984 1683 3025 Plin.
