2028 3268
446 260 528 302 394
593 263 961 303 COMMENTARII
988 264 1045 302 IN
1073 262 1290 303 HORATII
1316 262 1412 303 LIB.
1431 265 1460 303 1.
1484 264 1643 305 EPIST.
1664 267 1806 309 SEPT.
1863 270 1940 312 122

445 385 490 424 In
513 386 583 424 hoc
611 399 714 424 more
735 387 827 423 vites
854 385 962 422 ulmis
981 385 1039 422 vel
1066 385 1224 436 platanis
1246 390 1283 424 et
1302 385 1450 436 populis
1470 387 1691 438 adjungendi
1717 388 1810 427 ludit
1829 389 1940 427 Ovid.

444 451 530 490 Am.
560 456 610 502 2,
646 454 718 502 16,
757 449 822 491 41.
888 451 1029 487 Ulmus
1059 458 1170 488 amat
1194 452 1336 498 vitem,
1381 453 1472 490 vitis
1500 438 1579 490 non
1606 454 1744 492 deserit
1770 455 1937 492 ulmum.

443 517 549 558 Haec
577 522 615 556 et
642 518 728 555 talia
755 522 935 556 annotant
960 518 1090 556 Heius.
1121 519 1168 556 ad
1196 519 1303 556 Ovid.
1328 519 1421 557 Met.
1452 517 1526 569 14,
1557 521 1649 560 666.
1705 521 1868 560 Broukh.
1893 523 1942 561 ad

445 585 530 622 Tib.
558 583 606 634 4,
634 587 682 633 1,
715 586 808 626 172.
865 584 1038 622 Wernsd.
1068 586 1116 622 ad
1144 585 1300 624 Pentad.
1332 589 1382 634 2,
1422 586 1486 626 15.
1516 585 1596 637 (ΙΙΙ.
1622 599 1661 636 Ρ.
1690 587 1801 640 271.)
1829 592 1868 626 et
1894 589 1942 627 ad

442 649 598 688 voman.
628 651 674 688 de
696 650 818 688 Laud.
844 651 954 689 Hort.
983 651 1047 691 15.
1075 652 1156 702 (Vl.
1184 666 1223 703 p.
1255 651 1379 702 165.).
1437 651 1520 689 Jan.
1551 653 1599 689 ad
1628 652 1702 690 Od.
1731 655 1779 702 2,
1811 653 1875 704 15,
1903 653 1941 694 4.

442 716 484 765 4,
513 717 552 766 5,
579 716 644 757 30.
701 717 849 755 Mitseh.
877 719 926 755 ad
951 718 1074 768 Epod.
1103 721 1142 767 2,
1171 719 1209 756 9.
1266 719 1418 768 Forbig.
1448 719 1496 755 ad
1523 718 1625 768 Virg.
1660 719 1732 756 Ge.
1765 721 1803 769 1,
1832 723 1871 762 2.
1901 723 1942 770 2,

441 784 538 824 221.
596 785 835 834 Quapropter
866 784 976 835 paulo
1002 785 1110 822 altius
1138 786 1337 836 repetitum
1368 785 1538 834 arbitror,
1568 798 1682 835 quum
1701 784 1871 823 Bothius
1897 799 1941 826 ex

439 848 560 888 Plinio
588 851 636 889 H.
662 852 713 892 N.
744 851 818 900 17,
871 850 935 892 23.
964 850 1040 900 (ed.
1069 850 1325 902 Dalechamp.)
1352 852 1502 890 Menam
1527 851 1748 890 nobiliorum
1776 852 1942 892 vinorum

439 915 534 953 lucri
564 929 677 955 causa
703 917 820 955 fuisse
852 918 1024 968 cupidum
1051 918 1208 969 conjicit.
1247 941 1302 947 —
1337 918 1381 955 V.
1411 919 1478 959 85.
1533 918 1760 956 Immoritur
1786 920 1938 957 studiis.

441 983 544 1022 Cave
570 997 778 1034 compares,
808 985 909 1034 quod
936 986 1104 1023 fecerunt
1132 985 1283 1035 librarii,
1310 985 1390 1022 Cic.
1414 985 1497 1022 Cat.
1519 987 1603 1036 maj.
1631 982 1698 1035 14,
1727 983 1794 1024 49.
1838 987 1945 1024 Mori

438 1050 669 1088 videbamus
696 1053 739 1088 in
761 1053 888 1088 studio
916 1051 1140 1089 dimetiendi
1166 1051 1263 1088 coeli
1284 1058 1401 1102 alque
1427 1058 1546 1088 terrae
1571 1052 1612 1089 C.
1638 1052 1816 1090 Gallum.
1857 1053 1940 1091 Vid.

438 1116 490 1156 ibi
516 1117 642 1156 Klotz.
682 1132 720 1169 p.
753 1120 846 1160 121.
903 1119 1111 1157 Schmidius
1147 1118 1290 1156 confert
1318 1118 1550 1156 Graecorum
1585 1123 1841 1170 φθειρεῖσθαι
1877 1133 1940 1170 ap.

437 1185 502 1224 Fr.
532 1186 685 1223 JacobS.
715 1186 763 1223 ad
791 1185 904 1224 Anth.
935 1186 1001 1224 Gr.
1031 1185 1110 1226 VII.
1138 1199 1176 1236 Ρ.
1208 1186 1300 1226 112.
1338 1188 1377 1222 et
1405 1185 1566 1222 Orellius
1592 1186 1639 1224 de
1666 1187 1941 1226 constructione

436 1251 561 1292 Dativi
586 1253 740 1298 Quintil.
767 1253 808 1302 9,
835 1254 875 1303 3,
903 1254 971 1294 73.
1004 1253 1160 1290 immori
1185 1251 1386 1302 legationi.
1442 1251 1584 1290 Dubito
1611 1256 1734 1291 autem
1757 1254 1804 1292 de
1832 1266 1940 1292 accu-

435 1323 520 1357 rata
544 1321 852 1370 interpretatione
880 1321 1107 1370 Doeringii,
1137 1331 1299 1368 quocum
1321 1318 1410 1355 facit
1443 1318 1636 1356 Giinther.
1642 1347 1658 1364 ,
1683 1331 1758 1369 qua
1785 1319 1861 1356 Im.
1887 1326 1937 1356 st.

434 1385 470 1423 is
494 1387 647 1437 dicitur,
675 1388 775 1437 „qui
802 1391 903 1425 totus
933 1391 993 1425 est
1020 1388 1059 1424 in
1090 1387 1212 1436 aliqua
1241 1399 1281 1423 re
1313 1384 1373 1422 vel
1400 1397 1442 1422 se
1469 1389 1588 1423 totum
1611 1385 1717 1423 alicui
1743 1386 1798 1424 rei
1826 1386 1940 1424 devo-

435 1453 545 1503 vet,“
573 1466 685 1504 quum
703 1454 742 1491 in
761 1454 922 1493 dictione
951 1455 1053 1492 notio
1082 1453 1171 1491 insit
1198 1464 1332 1503 operae
1360 1452 1504 1501 nimiae,
1535 1465 1608 1502 qua
1627 1452 1710 1503 quis
1731 1466 1814 1491 sese
1836 1458 1940 1505 quasi

435 1525 579 1559 enecat.
634 1521 876 1560 Sanadonus:
923 1521 985 1572 „il
1013 1521 1159 1571 de'pe'rit
1190 1520 1213 1558 a
1244 1520 1347 1557 force
1377 1519 1423 1556 de
1451 1520 1595 1557 travail.
1608 1520 1636 1543 ‘⁶
1692 1520 1728 1558 J.
1757 1519 1939 1560 Merkel.:

433 1588 606 1639 „Zehret
634 1588 693 1625 fiir
720 1589 824 1626 seine
854 1588 1058 1626 Gesch'afte
1083 1587 1162 1625 sich
1187 1586 1277 1623 ab.“
1314 1607 1372 1614 —-
1400 1585 1511 1624 Conf.
1540 1586 1676 1625 Heind.
1705 1588 1753 1625 ad
1779 1589 1857 1626 Cic.
1884 1589 1936 1626 N.

431 1655 483 1695 D.
507 1656 548 1704 3,
575 1655 640 1694 35.
669 1667 707 1704 p.
730 1654 824 1694 371.
855 1675 910 1681 —
935 1667 1066 1691 amore
1087 1654 1248 1690 senescit
1270 1651 1453 1689 habendi.
1513 1653 1569 1690 Ita
1587 1653 1708 1704 Epist.
1734 1657 1774 1703 2,
1801 1657 1847 1709 2λ
1871 1656 1936 1696 82.

433 1722 677 1771 insenuitque
706 1721 839 1757 Libris
866 1727 903 1756 et
930 1722 1044 1758 curis.
1101 1720 1223 1758 Plaut.
1251 1720 1368 1756 Stich.
1401 1721 1447 1768 1,
1477 1719 1527 1768 3,
1556 1720 1620 1759 63.
1677 1721 1783 1757 Ρναε
1809 1733 1939 1757 amore

432 1789 530 1826 adeo
557 1789 672 1824 miser
705 1793 823 1836 atque
854 1787 1100 1837 aegritudine
1141 1786 1344 1823 Consenui.
1400 1785 1462 1821 Cf.
1490 1783 1609 1822 Drak.
1639 1791 1678 1824 et
1701 1787 1857 1838 Rupert.
1889 1788 1938 1824 ad

431 1854 502 1893 Sil.
530 1855 575 1891 It.
605 1855 645 1902 2,
676 1850 771 1892 457.
826 1851 1030 1902 Eleganter
1054 1858 1177 1890 autem
1203 1852 1317 1890 verbo
1347 1849 1519 1887 habendi
1545 1851 1726 1902 absolute,
1755 1857 1796 1890 ut
1826 1852 1937 1903 ἔχειν,

430 1925 586 1960 utuntur
613 1920 662 1957 ad
691 1919 918 1966 πλεονεξίαν
947 1920 1239 1971 significandam.
1297 1918 1399 1966 Virg.
1430 1916 1524 1954 Aen.
1551 1919 1591 1966 8,
1616 1918 1712 1960 327.
1768 1919 1826 1956 Et
1847 1919 1941 1956 belli

430 1987 559 2026 rabies
589 1994 625 2023 et
652 1998 763 2022 amor
790 1987 974 2022 successit
1008 1985 1192 2026 habendi,
1250 1985 1359 2022 Ovid.
1389 1984 1482 2022 Met.
1510 1986 1555 2033 1,
1599 1985 1690 2024 131.
1725 1998 1837 2022 amor
1859 1999 1939 2022 sce-

432 2056 579 2093 leratus
607 2051 792 2090 habendi.
853 2052 907 2092 Id.
932 2051 978 2090 A.
1009 2051 1054 2090 A.
1080 2052 1121 2101 3,
1151 2049 1245 2091 541.
1303 2051 1441 2101 Sulpic.
1471 2051 1599 2088 Sever.
1630 2051 1676 2088 de
1706 2051 1870 2102 Cupidit.
1899 2052 1936 2090 9.

439 2124 474 2161 O
502 2135 624 2173 quam
653 2118 832 2157 mendose
866 2126 999 2156 votum
1027 2118 1285 2156 insaturabile
1312 2117 1486 2154 habendi·
1513 2116 1663 2154 Imbuit
1698 2119 1841 2170 infami
1866 2132 1937 2169 pe·-

430 2197 539 2227 ctora
567 2193 700 2225 nostra
727 2185 860 2222 malo!
889 2186 1001 2236 Salej.
1031 2187 1138 2224 Bass.
1173 2187 1221 2223 ad
1249 2186 1376 2222 Pison.
1405 2184 1499 2225 208.
1529 2184 1661 2221 divitis
1686 2186 1778 2221 auri
1805 2185 1938 2236 Impe—

430 2258 536 2294 riosa
562 2255 700 2306 sames
737 2260 774 2289 et
808 2252 983 2290 habendi
1011 2268 1130 2291 saeva
1166 2255 1321 2303 cupido.
1382 2250 1509 2288 Aurel.
1536 2250 1611 2289 Vit.
1641 2247 1753 2290 Cae's.
1783 2253 1822 2292 3.
1853 2260 1938 2289 stu-

429 2324 542 2361 dium
569 2319 753 2360 habendi.
823 2319 994 2357 Pluribus
1021 2321 1208 2359 illustrant
1236 2320 1342 2356 Cort.
1372 2319 1421 2356 ad
1449 2319 1528 2355 Cic.
1558 2318 1680 2368 Epist.
1706 2319 1754 2356 ad
1778 2318 1863 2355 Div.
1895 2321 1936 2368 7,

428 2390 506 2439 29,
548 2392 586 2431 2.
617 2394 655 2426 et
682 2388 772 2428 Sall.
799 2387 883 2437 Jug.
915 2390 962 2436 2,
1002 2388 1040 2427 3.
1099 2388 1242 2436 Grang.
1271 2387 1318 2423 ad
1347 2385 1430 2423 Juv.
1462 2381 1538 2433 14,
1581 2385 1676 2426 207.
1733 2385 1858 2423 Burm.
1887 2386 1936 2422 ad

429 2457 540 2495 Ovid.
566 2455 671 2492 Fast.
700 2455 746 2503 1,
778 2453 870 2493 195.
904 2459 941 2492 et
969 2453 1129 2491 Phaedr.
1157 2453 1310 2502 Prolog.
1340 2453 1381 2501 3,
1412 2454 1478 2494 21.
1535 2450 1654 2488 Drak.
1679 2452 1727 2488 ad
1757 2451 1826 2488 Sil.
1850 2451 1934 2488 Ital.

428 2524 469 2571 5,
496 2518 589 2564 264.
645 2520 795 2559 Ruhnk.
825 2521 873 2557 ad
901 2520 1016 2558 Rutil.
1045 2520 1143 2571 Lup.
1175 2523 1215 2569 2,
1246 2522 1283 2561 2.
1312 2533 1350 2570 p.
1381 2519 1447 2559 78.
1502 2517 1653 2556 Munck.
1681 2519 1731 2556 ad
1757 2518 1933 2569 Fulgent.

427 2586 584 2638 Mythol.
616 2589 666 2636 2,
697 2588 744 2636 1,
774 2600 812 2637 Ρ.
835 2587 902 2626 66.
960 2587 1115 2638 Forbig.
1146 2588 1194 2625 ad
1218 2588 1319 2636 Virg.
1349 2585 1373 2623 l.
1400 2584 1428 2622 Ι.

532 2646 584 2691 V.
614 2653 810 2694 86—89.
874 2653 1020 2691 Verum
1059 2677 1115 2683 ——·
1151 2654 1210 2692 ad
1243 2652 1362 2693 aedis.
1420 2651 1463 2690 In
1500 2664 1581 2689 rem
1604 2649 1810 2689 Lambinus
1839 2652 1932 2690 scite

430 2724 620 2770 comparat
646 2719 817 2770 Xenoph.
848 2720 988 2771 Cyrop.
1015 2723 1063 2771 8,
1092 2721 1143 2770 3,
1172 2719 1239 2761 41.
1271 2740 1317 2748 —
1357 2719 1474 2769 Spem
1503 2719 1664 2755 mentita
1691 2732 1811 2769 seges.
1870 2719 1934 2756 Sic

429 2789 503 2824 Od.
533 2787 574 2835 3,
607 2789 644 2835 1,
674 2787 740 2825 30.
798 2787 1010 2823 Fundusve
1036 2788 1221 2832 mendax,
1258 2788 1315 2824 cui
1343 2786 1542 2836 opponitur
1569 2786 1607 2830 3,
1634 2786 1699 2834 16,
1727 2786 1794 2826 30.
1824 2798 1933 2835 sege—

428 2855 477 2890 tis
504 2862 607 2889 certa
625 2853 750 2899 fides,
779 2853 826 2890 ad
854 2867 963 2903 quem
991 2853 1061 2892 loc.
1090 2855 1138 2892 cf.
1158 2853 1423 2892 Mitscherlich.
1453 2853 1520 2890 Sil.
1545 2852 1626 2890 Ital.
1654 2855 1694 2900 7,
1726 2852 1820 2892 160.
1840 2850 1928 2899 ibiq.

427 2919 543 2958 Drak.
574 2933 778 2970 nunquam
807 2920 921 2959 tellus
949 2923 1112 2959 mentita
1144 2921 1290 2959 colono.
1351 2919 1440 2960 Tib.
1469 2921 1510 2968 2,
1538 2921 1585 2965 6,
1616 2920 1682 2960 21.
1713 2916 1776 2968 (2,
1809 2918 1858 2964 7,
1887 2916 1926 2956 3·
