2028 3268
170 274 250 314 111
308 268 688 310 COMMENTARH
722 270 777 308 IN
803 267 1025 309 HORATll
1052 266 1154 307 LIB.
1175 267 1204 306 Ι.
1226 266 1392 306 EPIST.
1415 265 1564 305 SEPT.
1623 263 1709 306 383

169 398 223 436 ait
250 395 468 445 Laminas,
514 408 638 445 „raro
667 395 740 432 nisi
767 395 920 433 infamia
949 394 1049 433 solet
1078 406 1164 432 esse
1195 397 1324 431 notus.
1337 391 1366 416 ‘⁶
1438 391 1566 443 Quid,
1610 391 1716 442 quod

170 465 405 503 constructio
433 463 499 502 illa
527 477 551 502 a
579 463 836 514 compluribus
858 476 930 514 pro
954 463 1046 501 folio
1069 462 1235 513 Sibyllae
1254 461 1402 500 habita:
1431 461 1517 499 sine
1539 461 1716 509 crimine,

168 540 308 571 notum
330 532 387 569 Et
404 545 623 583 properare
645 535 719 570 etc.
746 535 785 569 et
809 544 942 569 versus
970 534 1143 570 tenorem
1173 535 1212 570 et
1239 530 1451 569 sententiae
1479 531 1555 569 vim
1578 530 1716 569 misere

168 601 363 652 insringit3
406 613 527 651 aeque
562 601 678 652 friget
717 600 840 639 altera
878 599 1082 638 verborum
1120 599 1366 651 compositio:
1410 600 1496 636 sine
1532 600 1715 645 erimine,

168 677 308 711 notum
317 685 334 718 ;
373 670 431 707 Et
458 673 557 719 etc.‚
597 682 710 720 quum
739 669 830 707 illud
859 675 997 705 notum
1025 667 1201 706 absolute
1231 668 1399 719 positum
1427 672 1542 719 atque
1572 667 1620 707 ab
1647 681 1715 706 ore

169 739 371 790 praeconis
390 738 578 789 prolatum
603 743 669 777 aut
695 738 847 776 nimium
875 740 941 774 aut
967 738 1078 774 inane
1107 736 1199 787 quid
1216 736 1373 774 indicet.
1431 736 1570 788 Neque
1595 738 1716 775 minus

170 807 410 846 incommoda
438 807 580 844 Botlu'i
606 811 667 846 est
696 806 978 858 interpretatio:
1019 832 1048 855 9,
1061 806 1185 843 omnia
1210 805 1304 843 haec
1331 805 1587 858 (properare,
1632 818 1717 843 ees-

167 889 260 913 sare
288 874 383 926 etc.)
411 882 551 914 notum
580 877 706 915 facere
736 877 822 914 sine
850 875 1037 923 crimine,
1067 874 1104 911 h.
1122 887 1155 915 e.
1185 874 1264 923 ita,
1294 878 1338 913 ut
1364 887 1388 912 a
1414 875 1565 913 nemine
1593 874 1715 912 crimi-

171 947 352 993 naretur,
393 944 464 982 sed
506 945 562 982 vir
600 944 724 982 bonus
759 943 980 995 probusque
1018 942 1237 981 haberetur.
1252 943 1280 967 ‘⁶
1337 943 1564 994 Bentlejana
1592 947 1718 981 autem

169 1013 306 1051 lectio:
346 1013 432 1049 sine
457 1013 567 1050 crim.
598 1019 740 1049 natum
756 1040 769 1056 ‚
798 1012 823 1050 i.
854 1025 888 1051 e.
920 1015 1062 1062 „patre
1092 1015 1220 1061 certo,
1249 1011 1419 1049 honestis
1449 1011 1718 1063 parentibus,“

171 1093 286 1132 quum
320 1080 576 1118 conditionem
607 1078 744 1117 Volteii
777 1080 915 1119 Menae
952 1084 995 1119 ut
1037 1080 1201 1118 libertini
1228 1079 1406 1130 ignoret,
1451 1095 1522 1132 pro
1561 1080 1720 1132 explosa

169 1152 304 1201 potest
342 1147 486 1187 haberi·
546 1146 673 1185 Verba
714 1160 811 1197 quae
850 1153 1059 1200 sequuntur
1095 1149 1154 1185 Et
1173 1162 1393 1199 properare
1430 1153 1504 1188 etc.
1543 1162 1669 1200 neque
1696 1162 1720 1187 a

170 1230 254 1256 voe.
284 1223 455 1262 notum,
497 1228 623 1266 neque
652 1229 676 1253 a
700 1215 906 1269 Participio
939 1218 1192 1255 Gaudentem
1231 1217 1341 1269 (alias
1368 1217 1569 1257 Horatium
1598 1219 1719 1268 scrip-

170 1287 268 1324 sisse
298 1285 475 1324 dixerim:
507 1285 658 1322 Parvi-e
680 1286 1005 1338 gaudentemque
1032 1285 1251 1335 sodalibus,
1278 1288 1354 1324 vid.
1378 1285 1550 1325 Liibker.
1573 1287 1623 1326 ad
1642 1287 1720 1325 od.

169 1354 222 1404 3,
266 1352 317 1404 4,
363 1352 451 1404 11.)
488 1357 578 1404 apta
606 1358 718 1404 sunt,
762 1355 832 1392 sed
861 1367 907 1392 ex
935 1368 1110 1394 sermone
1139 1356 1259 1407 ipsius
1288 1356 1426 1394 Menae
1454 1354 1720 1405 intelligenda:

169 1424 229 1460 Et
265 1436 307 1460 se
333 1435 552 1474 properare
591 1421 675 1460 loco
715 1430 752 1459 et
781 1436 934 1460 cessare
945 1452 960 1472 ‚
1005 1428 1206 1475 utrumque
1234 1428 1363 1462 autem
1392 1423 1463 1462 sibi
1491 1423 1723 1462 contrarium

171 1491 288 1537 loeo'‚
328 1491 364 1532 h.
397 1505 432 1529 e.
464 1491 503 1528 in
531 1491 632 1540 loco,
663 1492 803 1529 idoneo
834 1495 1031 1542 tempore,
1077 1492 1121 1533 ἐν
1152 1495 1284 1547 καιρῷ
1313 1492 1438 1545 (cujus
1467 1493 1523 1530 rei
1552 1491 1724 1542 exempla

170 1561 232 1599 hie
273 1559 427 1610 collegit
462 1559 693 1596 Schmidius
733 1564 773 1597 et
812 1559 996 1598 Kiihner.
1036 1562 1086 1599 ad
1126 1562 1207 1600 Cic.
1248 1561 1369 1600 Tusc.
1409 1564 1460 1609 2,
1506 1561 1583 1609 11,
1626 1558 1724 1610 26.>.

171 1629 418 1680 Quapropter
443 1627 696 1678 improbanda
721 1632 783 1666 est
810 1629 984 1666 Iuvenca·
1008 1629 1296 1680 interpretatio:
1341 1656 1370 1679 9,
1383 1629 1447 1680 qui
1476 1628 1578 1666 ultro
1609 1628 1725 1666 citro-

170 1710 247 1748 que
286 1698 490 1736 cursitaret
524 1697 688 1735 faciendi
725 1700 884 1747 questus
927 1698 1085 1735 causa“
1124 1701 1164 1736 et
1193 1695 1336 1734 Bothii
1374 1697 1566 1735 sententia
1594 1697 1632 1734 in
1661 1696 1724 1734 ed.

172 1765 277 1804 Feae
305 1766 525 1818 proposita:
563 1764 836 1816 „properabat
864 1765 950 1804 loco
981 1766 1107 1816 aliquo
1139 1770 1178 1805 et
1209 1765 1299 1803 alibi
1329 1765 1509 1803 cessabat
1537 1764 1723 1812 Vulteius,

171 1834 237 1873 ubi
265 1847 289 1872 a
315 1833 520 1886 praeconio
551 1837 723 1884 vacabat,
750 1837 868 1884 prout
892 1834 1024 1884 jussus
1053 1834 1181 1872 erat.“
1237 1833 1377 1884 Neque
1402 1832 1562 1871 multum
1585 1831 1726 1870 abhor-

173 1906 236 1941 ret
258 1901 505 1948 Hocheder„
534 1902 600 1953 qui
630 1906 828 1953 comparat
852 1907 1046 1941 nostrum:
1074 1915 1202 1953 „vom
1228 1901 1372 1940 Flecke
1400 1900 1552 1945 eilen.“
1611 1900 1728 1939 Cete-

175 1982 259 2008 rum
295 1970 351 2007 uti
386 1982 605 2020 properare
646 1973 684 2007 et
725 1984 876 2007 cessare
916 1970 1087 2008 sedulam
1129 1972 1168 2009 in
1208 1970 1324 2009 rebus
1366 1970 1527 2020 agendis
1570 1982 1727 2020 operam

177 2037 324 2088 [Schol.
367 2037 487 2087 Cruq.
524 2037 715 2074 viatorem
759 2038 818 2076 vel
857 2045 1113 2076 mercatorem
1150 2036 1424 2090 (Commissar)
1463 2050 1583 2089 agere
1620 2037 1728 2074 lucri

175 2119 301 2145 causa
325 2103 515 2154 intelligit]
546 2107 586 2142 et
615 2104 735 2142 otium
772 2104 866 2142 illud
905 2105 1038 2154 dulce,
1080 2118 1156 2154 quo
1185 2118 1318 2142 rursus
1355 2106 1527 2155 gaudent
1554 2105 1725 2143 homines

175 2173 370 2212 laboribus
399 2171 572 2211 defuncti
604 2170 748 2222 (Epist.
784 2174 824 2221 2,
856 2174 896 2220 2,
930 2172 1023 2213 183.
1083 2171 1212 2212 Burm.
1239 2170 1356 2209 Anth.
1386 2171 1453 2210 lat.
1483 2172 1516 2210 Ι.
1540 2186 1581 2223 p.
1612 2172 1728 2223 316.)

175 2243 333 2291 indicat,
364 2241 418 2279 ita
447 2252 636 2291 quaerere
666 2240 716 2277 ad
748 2242 946 2289 quaestum
976 2243 1016 2277 et
1045 2239 1292 2290 compendia,
1324 2239 1386 2276 uti
1411 2240 1461 2277 ad
1490 2244 1663 2291 sumptus
1691 2244 1731 2278 et

166 2312 386 2362 ,impensam
428 2309 613 2360 pertinet.
671 2306 798 2356 Atque
835 2308 875 2345 in
914 2312 1099 2358 utroque,
1143 2310 1187 2344 ut
1225 2311 1331 2345 recte
1366 2307 1421 2344 ait
1448 2306 1567 2345 Janus
1595 2306 1733 2346 Dousa

175 2394 216 2433 p.
242 2379 340 2419 667.
356 2405 369 2428 ,
397 2377 554 2416 Menam
578 2376 816 2413 moderatum
837 2387 883 2412 ac
903 2378 1180 2426 temperantem
1208 2388 1295 2414 esse
1324 2376 1444 2414 videri
1471 2376 1573 2426 cupit
1594 2375 1730 2416 Poeta.

177 2449 240 2487 Cf.
270 2448 353 2486 Sat.
380 2448 429 2495 2,
458 2446 512 2495 3,
546 2444 630 2486 109
654 2457 714 2494 sq.
774 2443 820 2482 A.
850 2442 895 2480 P.
928 2443 1025 2484 170.
1083 2443 1211 2481 Bentl.
1241 2445 1291 2482 ad
1319 2445 1403 2482 Sat.
1437 2445 1482 2493 1,
1515 2446 1563 2493 1,
1593 2444 1661 2485 38.
1693 2448 1733 2483 et

177 2515 306 2556 Beier.
335 2515 385 2553 ad
413 2514 496 2552 Cic.
529 2513 647 2552 Offic.
680 2515 731 2562 2,
780 2512 859 2560 20,
899 2512 969 2551 71.
1013 2533 1071 2540 ——·
1119 2512 1372 2551 Gaudentem
1395 2512 1620 2564 parvisque
1646 2513 1732 2553 sod.

179 2592 219 2622 et
245 2583 332 2622 lare
370 2589 487 2620 certo.
549 2581 609 2620 En
648 2581 841 2619 hominem
879 2578 1091 2617 hominibus
1137 2593 1229 2619 suae
1268 2582 1384 2619 sortis
1423 2585 1644 2620 contentum
1679 2586 1733 2632 et,

179 2665 277 2704 quae
304 2663 383 2690 non
410 2650 537 2688 infima
566 2649 735 2688 conditio
764 2651 849 2696 est,
880 2647 993 2685 domo
1023 2650 1128 2685 certa
1156 2649 1358 2689 fruentem.
1421 2649 1590 2688 Sodales
1619 2651 1733 2690 intel-

178 2721 349 2772 liguntur
376 2723 442 2757 aut
470 2719 640 2756 homines
671 2716 890 2755 conditione
921 2713 992 2753 sibi
1022 2716 1202 2765 aequales
1230 2716 1338 2769 (inde
1364 2719 1487 2768 parvi
1507 2722 1550 2758 ut
1570 2731 1607 2757 v.
1632 2716 1733 2772 44),

180 2788 315 2840 quibus
344 2786 577 2824 familiariter
606 2787 739 2836 utitur,
770 2791 838 2824 aut
868 2800 912 2825 ex
941 2786 1132 2825 sententia
1160 2785 1288 2824 Sehol.
1322 2785 1459 2838 Cruq.,
1487 2800 1602 2840 quam
1628 2793 1734 2828 recte

179 2855 372 2907 improbat
398 2854 611 2903 Dacerius‚
644 2866 772 2903 „uxor
798 2859 839 2893 et
867 2855 1022 2905 liberi‚“
1051 2852 1186 2904 quibus
1215 2855 1328 2905 quasi
1358 2855 1397 2893 in
1420 2857 1588 2907 jucundo
1619 2858 1735 2896 soda-

180 2924 262 2965 litio
286 2924 375 2962 vivit
400 2922 522 2960 bonus
548 2921 676 2960 Mena.
716 2921 925 2974 Perperam
951 2922 1148 2961 Giinther:
1172 2923 1242 2972 „in
1264 2922 1408 2962 kleiner
1431 2924 1736 2976 Gesellschaft‚“

183 2993 284 3031 conf.
314 2992 350 3030 J.
379 2989 541 3030 Merkel.
572 3003 612 3041 p.
644 2990 747 3030 XXI.
808 2992 985 3043 Denique
1012 2991 1078 3029 lar
1105 2997 1256 3042 certus,
1284 2992 1364 3032 sive
1394 2996 1455 3031 est
1482 2994 1639 3045 propria
1665 2995 1735 3033 do-
