2054 3268
444 247 500 291 62
582 251 943 290 COMMENTARII
971 251 1025 288 IN
1053 251 1270 289 HORATII
1298 250 1466 288 EPIST.
1494 251 1633 288 PRIM.
1660 251 1757 291 Lm.
1787 252 1819 290 1.

446 361 665 413 (Horatius)
688 376 774 399 eam
796 362 988 399 contrario
1006 363 1245 407 terminavit,
1274 367 1318 398 ut
1342 362 1378 398 si
1399 361 1560 398 dic-eret.-
1579 361 1740 398 Bonum
1756 367 1829 407 est,
1848 361 1955 412 quod

444 430 596 467 malum
616 444 695 467 non
715 437 781 466 est.
832 429 964 478 Quum
980 429 1082 464 enim
1102 428 1201 479 quid
1224 429 1274 465 sit
1295 428 1437 473 virtus,
1457 428 1583 464 nescio
1592 443 1609 475 ;
1638 441 1688 465 ne
1705 429 1846 465 vitium
1861 429 1952 478 qui-

445 497 533 534 dem
555 497 654 548 quid
669 497 736 540 sit,
764 495 857 531 scio.
916 497 1022 531 Num
1042 494 1306 540 Quintilianus
1326 497 1422 532 Iust.
1443 495 1481 543 9,
1509 495 1535 534 3
1548 523 1558 542 ‚
1582 495 1647 534 10.
1675 493 1782 531 hunc
1805 495 1951 542 locum,

444 571 488 600 ut
510 565 692 614 opinatur
711 562 940 610 Lambinus,
970 561 1247 611 explicaverit,
1278 563 1447 599 aliorum
1467 560 1625 598 arbitrio
1645 559 1955 612 permittendum

445 637 516 667 est.
575 627 637 666 Ad
661 630 896 666 sententiam
919 629 1048 678 ipsam
1076 627 1252 677 apprime
1276 629 1370 665 facit
1394 629 1486 666 Juv.
1517 627 1591 676 13,
1620 628 1713 668 187.
1770 626 1954 664 Plurima

433 697 541 747 filix
558 695 759 746 paulatim
783 696 882 732 vitia
909 701 1028 745 atque
1048 707 1191 731 errores
1211 697 1313 731 exuit
1331 708 1488 740 omnes,
1517 694 1659 730 Prinus
1678 693 1788 730 docet
1806 700 1955 730 rectum

443 764 651 813 sapientia.
685 769 724 799 et
748 762 887 800 Senec.
915 762 1041 812 Epist.
1067 761 1135 800 28.
1174 760 1338 798 Initium
1370 768 1425 798 est
1453 760 1594 797 salutis
1622 761 1760 797 notitia
1778 761 1949 810 peccati.

443 830 615 881 Egregie
634 828 734 866 mihi
752 829 894 866 dixisse
914 827 1068 864 videtur
1084 827 1296 877 Epicurus.
1358 828 1469 864 IVam
1489 829 1561 878 qui
1574 839 1740 876 peceare
1755 839 1796 864 se
1816 827 1954 872 nescit,

444 897 590 947 corrigi
603 909 682 933 non
699 895 798 932 vult.
859 895 918 932 Cf.
939 893 994 931 id.
1016 895 1083 934 96.
1123 894 1314 932 Similiter
1348 894 1396 932 de
1424 895 1598 933 oratione
1623 899 1760 931 ornata
1790 893 1953 939 Quintil.

443 963 492 1010 8,
519 961 568 1010 3,
595 960 662 1002 41.
686 963 822 1012 prima
841 962 966 999 virtus
990 967 1070 1005 est,
1098 961 1191 998 vitio
1213 973 1355 997 carere.
1415 962 1474 997 De
1492 974 1568 998 usu
1588 960 1771 997 infinitivi
1788 960 1953 1010 perfecti

443 1042 514 1079 pro
539 1030 682 1067 aoristo
701 1028 783 1066 vid.
805 1041 911 1065 nunc
935 1025 1113 1066 Schmid.
1132 1026 1183 1064 ad
1197 1029 1323 1078 Epist.
1346 1028 1417 1076 17,
1446 1027 1486 1067 5.
1541 1029 1696 1066 nissen.
1725 1026 1776 1064 ad
1795 1026 1889 1065 Tib.
1913 1027 1953 1073 1,

445 1097 483 1144 1,
504 1094 571 1136 46.
595 1103 633 1134 et
653 1093 839 1133 Hauthal.
863 1093 914 1131 ad
941 1095 1058 1142 „Die
1077 1094 1234 1130 Satiren
1251 1093 1290 1131 d.
1317 1095 1428 1130 Pers.
1442 1096 1467 1116 “
1495 1107 1534 1144 p.
1558 1096 1626 1134 96.

554 1165 599 1201 V.
633 1159 828 1203 42-44.
886 1162 1180 1199 Sententiarum
1203 1172 1352 1198 nexus:
1382 1162 1574 1199 Homines
1597 1167 1752 1208 autem,
1780 1165 1825 1197 ut
1847 1165 1953 1206 sunt,

442 1243 599 1268 summo
625 1243 742 1280 opere
767 1242 848 1266 non
881 1229 1102 1276 stultitiam,
1131 1226 1203 1265 sed
1222 1239 1285 1264 res
1309 1228 1457 1265 alienas
1479 1228 1628 1265 evitant
1647 1226 1698 1264 ad
1719 1227 1954 1277 sapientiam

442 1296 545 1333 nihil
563 1297 816 1347 pertinentes.
882 1294 1000 1332 Vides
1025 1301 1085 1332 est
1109 1292 1367 1345 apostrophe,
1397 1307 1475 1345 qua
1504 1307 1587 1332 non
1609 1306 1694 1331 raro
1725 1293 1773 1330 ab
1805 1305 1873 1340 eo,
1903 1291 1953 1328 ad

443 1375 564 1414 quem
583 1363 740 1412 proprie
765 1362 968 1410 scribitur,
999 1360 1049 1399 ad
1070 1363 1167 1399 alios
1189 1367 1257 1398 aut
1282 1362 1403 1411 vulgo
1429 1362 1684 1412 sapientiores
1715 1359 1955 1397 convertitur

442 1430 588 1476 oratio,
619 1435 687 1465 aut
715 1427 766 1465 ad
791 1430 898 1480 ipsos
931 1435 1027 1466 nota
1059 1426 1220 1478 dignos,
1260 1429 1490 1478 praesertim
1521 1441 1645 1481 quum
1665 1428 1789 1465 Poeta
1817 1425 1954 1472 ardore

442 1495 614 1547 quodam
638 1497 819 1532 incitatus
838 1496 880 1531 in
901 1494 1131 1546 depravatos
1159 1495 1385 1545 aequalium
1401 1508 1530 1533 mores
1558 1492 1767 1532 invehitur.
1797 1494 1954 1532 Utrius-

443 1576 520 1613 que
540 1563 596 1598 rei
619 1563 804 1612 exempla
823 1559 946 1598 habes
966 1562 1126 1612 ubique,
1157 1561 1227 1598 sed
1249 1560 1329 1598 vid.
1349 1575 1387 1598 v.
1406 1563 1473 1601 28.
1498 1562 1564 1602 57.
1590 1562 1656 1602 91.
1681 1561 1747 1609 19,
1773 1561 1838 1600 19.
1869 1560 1952 1598 Sat.

446 1632 482 1677 1,
515 1630 550 1675 1,
575 1629 629 1668 38
648 1640 734 1679 sqq.
759 1629 798 1676 6,
821 1628 887 1667 18.
915 1628 1006 1668 110.
1063 1628 1235 1665 praeivit
1252 1630 1407 1665 Lucret.
1431 1630 1480 1677 3,
1509 1627 1628 1668 1058.
1685 1628 1770 1673 Qua
1792 1625 1955 1678 quidem

442 1696 713 1733 observatione
737 1707 818 1731 nou
842 1694 1070 1743 negabitur,
1100 1696 1198 1732 alias
1223 1696 1343 1732 etiam
1370 1696 1488 1732 aliam
1511 1707 1596 1732 esse
1622 1694 1871 1732 allocutionis
1889 1707 1955 1731 ra-

441 1765 605 1800 tionem.
662 1762 720 1798 Cf.
744 1759 920 1799 Schmid.
944 1759 994 1797 ad
1013 1762 1139 1812 Epist.
1165 1762 1207 1810 1,
1230 1762 1301 1810 16,
1325 1761 1390 1802 53·
1448 1759 1624 1800 Hoched.
1653 1759 1703 1798 ad
1725 1761 1773 1797 A.
1792 1761 1836 1798 Ρ.
1860 1759 1953 1800 153.

441 1836 482 1866 et
499 1830 785 1879 Morgenstern.
809 1827 857 1864 de
878 1826 1102 1865 discrimine
1121 1828 1202 1865 Sat.
1233 1835 1351 1879 atque
1374 1829 1498 1879 Epist.
1525 1829 1618 1865 Hor.
1639 1840 1678 1877 p.
1705 1824 1770 1866 94.
1828 1825 1953 1863 Simi-

439 1897 532 1933 liter
555 1896 695 1932 Graeci
727 1891 827 1947 ὁρᾶν
847 1901 1057 1944 usurpant-3
1088 1895 1138 1932 cf.
1157 1895 1286 1931 Bentl.
1308 1894 1359 1931 ad
1379 1909 1416 1933 v.
1434 1897 1500 1936 91.
1520 1916 1575 1922 —
1607 1893 1752 1930 Census
1770 1893 1952 1943 exiguus,

441 1963 512 2014 qui
535 1961 607 2000 Od.
631 1963 676 2009 2,
703 1962 778 2010 15,
808 1962 894 2010 13.,
921 1962 996 2011 Ep.
1024 1962 1067 2008 1,
1093 1961 1140 2008 7,
1163 1960 1230 2000 56.
1259 1974 1397 1997 census
1415 1960 1540 1998 brevis
1560 1966 1598 1996 et
1621 1971 1684 2010 ap.
1701 1959 1796 1997 Juv.
1825 1958 1891 2006 13,
1911 1961 1951 2000 7.

442 2031 570 2066 tenuis
589 2035 667 2076 est,
699 2033 893 2079 quantum
913 2028 1067 2063 malum
1085 2027 1224 2075 fuerit,
1261 2025 1395 2063 videre
1419 2026 1512 2063 licet
1543 2040 1596 2064 ex
1619 2026 1702 2064 Sat.
1725 2027 1774 2074 2,
1801 2026 1851 2074 3,
1882 2026 1949 2067 92.

442 2095 514 2134 Od.
536 2097 576 2143 3,
597 2093 663 2143 24,
682 2092 750 2134 42.
772 2095 871 2130 aliis.
901 2093 1003 2129 Hinc
1021 2094 1115 2132 Juv.
1144 2093 1207 2142 14,
1231 2094 1323 2134 173.
1365 2092 1465 2130 Inde
1474 2091 1567 2142 sere
1585 2091 1774 2129 scelerum
1792 2104 1953 2136 causae,

440 2176 511 2200 neo
529 2162 656 2212 plura
683 2174 832 2198 venena
852 2161 1045 2206 Miscuit,
1080 2167 1154 2197 aut
1164 2160 1280 2211 ferro
1302 2166 1514 2209 grassatur
1533 2159 1690 2209 saepius
1707 2157 1838 2195 ullum
1854 2159 1954 2194 Hu-

441 2242 584 2266 manae
602 2230 743 2266 mentis
769 2227 927 2272 vitium,
960 2240 1081 2278 quam
1103 2240 1222 2264 saeva
1247 2226 1389 2276 cupido
1418 2226 1609 2264 Indomiti
1631 2239 1781 2263 census.
1837 2225 1950 2263 Ovid.

439 2298 544 2333 Fast.
566 2296 610 2343 1,
629 2296 725 2335 217.
754 2295 844 2332 Dat
860 2307 997 2330 census
1015 2293 1197 2339 honores,
1230 2294 1375 2332 Census
1391 2295 1610 2330 amicitias:
1632 2305 1789 2343 pauper
1809 2291 1953 2343 ubique

428 2366 554 2411 jacet.
586 2363 726 2400 Senec.
744 2361 869 2412 Epist.
897 2359 988 2400 115.
1017 2359 1178 2397 Sallust.
1199 2360 1282 2397 Cat.
1305 2361 1368 2409 12,
1384 2359 1450 2399 52.
1477 2361 1570 2409 Jug.
1590 2359 1656 2400 85.
1685 2360 1950 2399 Petron.119.

442 2431 521 2467 Cic.
547 2428 621 2467 Off.
652 2431 697 2477 1,
721 2429 761 2468 8.
818 2429 878 2464 De
902 2439 1022 2464 censu
1048 2427 1226 2463 Romano
1253 2426 1304 2464 ad
1331 2433 1485 2464 nostros
1513 2426 1682 2464 calculos
1705 2427 1829 2464 relato
1848 2427 1950 2463 bene

442 2495 544 2532 dixit
566 2497 772 2533 Meierotto
788 2495 849 2532 in:
889 2493 1007 2531 Uiber
1022 2493 1086 2529 die
1113 2493 1240 2530 Sitten
1257 2493 1344 2530 und
1354 2491 1573 2530 Lebensart
1590 2493 1659 2529 der
1673 2493 1832 2530 Ro'mer.
1859 2494 1891 2530 I.
1910 2507 1950 2544 p.

442 2563 495 2601 16
518 2574 604 2612 sqq.
633 2561 694 2598 ed.
725 2559 846 2602 1814.
902 2561 954 2597 Et
987 2572 1065 2612 quo
1102 2560 1228 2609 major
1251 2561 1323 2597 tali
1350 2573 1482 2597 rerum
1508 2558 1732 2597 conditione
1755 2558 1951 2598 honorum

441 2629 638 2666 contentio
660 2635 762 2676 erat,
802 2642 848 2666 eo
870 2628 1022 2679 turpior
1042 2625 1250 2664 videbatur
1276 2627 1456 2678 repulsa,
1493 2627 1536 2663 in
1558 2639 1679 2679 quam
1705 2638 1789 2664 rem
1816 2627 1951 2664 cicero

441 2694 552 2733 Offic.
575 2696 620 2742 1,
648 2696 724 2743 21,
751 2696 818 2735 71.
847 2695 1030 2732 videntur
1049 2693 1200 2731 labores
1229 2701 1265 2730 et
1289 2694 1502 2739 molestias,
1531 2700 1615 2730 tum
1639 2693 1898 2746 offensionum
1915 2700 1952 2730 et

440 2761 688 2810 repulsarum
704 2763 822 2811 quasi
839 2762 1044 2812 quandam
1063 2762 1322 2813 ignominiam
1344 2762 1475 2797 timere
1495 2767 1532 2796 et
1552 2761 1779 2811 infamiam.
1811 2758 1949 2797 Sidon.

440 2827 614 2878 Apollin.
644 2827 771 2863 Carm.
797 2828 835 2868 5.
867 2843 907 2880 p.
931 2831 1028 2870 287.
1084 2826 1296 2866 Ehnenh.:
1326 2829 1503 2878 tristique
1527 2827 1686 2877 repulsa
1704 2826 1800 2863 Non
1818 2826 1950 2863 mode-

440 2893 572 2931 randa
592 2892 718 2939 subis,
748 2908 849 2945 quae
868 2896 1114 2947 defendenda
1132 2895 1300 2947 putasti.
1360 2895 1444 2941 Quo
1473 2895 1606 2932 animo
1630 2894 1791 2932 tulerint
1814 2893 1944 2941 istam,
