2028 3268
728 1089 1598 1165 COMMENTARII

1138 1229 1191 1263 IN

512 1327 874 1375 HORA'rll
930 1326 1423 1376 EPISTOLAM
1474 1330 1821 1378 SEX'PAM

1013 1456 1192 1511 LIB.
1252 1457 1307 1508 1.

403 1767 558 1827 Nullus
587 1789 668 1825 sere
703 1787 818 1824 officii
850 1787 956 1825 locus
987 1795 1072 1840 est,
1102 1803 1211 1841 quem
1238 1803 1314 1829 non
1347 1803 1416 1828 sua
1450 1790 1510 1828 vel
1540 1791 1737 1828 verborum
1773 1791 1916 1828 festivi-

403 1861 502 1906 tate,
536 1855 596 1893 vel
626 1854 892 1892 sententiarum
925 1859 1108 1906 gravitate
1140 1859 1282 1895 ornarit
1313 1858 1504 1898 Horatius.
1558 1858 1602 1896 In
1638 1857 1707 1895 hac
1744 1857 1917 1908 Epistola

402 1925 523 1962 locum
546 1923 729 1973 quendam
755 1935 778 1958 a
810 1924 960 1961 smnmis
982 1924 1214 1975 philosophis
1238 1926 1445 1975 expositum
1467 1925 1521 1962 ita
1534 1925 1668 1975 aperit,
1696 1927 1738 1962 ut
1748 1924 1915 1975 philoso-

401 1993 514 2043 phum
532 2001 717 2040 agnoscas
738 1991 777 2024 et
794 1993 945 2038 poetam
957 1991 1098 2030 videas.
1131 1992 1201 2028 Est
1215 1992 1246 2028 is
1261 1991 1365 2029 locus
1385 1992 1433 2028 de
1451 2005 1602 2028 summo
1623 1991 1735 2029 bono.
1779 1991 1825 2030 In
1842 2003 1916 2041 quo

401 2058 598 2096 tractando
613 2060 739 2106 partes
758 2057 836 2105 agit
847 2058 959 2094 modo
973 2058 1200 2108 philosophi,
1212 2059 1275 2109 qui
1293 2071 1438 2096 omnem
1453 2058 1718 2096 beatitudinem
1733 2059 1770 2096 in
1786 2053 1916 2097 ἐθαυ-

403 2127 546 2179 μαστίᾳ
570 2125 678 2162 sitam
698 2124 834 2172 docet,
857 2125 968 2161 modo
994 2125 1151 2162 hominis
1175 2125 1356 2174 Romani,
1382 2125 1445 2175 qui
1467 2138 1645 2163 summum
1659 2126 1797 2164 bonum
1815 2125 1916 2162 vitae

403 2193 606 2231 commodis
633 2195 670 2228 et
691 2191 889 2240 praesidiis
903 2193 1066 2230 metitur.
1097 2193 1181 2237 Qua
1195 2193 1450 2242 quideminre
1463 2192 1488 2229 i.
1503 2205 1536 2230 e.
1549 2193 1589 2230 in
1601 2192 1843 2243 permixtione
1856 2195 1915 2229 at·-

402 2274 475 2311 que
506 2259 765 2309 conjunctione
790 2270 884 2307 quae
903 2259 1049 2295 videtur
1067 2271 1189 2296 rerum
1214 2259 1479 2297 contrariarum
1508 2260 1668 2297 cernitur
1685 2259 1824 2297 Poetae
1853 2272 1914 2296 ars

402 2333 513 2378 atque
545 2327 662 2363 virtus
687 2325 888 2362 scribendi.
944 2325 1049 2363 Haec
1081 2326 1134 2362 ita
1163 2326 1259 2375 fugit
1286 2326 1540 2376 interpretes,
1574 2329 1617 2363 ut
1652 2339 1728 2363 non
1759 2325 1914 2363 multum

401 2396 573 2441 abesset,
606 2396 648 2429 ut
688 2392 836 2441 quidam
865 2395 1072 2429 monstrum
1114 2393 1294 2431 dicerent.
1350 2393 1465 2431 Nulla
1507 2394 1605 2430 enim
1642 2392 1801 2442 epistola
1840 2395 1913 2441 est,

398 2463 437 2498 in
467 2474 540 2510 qua
570 2460 807 2510 explicanda,
841 2458 919 2495 sive
949 2458 980 2495 si
1010 2471 1208 2507 summam,
1246 2459 1326 2496 sive
1358 2459 1388 2495 si
1424 2458 1569 2508 singula
1595 2459 1797 2508 respicias,
1843 2459 1914 2495 viri

401 2529 503 2564 docti
533 2528 570 2564 in
598 2531 674 2564 tam
701 2527 824 2563 varias
854 2530 894 2562 et
921 2538 1042 2576 paene
1071 2527 1275 2563 contrarias
1294 2528 1423 2574 partes
1452 2537 1560 2574 quam
1586 2525 1624 2562 in
1646 2525 1716 2562 hac
1738 2524 1911 2563 abierint.

401 2595 478 2631 Sed
505 2594 595 2630 illud
627 2597 729 2630 ante.
777 2592 896 2630 Poeta
915 2594 1030 2642 igitur
1059 2604 1237 2628 summum
1263 2591 1399 2628 bonum
1427 2591 1620 2628 constituit
1647 2605 1692 2630 ex
1712 2605 1778 2641 ea,
1803 2603 1912 2642 quam

401 2664 439 2697 et
467 2662 548 2710 ipse
577 2661 647 2697 sibi
678 2660 785 2696 finxit
813 2662 852 2697 et
889 2672 998 2708 quam
1031 2658 1164 2708 vulgus
1194 2657 1379 2695 hominum
1416 2658 1560 2708 fingere
1594 2658 1712 2708 solet,
1751 2659 1908 2696 ratione.

398 2727 607 2776 Utrumque
649 2730 772 2763 autem
812 2726 907 2763 mira
949 2729 1030 2762 arte
1065 2725 1266 2774 permiscet
1309 2726 1348 2759 et
1387 2725 1580 2775 conjungit
1621 2725 1822 2773 Horatius,
1869 2726 1911 2761 ut

400 2793 558 2843 simplex
586 2794 775 2830 dumtaxat
794 2792 861 2829 fiat
889 2795 928 2829 et
954 2803 1078 2830 unum.
1137 2792 1221 2836 Quo
1249 2791 1387 2827 factum
1417 2794 1498 2840 est,
1526 2795 1568 2828 ut
1599 2804 1693 2841 quae
1719 2791 1766 2828 ad
1792 2790 1908 2828 ratio-

398 2873 484 2897 nem
510 2860 698 2897 scribendi
724 2859 981 2908 pertinerent,
1010 2869 1195 2908 personae
1222 2858 1248 2894 i.
1278 2870 1311 2894 e.
1371 2856 1561 2895 Numicio
1589 2859 1807 2895 tribuerent.
1858 2855 1910 2894 At

399 2925 591 2977 Epistola,
633 2929 675 2962 ut
715 2937 798 2962 mea
831 2925 980 2975 quidem
1019 2926 1097 2962 fert
1134 2923 1286 2974 opinio,
1325 2925 1458 2962 eodem
1489 2925 1600 2962 modo
1632 2924 1812 2975 inscripta
1849 2927 1909 2961 est
