2028 3268
283 265 656 307 COMMENTARH
683 267 740 306 IN
768 265 993 326 HORATn
1023 266 1199 306 EPIST.
1227 267 1372 306 PRIM.
1403 268 1505 308 LIB.
1533 270 1564 309 1.
1641 265 1696 309 97

149 380 314 420 facetias
333 393 452 433 aegre
476 380 599 418 ferret
622 387 744 434 atque
760 378 946 419 homines
964 379 1070 418 infra
1095 393 1139 418 se
1164 381 1318 432 positos
1343 381 1448 419 tristi
1468 379 1697 434 repudiaret

149 450 270 488 fastu.
328 450 390 487 ef.
414 450 458 487 C.
477 450 644 487 Passov.
662 451 710 487 N.
735 448 848 498 239„
872 448 1002 486 Klotz.
1024 449 1152 486 Lectt.
1173 451 1322 488 Venus.
1344 463 1386 501 p.
1407 450 1530 500 391„
1555 452 1695 489 Mauso

146 519 193 557 in
212 516 465 569 Nachtriigen
484 531 536 555 zu
554 517 716 556 Sulzers
734 515 885 556 Theor.
908 517 976 556 IV.
992 517 1034 556 2·
1057 529 1096 567 p·
1115 516 1368 568 489—492.,
1387 519 1550 557 Jacobs.
1562 520 1695 558 Verm.

147 584 314 626 Schrift.
331 588 378 626 V.
395 598 438 637 p.
462 585 559 626 111.
586 607 638 613 —
659 593 777 624 curat
797 585 936 637 capill.
980 586 1090 632 Quae
1110 584 1219 636 apud
1237 587 1442 626 Romanos
1461 586 1582 639 hujus
1602 589 1697 640 qui-

146 652 241 692 dem
261 655 350 692 aevi
370 666 464 692 cura
485 654 723 705 capillorum
738 655 872 704 fuerit,
893 654 1014 692 multi
1031 659 1230 691 testantur
1244 655 1336 704 loci,
1356 662 1402 693 ut
1414 656 1498 694 Sat.
1520 657 1556 705 1,
1572 656 1613 706 3,
1625 657 1694 698 31.

143 723 244 776 ibiq.
264 721 435 772 Heind.‚
470 723 644 775 interpp.
664 722 716 761 ad
735 722 810 762 Od.
837 724 885 772 1,
912 724 988 771 12,
1016 720 1086 764 41.
1103 751 1113 770 ‚
1145 722 1288 761 Senec.
1316 723 1366 761 de
1389 726 1470 763 Vit.
1499 724 1539 763 b.
1564 726 1632 766 12.
1656 731 1696 763 et

143 791 341 843 Bottigeri
359 791 509 830 Sabina
532 805 574 844 p.
603 792 691 833 330
718 803 831 844 sqq-3
860 790 910 829 de
931 791 1129 829 vocabulo
1148 804 1270 828 curae
1290 793 1333 829 in
1351 789 1429 830 hac
1451 806 1493 830 re
1512 794 1695 832 usitatis-

143 861 247 898 simo
267 859 352 898 vid.
373 867 532 912 praeter
551 873 643 909 eos,
666 860 737 912 qui
758 873 879 912 supra
902 858 1058 898 laudati
1078 865 1194 908 sunt,
1227 858 1414 897 Schwab.
1442 859 1495 898 ad
1519 859 1694 900 Phaedr.

143 930 185 979 2,
200 930 241 978 2,
261 928 315 978 8.,
335 930 474 967 Burm.
494 928 546 966 ad
565 929 654 967 val.
673 929 736 966 Fl.
754 929 796 977 8,
818 927 917 969 238.
941 935 982 966 et
1004 927 1057 966 ad
1071 929 1235 966 Petron.
1259 929 1354 969 107.
1414 930 1547 976 Quum
1571 929 1694 970 deco-

144 1010 234 1035 rum
252 1004 369 1047 esset,
400 999 567 1049 capillos
586 995 735 1035 habere
754 996 978 1049 aequaliter
998 1003 1150 1044 tonsos,
1176 996 1479 1048 vituperabatur
1495 1000 1694 1051 inaequa-

142 1065 195 1103 lis
216 1072 374 1120 tonsor,
409 1079 532 1119 quem
552 1079 625 1117 per
655 1066 947 1117 metonymiam
965 1078 1039 1117 pro
1073 1064 1283 1116 inaequali
1308 1071 1473 1103 tonsura
1492 1073 1539 1104 ut
1563 1068 1694 1119 Epist.

143 1133 210 1183 19,
241 1135 307 1175 13.
335 1135 511 1186 positum
537 1134 673 1172 minus
699 1140 805 1171 recte
833 1132 986 1171 dicunt.
1044 1131 1135 1172 Vid.
1157 1132 1209 1171 ad
1231 1146 1325 1170 eum
1343 1134 1480 1172 locum
1508 1135 1690 1175 Schmid.

139 1203 304 1240 Nullam
320 1201 389 1240 hic
408 1215 582 1254 agnosco
605 1203 912 1255 metonymiam.
941 1203 1086 1251 Locus,
1113 1214 1348 1254 quanquam
1361 1205 1567 1254 praevalet
1581 1205 1693 1244 notio

138 1270 408 1320 instrumenti,
429 1270 482 1309 ad
499 1284 568 1309 eos
583 1271 770 1323 pertinet,
794 1284 896 1323 quos
914 1283 1034 1323 saepe
1052 1270 1218 1308 vexavit
1229 1271 1495 1322 interpretum
1510 1285 1693 1322 acumen,

139 1345 187 1376 ut
207 1338 282 1378 Od.
304 1341 348 1389 1,
369 1340 420 1389 6,
448 1341 490 1381 2.
553 1338 748 1377 Scriberis
773 1339 895 1378 Vario
912 1361 968 1366 —
991 1338 1106 1384 alite,
1134 1351 1216 1376 non
1249 1338 1355 1376 aliti.
1417 1340 1530 1379 Alios
1555 1342 1693 1393 plures

139 1408 325 1459 congessi
350 1409 393 1445 in
416 1407 606 1447 Seebodii
627 1406 791 1447 Archiv.
823 1407 1001 1449 1831-
1017 1408 1060 1447 2.
1083 1408 1115 1444 Ι.
1133 1406 1175 1447 3.
1194 1419 1236 1457 p-
1263 1404 1384 1456 456„
1419 1410 1565 1461 quibus
1588 1410 1692 1449 adde

137 1474 264 1514 Bach.
287 1475 341 1513 ad
361 1476 477 1515 Ovid.
498 1478 596 1515 Met.
616 1479 657 1526 7,
678 1476 748 1517 50.
771 1483 810 1514 et
830 1477 882 1514 cf.
903 1476 1027 1513 Kritz.
1055 1474 1108 1513 ad
1126 1475 1294 1514 Sallust.
1307 1476 1347 1513 J.
1360 1476 1430 1525 21,
1445 1477 1487 1518 3.
1502 1501 1560 1507 —
1580 1480 1691 1526 Quo-

136 1543 260 1584 modo
284 1546 496 1583 Maecenas
517 1544 567 1583 de
589 1543 710 1596 hujus
741 1545 798 1582 rei
819 1545 1068 1595 negligentia
1086 1545 1277 1592 senserit,
1314 1544 1459 1594 conjici
1485 1553 1618 1598 potest
1638 1561 1691 1586 ex

135 1613 276 1665 Vellej.
293 1615 335 1663 2,
353 1613 423 1655 88.
454 1613 544 1651 Otio
561 1626 612 1650 ae
631 1612 814 1651 nwllitiis
814 1626 949 1664 paene
960 1612 1070 1650 ultra
1077 1612 1286 1664 seminam
1294 1605 1470 1662 fluens-4
1490 1621 1531 1652 et
1545 1615 1688 1654 Senec.

98 1710 103 1716 .
134 1683 265 1734 Epist.
287 1680 384 1723 114.
421 1681 625 1732 Quomodo
651 1682 872 1719 Maecenas
891 1682 1050 1728 vixerit,
1075 1682 1209 1719 notius
1230 1688 1288 1719 est
1317 1695 1442 1733 quam
1467 1690 1513 1720 ut
1528 1687 1693 1722 narrari

135 1765 247 1789 nunc
279 1750 444 1797 debeat,
485 1749 678 1804 quomodo
706 1749 994 1796 ambulaverit,
1029 1763 1154 1802 quam
1189 1749 1388 1788 delicatus
1410 1749 1570 1801 suerit,
1611 1759 1688 1791 etc.

135 1819 637 1861 Cf.Meibom.Maecen.c.
659 1820 727 1860 19.
740 1820 810 1861 20.
837 1819 1122 1870 Praeposteros
1140 1819 1287 1857 talium
1311 1832 1457 1868 rerum,
1481 1827 1528 1857 ut
1538 1825 1691 1873 κουρᾶς

134 1886 205 1928 καὶ
235 1883 468 1941 ἀμπεχόνης
495 1886 802 1939 reprehensores
834 1888 1013 1939 exagitat
1038 1886 1246 1926 Plutarch.
1272 1887 1322 1926 de
1354 1886 1479 1926 Adul.
1503 1895 1543 1926 et
1567 1892 1687 1928 amic.

136 1955 254 1994 discr.
277 1958 344 1996 VI.
367 1971 407 2009 p.
430 1958 528 1998 219.
557 1960 623 2007 R„
656 1970 779 2010 quem
799 1957 936 1996 locum
961 1969 1054 1994 cum
1079 1958 1300 1995 Horatiano
1325 1958 1574 2010 comparavit
1595 1960 1688 1997 Mu·-

136 2031 244 2063 retus
261 2025 305 2062 in
326 2027 419 2064 Var.
438 2027 568 2063 Lectt.
591 2027 658 2075 11,
685 2025 752 2068 15.

248 2095 297 2132 V.
320 2092 503 2134 95—96.
541 2093 711 2131 Occurri
726 2117 783 2123 —
801 2093 942 2131 Rides.
985 2094 1120 2140 Quum
1133 2092 1335 2130 subucula
1354 2094 1450 2131 trita
1462 2101 1688 2146 opponatur

135 2162 296 2199 tunicae
301 2174 449 2212 pexae,
459 2161 560 2200 haec
576 2164 664 2214 ipsa
676 2169 737 2200 est
752 2163 890 2199 tunica
897 2160 1042 2198 villosa
1053 2173 1124 2198 seu
1132 2160 1261 2210 spi-ssa
1270 2162 1336 2198 vel
1345 2161 1469 2199 densa
1481 2175 1543 2214 ap.
1552 2163 1687 2201 Plaut.

133 2229 255 2282 Epid.
274 2231 314 2279 2,
327 2231 367 2278 2,
385 2227 456 2270 46.
481 2238 520 2268 et
537 2232 641 2269 Plin.
652 2233 704 2269 H.
719 2232 768 2268 N.
784 2230 836 2270 11
849 2258 859 2278 ‚
874 2229 944 2269 23.
957 2241 989 2267 s.
1004 2229 1074 2268 27.
1091 2228 1266 2279 [pinguis
1278 2230 1487 2270 tun.Mart.
1503 2228 1571 2279 14,
1589 2229 1686 2271 143.

132 2296 226 2348 Bk.]
239 2296 349 2350 quod
356 2305 448 2349 post
459 2300 572 2348 alios,
591 2306 638 2337 ut
654 2298 835 2336 Turneb.
854 2295 958 2334 Adv.
973 2294 1013 2345 5,
1030 2293 1096 2337 14.
1107 2303 1149 2333 et
1158 2297 1291 2345 Torr.‚
1304 2303 1410 2334 recte
1423 2297 1685 2336 observarunt

130 2367 271 2404 Burm.
291 2365 343 2404 ad
353 2367 464 2404 Grat.
477 2368 629 2420 Cyneg.
639 2366 738 2407 273.
751 2372 790 2403 et
806 2362 1088 2403 Doederlinius
1105 2364 1149 2401 in
1166 2363 1268 2415 Syn.
1286 2366 1353 2403 IV.
1367 2378 1409 2417 p.
1419 2362 1519 2405 439.
1555 2366 1685 2412 Quare

130 2435 332 2474 notandus
344 2441 404 2473 est
417 2437 587 2475 Acronis
600 2448 709 2474 error
723 2434 903 2472 tunicam
919 2431 971 2470 ad
980 2433 1084 2470 talos
1102 2429 1320 2470 demissam
1328 2433 1607 2484 intelligentis.
1634 2436 1682 2472 In

131 2515 218 2540 rem
241 2502 410 2541 laudant
433 2505 551 2543 Mart.
581 2507 658 2557 Ep.
683 2504 733 2551 2,
765 2500 832 2542 58.
890 2502 1070 2539 Pexatus
1081 2499 1256 2550 pulchre
1284 2500 1391 2538 rides
1413 2514 1520 2547 mea,
1551 2502 1682 2549 Zoile,

131 2572 241 2608 trita.
275 2571 336 2609 De
356 2571 556 2610 subucula
571 2574 679 2624 ipsa,
708 2571 898 2608 interiore
922 2570 1060 2607 tunica
1083 2569 1293 2621 utriusque
1317 2582 1439 2608 sexus
1460 2571 1680 2619 communi,

129 2637 214 2679 vid.
233 2639 427 2690 Bo'ttigeri
450 2640 588 2681 Sabin.
617 2655 659 2693 p.
691 2639 790 2681 375.
818 2645 858 2676 et
884 2637 1049 2677 omnino
1073 2635 1122 2674 de
1155 2638 1295 2675 tunica
1313 2638 1505 2676 Romana
1525 2639 1680 2677 Manut.

131 2703 183 2743 de
201 2706 375 2753 Quaesit.
406 2721 479 2759 per
496 2708 624 2760 Epist.
655 2707 703 2757 3,
735 2709 778 2748 2.
810 2708 854 2744 in
883 2707 999 2744 Grut.
1031 2706 1174 2756 Lamp.
1206 2706 1293 2744 crit.
1315 2708 1383 2744 IV.
1411 2719 1453 2758 p.
1481 2705 1565 2747 289
1584 2719 1678 2759 sqq.

128 2775 226 2813 Jam
249 2772 462 2814 hominum
487 2775 750 2814 delicatorum
775 2782 880 2824 erat,
912 2773 1067 2812 duabus
1091 2773 1152 2810 uti
1170 2774 1331 2823 tunicis,
1361 2773 1444 2812 vid.
1467 2775 1607 2813 Burm.
1627 2774 1678 2813 ad

129 2840 254 2880 Anth.
268 2843 340 2880 lat.
357 2845 388 2883 Ι.
406 2857 445 2895 p.
459 2843 558 2884 265.
575 2850 615 2882 et
624 2845 797 2896 interpp.
818 2842 868 2881 ad
883 2845 1039 2894 Evang.
1050 2842 1172 2878 Marc.
1185 2842 1226 2891 6,
1242 2843 1284 2882 9.
1313 2842 1511 2880 Similiter
1523 2856 1680 2895 pauper

128 2911 341 2949 materiam
366 2912 550 2962 jocorum
576 2914 762 2952 omnibus
797 2911 963 2964 praebet
991 2923 1056 2962 ap.
1090 2909 1187 2947 Juv.
1220 2909 1273 2960 3,
1303 2908 1399 2952 147.
1427 2911 1465 2948 si
1479 2910 1611 2961 jbeda
1640 2918 1678 2947 et

129 2980 253 3016 scissa
264 2979 428 3017 lacerna
438 3006 455 3025 ,
489 2979 537 3018 Si
552 2986 646 3032 toga
671 2980 882 3020 sordidula
909 2986 980 3016 est.
1012 3000 1068 3006 —-
1092 2985 1188 3031 toga
1210 2977 1376 3016 dissidet
1406 2981 1553 3031 impar.
1615 2980 1676 3016 lta

184 3043 332 3080 Hom-r.
357 3044 389 3080 I.
1371 3042 1396 3085 7
