2028 3268
415 238 499 280 204
549 239 927 280 COMMENTARII
954 237 1012 276 IN
1029 236 1255 276 HORATII
1289 237 1386 279 LIB.
1406 239 1435 278 Ι.
1466 239 1630 280 EPIST.
1658 239 1816 281 TERT.
1875 239 1927 280 14

414 361 562 411 quidem
582 360 870 399 Scholiastarum
887 359 1140 409 explicationi,
1169 360 1236 396 sed
1257 366 1380 397 turres
1401 361 1665 411 interpretatur
1682 361 1828 398 moenia
1851 363 1930 398 tur-

414 429 506 478 rita,
531 429 628 466 inter
655 438 750 475 quae
779 427 914 462 fretum
943 427 1143 463 cucurrerit
1166 426 1309 463 collatis
1338 427 1411 465 od.
1441 425 1482 476 4,
1509 429 1548 478 6,
1577 430 1617 469 7.
1677 429 1786 466 ovid.
1803 425 1930 465 Amor.

414 494 455 543 3,
481 496 521 543 8,
552 492 618 532 48.
646 497 684 529 et
706 493 828 543 Epist.
847 505 891 529 ex
907 491 1019 530 Pont.
1038 493 1077 542 3,
1105 490 1144 541 4,
1176 493 1267 532 105.
1326 491 1384 530 De
1401 505 1470 529 usu
1486 507 1564 531 voc.
1587 496 1705 531 turris
1723 499 1761 532 et
1780 491 1931 548 πύργος

413 561 515 610 apud
534 563 676 597 veteres
695 560 893 609 scriptores
922 559 1029 598 obvio
1057 559 1131 596 vid.
1161 559 1242 594 Fea
1271 559 1320 595 ad
1341 559 1415 597 od.
1436 559 1475 609 3,
1502 560 1568 610 29,
1596 561 1661 602 10.
1716 561 1863 601 Ernest.
1882 561 1932 598 ad

413 628 567 664 Sueton.
598 625 686 663 Ner.
711 626 778 665 38.
829 626 1003 666 Wernsd.
1031 627 1079 663 ad
1109 624 1214 662 Poet.
1242 624 1328 662 Lat.
1348 625 1395 662 II.
1423 640 1461 676 p.
1487 625 1564 667 512
1597 631 1636 665 et
1665 640 1758 676 quos
1775 628 1932 666 laudant

415 692 595 730 Kainoel.
621 693 670 730 ad
693 691 838 742 Evang.
864 691 954 729 Luc.
975 691 1051 741 13,
1081 689 1121 731 4.
1149 695 1187 728 et
1210 691 1400 728 Schleusn.
1418 691 1541 729 Lexic.
1563 692 1611 730 N.
1633 692 1684 734 N.
1705 707 1741 731 v.
1769 690 1930 746 πύργος.

413 759 475 798 Cf.
503 759 629 799 Nann.
658 759 765 796 Misc.
794 757 842 808 4,
874 759 940 799 17.
970 759 1007 794 in
1030 758 1140 795 Grut.
1167 757 1302 809 Lamp.
1324 759 1404 796 crit.
1427 758 1455 796 I.
1482 771 1518 808 p.
1539 758 1660 800 1285.
1701 759 1855 798 Becker.
1882 761 1931 797 ad

413 825 512 862 Gall.
532 825 582 864 II.
610 839 647 876 p.
667 822 731 864 54.
769 824 932 862 Verbum
955 829 1079 862 autem
1109 826 1307 861 currentia
1335 838 1380 862 ex
1403 825 1467 862 illo
1491 825 1686 862 Strabonis
1715 826 1795 864 loco
1824 837 1931 863 suum

413 893 639 930 intellectum
655 892 815 942 habere,
841 893 901 930 vix
930 895 987 929 est
1005 891 1106 940 quod
1134 891 1303 929 indicem.
1361 891 1419 928 De
1438 893 1568 929 eodem
1583 892 1836 943 phaenomeno
1856 893 1930 929 dis-

412 964 522 1011 putat
546 961 652 1003 Fm,
682 972 791 1007 quem
818 960 918 999 vide.
974 958 1067 995 Inde
1092 957 1234 998 Lucan.
1261 960 1309 1009 2,
1338 959 1431 1000 675.
1457 959 1614 1010 fretum
1637 959 1772 1009 rapidi
1789 957 1932 995 Helle-

412 1027 554 1076 sponti.
588 1026 670 1063 Val.
687 1025 746 1065 Fl.
767 1027 815 1074 2,
841 1022 937 1065 614.
974 1025 1200 1075 mediasque
1229 1026 1439 1063 intervolat
1457 1026 1597 1072 urbes,
1638 1026 1728 1075 Qua
1753 1024 1932 1062 brevibus

400 1095 513 1145 furit
546 1093 663 1143 aquds
695 1099 826 1128 aestas
835 1119 852 1136 ,
880 1091 1104 1142 Asiamque
1123 1099 1363 1141 prementem
1384 1092 1544 1144 Effugit
1567 1091 1746 1141 abruptis
1768 1093 1932 1141 Europa

411 1161 624 1197 immanior
645 1160 736 1195 oris.
806 1158 977 1194 Orellius
1003 1158 1094 1195 scite
1120 1163 1312 1209 comparat
1329 1159 1466 1196 Catull.
1483 1157 1550 1209 64,
1578 1159 1671 1200 358.
1690 1162 1729 1196 et
1745 1158 1932 1195 Eichstcc-

413 1229 502 1266 dius
522 1227 590 1279 (ad
610 1239 682 1264 van
701 1226 861 1262 Ommer.
881 1222 1029 1274 p.218)
1046 1224 1207 1262 Brunck.
1228 1224 1338 1262 Anal.
1356 1225 1422 1263 ΙΙΙ.
1451 1238 1490 1275 p.
1510 1223 1604 1264 148.
1631 1223 1679 1263 N.
1703 1225 1876 1274 XXVIII,
1894 1226 1931 1264 8.

524 1294 569 1332 V.
608 1293 646 1333 5.
709 1292 784 1329 An
809 1314 867 1320 -
903 1297 1119 1328 morantur.
1179 1291 1426 1329 Fertilitatem
1458 1292 1792 1340 amoenitatemque
1822 1291 1932 1328 Asiae

413 1362 563 1399 minoris
591 1359 702 1411 (Tac.
725 1362 822 1396 Ann.
841 1358 886 1407 3,
913 1355 994 1408 7.),
1022 1369 1135 1406 quam
1156 1358 1284 1395 Cicero
1305 1371 1373 1409 pro
1396 1358 1468 1408 leg.
1487 1358 1614 1396 Manil.
1640 1359 1677 1397 6.
1695 1358 1853 1396 oratorie
1871 1370 1932 1395 ex-

414 1429 565 1478 planat,
590 1440 665 1464 uno
694 1427 770 1463 fere
795 1425 974 1474 Epitheto
994 1425 1169 1462 describit
1194 1424 1331 1462 Poeta:
1369 1426 1540 1475 pingues
1568 1427 1701 1475 campi
1724 1425 1928 1475 collesque.

414 1495 476 1531 Sic
493 1494 642 1533 Lucret.
663 1494 702 1542 5,
723 1490 844 1532 1247.
877 1493 969 1542 agri
980 1492 1168 1542 pingueis
1177 1506 1194 1538 ;
1223 1491 1327 1541 Virg.
1350 1492 1418 1529 Ge.
1437 1489 1476 1542 4,
1500 1493 1591 1533 118.
1607 1494 1781 1544 pingues
1800 1491 1904 1528 lzorti
1917 1506 1932 1537 ‚-

415 1561 500 1598 Tib.
519 1562 559 1610 3,
582 1561 621 1608 3,
643 1561 706 1599 12.
747 1561 924 1608 pinguia
944 1572 1057 1595 αννα.
1095 1559 1155 1598 Cf.
1175 1558 1257 1595 Val.
1276 1558 1332 1596 Fl.
1354 1556 1393 1604 4,
1423 1559 1487 1597 99.
1506 1560 1546 1608 7,
1571 1559 1663 1598 607.
1681 1562 1720 1596 et
1739 1558 1835 1596 Hor·
1857 1557 1932 1596 Od-

415 1629 455 1676 2,
478 1628 542 1676 12,
562 1628 628 1666 22.
649 1626 687 1674 1,
710 1625 776 1675 31,
794 1623 831 1662 4.
848 1625 937 1674 ibiq.
960 1625 1045 1662 Fea.
1065 1625 1165 1662 Hinc
1185 1625 1306 1661 ditem.
1325 1624 1471 1661 Asiam
1496 1626 1734 1676 praedicant,
1758 1629 1801 1661 ut
1819 1624 1932 1673 Prop.

417 1695 464 1743 1,
499 1695 546 1742 6,
580 1690 644 1731 14.
677 1696 715 1728 et
744 1691 862 1728 Avien
889 1693 1005 1728 deser.
1035 1691 1125 1729 orb.
1155 1691 1202 1728 T.
1227 1691 1321 1730 696.
1383 1691 1612 1728 Schmidias
1637 1704 1739 1730 meus
1759 1703 1804 1728 ex
1819 1690 1933 1728 verbo

414 1760 597 1797 morandi
617 1763 731 1807 atque
752 1758 879 1795 ultimo
899 1772 1008 1796 versu
1029 1759 1163 1796 amicos
1182 1770 1226 1795 ex
1247 1756 1422 1794 Armenia
1454 1758 1670 1807 redeuntes,
1701 1758 1763 1806 qui
1793 1757 1933 1794 reditus

413 1829 453 1865 in
469 1827 627 1864 eundem
642 1838 778 1863 annum
796 1825 852 1862 vel
869 1826 907 1862 in
926 1826 1069 1862 initium
1096 1825 1182 1861 anni
1207 1824 1395 1872 sequentis
1415 1824 1603 1873 inciderit,
1633 1825 1783 1861 indicari
1804 1825 1934 1874 opina-

415 1899 488 1934 tur.
545 1893 598 1931 At
628 1892 763 1930 nollem
790 1892 938 1929 factum.
995 1891 1112 1929 Poeta
1136 1891 1232 1927 enim
1258 1891 1330 1928 hoc
1359 1891 1507 1938 quidem
1526 1891 1792 1928 sententiarum
1807 1891 1935 1927 ordine

415 1962 505 1999 nihil
524 1960 622 1998 aliud
639 1959 708 1996 nisi
726 1959 795 1995 hoc
812 1958 892 1995 vult
914 1959 1052 1995 dicere:
1089 1957 1260 1994 Tiberius
1283 1955 1526 1993 Thraciamne
1545 1961 1790 2008 pervagatur,
1829 1969 1877 1993 an
1898 1957 1935 1993 in

414 2029 665 2079 Hellesponto
691 2030 877 2074 moratur,
914 2038 962 2061 an
997 2024 1146 2075 penitus
1173 2024 1316 2073 trajecit
1351 2023 1549 2060 exercitum
1580 2024 1618 2060 in
1647 2023 1805 2061 Asiam?
1859 2023 1936 2060 Res

416 2100 539 2134 autem
557 2094 719 2132 diversas
739 2105 812 2129 uno
831 2091 979 2128 inclusit
999 2090 1183 2127 morandi
1198 2090 1324 2129 verbo.
1385 2091 1625 2140 Quapropter
1650 2102 1727 2128 non
1758 2102 1847 2128 sane
1871 2091 1935 2127 ab-

415 2164 531 2200 surda
560 2161 706 2199 videtur
726 2158 922 2208 Rappoln·
953 2157 1010 2208 (p.
1034 2156 1135 2208 513)
1165 2158 1373 2206 sententia,
1404 2169 1479 2205 qua
1497 2157 1678 2194 Horatius
1702 2161 1800 2194 tecte
1821 2157 1937 2206 signi-

417 2229 537 2267 ficarit
553 2226 710 2264 Asianas
727 2226 874 2263 delicias
898 2224 1022 2261 multis
1041 2224 1127 2261 olim
1149 2225 1374 2274 perniciosas
1402 2224 1513 2274 (Tac.
1539 2221 1663 2272 Agric.
1689 2223 1738 2273 6,
1768 2224 1806 2262 3.
1836 2223 1936 2261 Flor.

419 2297 459 2345 3,
486 2296 550 2335 12.
578 2294 715 2332 Justin.
742 2293 817 2342 38,
845 2294 894 2342 7,
927 2293 966 2331 6.
988 2292 1065 2340 36,
1090 2288 1139 2339 4,
1167 2291 1232 2330 12.
1260 2290 1342 2330 Val.
1362 2291 1462 2330 Max.
1482 2292 1521 2339 2,
1545 2290 1584 2338 6,
1609 2289 1659 2338 1.‚
1685 2289 1818 2338 quibus
1840 2290 1938 2327 adde

419 2362 574 2401 Sallust.
598 2361 686 2400 Cat.
707 2361 780 2409 11,
805 2360 829 2399 5
852 2358 950 2408 sq.),
987 2362 1028 2395 ut
1048 2359 1196 2394 moran·
1217 2358 1268 2394 sit
1288 2357 1425 2395 deliciis
1443 2357 1519 2393 suis
1543 2356 1706 2393 detinere
1725 2368 1768 2393 ac
1787 2356 1938 2395 delinire

419 2429 564 2468 Claudii
586 2428 794 2465 exercitum.

531 2495 578 2532 V.
599 2495 636 2533 6.
671 2493 780 2542 Quid
802 2514 859 2520 —-
878 2504 984 2527 curo,
1044 2488 1218 2526 Declarat
1244 2489 1354 2538 Hor.,
1387 2501 1428 2525 se
1450 2501 1526 2525 non
1543 2487 1686 2538 solum,
1714 2487 1778 2525 ubi
1797 2487 1937 2526 Tiberii

420 2564 525 2601 amici
551 2563 712 2611 degant,
745 2559 840 2597 scire
858 2558 973 2606 velle,
1004 2557 1071 2594 sed
1091 2556 1200 2593 etiam
1221 2555 1311 2603 quid
1328 2555 1507 2592 bonarum
1529 2556 1663 2592 artium
1681 2558 1843 2593 tractent
1861 2567 1938 2592 me-

419 2630 668 2677 ditenturque.
727 2627 879 2677 Optimo
914 2625 1027 2674 igitur
1057 2624 1139 2673 jure
1169 2621 1376 2669 Bentlejzm
1402 2623 1623 2672 scripturam
1659 2622 1734 2659 hoc
1762 2622 1938 2670 restituit,

419 2709 533 2745 quum
567 2695 663 2731 haec
675 2722 690 2739 ,
731 2705 826 2742 quae
855 2693 904 2730 ad
929 2704 972 2728 ea
998 2703 1094 2740 quae
1126 2693 1331 2738 sequuntur
1350 2701 1395 2725 ex
1423 2701 1490 2726 sua
1517 2690 1633 2739 ipsius
1671 2688 1937 2739 significatione

419 2762 614 2799 referenda
641 2765 699 2798 est
720 2759 784 2812 (cf.
803 2759 926 2798 Hand.
947 2759 996 2795 ad
1019 2757 1156 2808 Wopk‚
1171 2754 1294 2793 Lectt.
1314 2755 1414 2795 Tull.
1437 2769 1474 2806 p.
1499 2753 1583 2807 24),
1611 2755 1938 2805 interrogationem

419 2827 635 2865 indirectam
667 2827 842 2878 postulet.
900 2825 1044 2871 Quodsi
1061 2823 1317 2862 Hoclzederus
1342 2835 1376 2859 v.
1398 2836 1557 2872 operum
1582 2834 1626 2860 ex
1646 2821 1820 2860 Pronom.
1842 2821 1942 2872 quid

421 2897 460 2931 et
484 2891 572 2943 Adj.
599 2894 776 2932 studiosa
801 2898 931 2946 aptum
960 2905 1043 2930 esse
1063 2891 1152 2929 dicit
1166 2917 1178 2940 ,
1222 2903 1292 2940 ego
1319 2890 1489 2940 quidem,
1522 2901 1733 2940 quanquam
1753 2888 1838 2928 talis
1857 2901 1938 2926 ver-
