2028 3268
325 238 405 280 146
434 242 800 281 COMMENTARII
825 244 879 278 IN
907 242 1125 279 HORATII
1145 241 1317 279 EPIST.
1340 242 1553 281 SECUND.
1575 245 1675 283 LIB.
1694 246 1722 282 Ι.
1781 242 1836 284 40

320 352 469 390 sedavit
487 359 644 403 pectore
667 351 822 388 turbam
832 378 849 396 ‚
879 359 918 388 et
946 365 983 393 v.
1004 351 1096 391 175.
1132 351 1237 401 Quos
1247 354 1371 399 juxta
1387 353 1502 400 fidus
1523 353 1671 390 sollerti
1682 360 1837 403 pectore

321 419 464 456 Nestor
499 419 740 468 Consilioque
766 424 917 467 potens.
951 416 1158 469 (Wernsd.
1179 419 1243 456 IV.
1261 432 1300 469 p·
1321 417 1415 459 634.
1445 420 1558 470 638.)
1614 421 1834 458 Luculenta

321 484 369 523 de
400 492 566 537 utraque
596 485 741 522 virtute
761 484 988 522 testimonia
1013 485 1172 535 collegit
1192 486 1260 522 Vir
1281 485 1350 522 ille
1369 486 1463 523 olim
1482 489 1713 535 Nestoreus,
1742 485 1833 525 Chr.

319 553 367 588 D.
385 551 506 589 Beck.
523 553 565 588 in
584 539 720 600 Progr.
732 579 742 598 ,
773 550 881 602 quod
899 551 1146 588 Decennalia
1180 551 1228 589 V.
1261 551 1453 589 ,Pl-iderici
1468 552 1650 604 Augusti
1669 561 1744 591 etc.
1767 567 1834 591 ce-

319 618 507 655 lebranda
538 617 676 655 indicit
706 617 816 668 Lips.
853 617 981 667 1818,
1023 630 1195 669 quocum
1223 619 1273 656 cf.
1297 620 1423 669 Ilgen.
1449 620 1591 670 Opusc.
1623 618 1771 658 Philol.
1803 623 1834 658 Ι.

318 698 358 735 p.
385 685 438 724 89
463 698 549 735 sqq.
581 683 665 735 (De
687 684 851 720 Nestore
857 684 1090 734 felicissimi
1116 686 1217 722 senis
1236 685 1427 735 exemplo)
1459 691 1497 722 et
1513 685 1669 724 Mitsch.
1688 686 1739 724 ad
1761 686 1834 725 Od.

322 752 358 798 1,
386 750 449 798 15,
469 753 536 790 22.
570 753 609 799 2,
630 752 669 800 9,
690 752 755 791 13.
783 752 938 788 Dissen.
964 751 1014 788 ad
1032 753 1124 789 Tib.
1144 766 1184 803 p.
1208 752 1303 792 399.

433 819 479 855 V.
506 818 570 858 13.
605 819 731 855 Hunc
751 831 862 854 amor
879 841 935 846 —
955 825 1173 869 utrumque.
1232 819 1319 866 Qui,
1339 819 1448 855 velut
1460 817 1679 857 Scholiasta
1702 820 1833 872 Cruq.,

317 883 542 933 Laudinus,
566 885 800 934 Ascensius,
828 886 1044 934 Baxterus‚
1073 886 1330 936 DoeringiuS,
1361 886 1448 934 alii,
1477 887 1603 922 Hunc
1625 886 1834 935 significari

316 950 455 987 volunt
484 949 683 988 Achillem
711 951 899 989 Briseidis
926 965 1058 989 amore
1091 952 1298 999 affectum,
1327 964 1408 989 non
1440 953 1610 990 sensisse
1636 951 1832 1001 videntur,

317 1017 414 1069 quid
434 1019 596 1056 Homeri
619 1019 831 1070 interpres,
862 1019 1067 1067 Horatius,
1093 1019 1326 1069 spectaverit
1351 1016 1525 1070 quidque
1549 1019 1585 1054 ei
1604 1018 1722 1055 fuerit
1740 1031 1834 1069 spe-

316 1083 518 1122 ctandum.
575 1087 737 1124 Etenim
763 1099 889 1139 quum
915 1085 949 1122 is
967 1099 988 1121 e
1019 1086 1169 1122 ratione
1187 1085 1381 1136 poematis
1398 1085 1597 1122 Homerici
1619 1085 1833 1135 Agamem—

314 1153 409 1190 noni
438 1165 632 1202 amorem,
655 1155 753 1191 iram
785 1151 933 1191 Achilli
956 1150 1046 1203 (Od.
1069 1153 1106 1201 1,
1133 1152 1171 1200 6,
1194 1152 1234 1191 6.
1263 1151 1346 1189 Sat.
1371 1151 1408 1199 1,
1426 1151 1467 1199 7,
1498 1151 1563 1190 11.
1596 1151 1632 1187 Α
1667 1153 1712 1188 Ρ.
1735 1152 1831 1202 121)

314 1219 484 1255 tribuere
514 1220 654 1269 vellet,
693 1221 806 1272 quasi
843 1232 913 1257 sua
942 1219 1067 1270 ipsius
1097 1219 1216 1256 verba
1251 1218 1448 1267 corrigens
1479 1215 1632 1254 addidit
1658 1218 1832 1268 quidem,

314 1292 359 1322 ut
395 1287 736 1336 Agamemnonem
770 1287 914 1338 pariter
957 1292 1076 1337 atque
1105 1283 1307 1322 Achillem
1331 1285 1391 1320 ira
1425 1283 1632 1320 incensum
1666 1292 1831 1323 notaret.

315 1353 589 1402 Agamemnon
617 1355 743 1403 enim,
773 1366 896 1406 quum
919 1350 1173 1404 Chryseidem
1199 1349 1351 1403 perdite
1380 1356 1552 1386 amatam
1575 1349 1709 1401 (Hom.
1728 1354 1775 1389 11.
1797 1354 1833 1402 1,

318 1420 396 1459 111
421 1423 524 1471 sqq.)
556 1419 730 1473 Chrysae
756 1421 859 1472 patri
885 1419 1048 1458 reddere
1079 1425 1235 1457 coactus
1264 1423 1385 1465 esset,
1416 1422 1454 1453 et
1477 1416 1536 1453 ira
1557 1423 1596 1453 et
1617 1429 1749 1456 amore
1767 1420 1834 1455 in-

315 1485 538 1524 flammatus
575 1490 718 1539 eripuit
755 1485 906 1524 Achilli
938 1484 1179 1533 Briseidem,
1225 1485 1380 1522 virtutis
1419 1484 1651 1533 praemium.
1714 1487 1761 1524 Il.
1795 1489 1832 1536 1,
1867 1503 1870 1505 *

314 1551 397 1592 318
415 1575 470 1580 —
489 1551 585 1594 347.
619 1557 658 1604 2,
688 1555 783 1594 689.
811 1555 919 1605 Epit.
945 1552 1060 1591 Iliad.
1089 1554 1205 1589 Hom.
1235 1552 1304 1591 22.
1329 1548 1535 1602 (Wernsd.
1558 1551 1622 1588 IV.
1647 1565 1688 1603 p.
1716 1554 1832 1605 620.)

321 1619 545 1656 Vincuntur
552 1620 718 1670 fletibus
738 1623 821 1668 ejus
840 1619 1110 1670 Myrmidones
1118 1645 1134 1664 ,
1162 1617 1349 1668 reddique
1368 1618 1483 1667 patri
1505 1617 1717 1668 Chryseida
1743 1634 1832 1657 cen-

314 1693 411 1723 sent.
484 1687 567 1723 Sed
604 1694 723 1738 negat
750 1686 941 1732 Atrides,
984 1685 1230 1736 Chrysenque
1263 1684 1439 1720 excedere
1469 1686 1607 1722 castris
1638 1686 1834 1736 Despecta

309 1753 456 1802 pietate
472 1751 615 1800 jubet.-
628 1797 634 1803 X
644 1753 764 1804 serus
791 1751 943 1789 ossibus
974 1753 1063 1790 imis
1094 1753 1246 1788 Haeret
1279 1764 1390 1788 amor
1400 1778 1416 1795 ,
1454 1752 1676 1802 spernitque
1697 1767 1834 1802 preces

314 1819 507 1856 damnosa
532 1818 667 1857 libido.
689 1820 736 1859 V.
747 1820 815 1860 70.
837 1819 933 1855 Non
952 1825 1082 1855 tamen
1095 1817 1266 1854 Atridae
1294 1815 1514 1867 Chryse'idis
1532 1819 1673 1855 excidit
1689 1821 1830 1858 ardor:

315 1885 472 1922 Maeret
489 1893 525 1922 et
542 1887 705 1922 amissos
721 1885 901 1936 deceptus
918 1885 1028 1936 luget
1044 1898 1209 1922 amores.
1270 1884 1370 1920 Mox
1386 1891 1503 1933 rapta
1525 1897 1717 1936 magnum
1734 1888 1833 1924 Bri-

315 1952 420 1989 se'ide
438 1953 577 2003 privat
601 1952 830 1998 Achillem,
863 1952 1099 2002 Solaturque
1122 1963 1211 1987 suos
1237 1950 1378 1987 alienis
1400 1950 1560 2001 ignibus
1586 1953 1710 2002 ignes.
1771 1954 1831 1993 cf.

314 2018 429 2057 Ovid.
454 2022 567 2057 Rem.
597 2020 688 2056 Am.
717 2017 800 2059 467
830 2031 917 2071 sqq.
951 2019 1091 2056 Senec.
1120 2018 1261 2067 Agam.
1293 2016 1371 2056 175
1401 2029 1486 2068 sqq.
1519 2024 1556 2054 et
1578 2018 1756 2057 Paldam.
1783 2020 1833 2058 ad

313 2087 432 2137 Prop.
454 2100 494 2136 p.
513 2084 610 2126 241.
667 2087 789 2123 Amor
813 2085 955 2136 igitur,
986 2097 1063 2136 quo
1091 2081 1248 2121 Atrides
1273 2090 1471 2120 exarserat
1493 2085 1536 2120 in
1553 2083 1766 2137 Chryseide
1795 2094 1834 2125 et

313 2152 489 2191 Briseide
514 2154 632 2189 etiam
651 2153 780 2204 prima
799 2164 916 2189 causa
935 2151 1012 2188 fuit
1025 2151 1106 2187 irae
1124 2150 1226 2186 inter
1242 2155 1454 2201 utrumque
1479 2149 1620 2188 ducem
1636 2153 1831 2192 incensae.

314 2222 432 2259 Hom.
455 2221 503 2258 Il.
528 2221 564 2267 1,
599 2220 681 2261 130
707 2233 795 2272 sqq.
821 2217 904 2259 348
925 2231 1011 2270 sqq.
1040 2218 1146 2268 Epit.
1170 2214 1285 2253 Iliad.
1303 2217 1419 2253 Hom.
1438 2218 1479 2256 7.
1509 2218 1710 2266 Confiebat
1729 2221 1832 2256 enim

315 2289 460 2325 summi
482 2288 671 2324 sententia
699 2288 828 2338 regis,
856 2286 922 2322 Ex
950 2298 1026 2336 quo
1053 2283 1298 2321 contulerant
1317 2283 1490 2320 discordi
1497 2291 1652 2334 pectore
1667 2298 1831 2337 pugnas

320 2356 522 2405 Sceptiger
542 2353 706 2391 Atrides
728 2360 764 2390 et
782 2352 881 2389 bello
898 2351 1031 2389 clarus
1049 2350 1245 2388 Achilles.
1313 2350 1410 2399 Quis
1428 2350 1541 2387 Deus
1559 2350 1630 2388 hos
1647 2353 1708 2388 ira
1731 2354 1834 2390 tristi

316 2422 540 2459 contendere
547 2420 703 2470 jussit?
722 2419 965 2459 Ovid.Trist.
977 2419 1017 2466 2,
1038 2417 1132 2457 373.
1160 2416 1268 2466 Quid
1276 2417 1394 2466 prius
1405 2422 1461 2452 est
1474 2416 1538 2452 illi
1551 2416 1692 2468 [Iliadi]
1701 2419 1832 2468 flam—

317 2503 383 2525 ma
410 2488 638 2539 Chryseidos
649 2515 665 2533 ,
694 2494 813 2538 utque
834 2487 985 2523 Fecerit
999 2486 1119 2522 iratos
1135 2490 1252 2533 rapta
1263 2482 1405 2533 puella
1429 2483 1577 2520 duces?
1604 2485 1763 2524 Heroid.
1790 2486 1831 2536 3,

317 2556 384 2595 89.
414 2557 581 2606 Propter
605 2568 666 2591 me
686 2560 792 2591 mota
811 2560 867 2590 est
884 2553 958 2605 (sic
976 2550 1152 2600 Briseis),
1165 2557 1329 2601 propter
1348 2561 1408 2585 me
1430 2549 1583 2587 desinat
1606 2553 1692 2589 ira.-
1727 2553 1833 2590 Sim—

318 2635 393 2672 que
411 2636 479 2673 ego
507 2623 686 2660 tristitiae
707 2634 829 2658 causa
857 2619 1069 2670 modusque
1091 2624 1192 2655 tuae.
1246 2619 1384 2668 Neque
1412 2615 1630 2656 audiendus
1656 2627 1715 2658 est
1733 2621 1832 2658 Cru-

319 2690 457 2740 quius,
487 2690 556 2741 qui
583 2690 683 2726 mira
711 2687 882 2741 quadam
904 2687 1113 2726 verborum
1144 2683 1447 2734 transpositione
1475 2682 1581 2722 hunc
1606 2685 1724 2736 hujus
1751 2688 1830 2725 loci

319 2755 501 2806 opinatur
525 2769 608 2793 esse
628 2767 810 2793 sensum:
844 2757 994 2805 „Amor
1019 2759 1059 2790 et
1079 2753 1136 2788 ira
1153 2751 1351 2788 communi
1372 2751 1476 2790 malo
1495 2759 1705 2806 utrumque
1724 2751 1831 2792 hunc

318 2823 477 2859 urunt.“
531 2825 578 2859 In
603 2822 711 2860 aliud
736 2825 876 2861 vitium
897 2820 1059 2860 incurrit
1083 2818 1320 2856 Sanadonus
1331 2846 1347 2864 ,
1376 2819 1445 2870 qui
1471 2821 1695 2869 Horatium,
1724 2820 1831 2872 quod

318 2887 362 2926 h.
391 2890 420 2926 l.
447 2887 642 2926 Achillem
677 2891 820 2928 amoris
842 2895 1044 2941 expertem
1075 2884 1177 2923 dicat
1207 2892 1339 2923 contra
1363 2885 1483 2924 fidem
1510 2889 1627 2926 Hom.
1655 2887 1768 2926 Iliad.
1791 2888 1829 2937 9,
