2028 3268
427 239 512 282 346

986 244 1367 284 HORATII

1887 246 1943 290 74

495 365 682 412 Cultollo
715 368 908 424 proprios
942 370 1198 427 purgantem
1228 369 1380 412 leniter
1411 372 1585 428 unguis.

493 443 798 504 „l)emetri,“
834 470 895 476 —-—
929 459 1037 503 puer
1069 444 1138 488 hic
1171 459 1255 489 nou
1288 448 1415 490 laeve
1441 451 1566 503 jussa
1599 447 1781 506 Philippi

491 523 738 580 AccipIebat
771 548 833 555 —
872 525 991 583 „abi,
1021 538 1179 582 quaere
1206 527 1249 568 et
1275 524 1407 585 refer,
1443 525 1556 568 unde
1584 526 1725 585 domo,
1761 529 1869 585 quis,

493 599 630 658 Cujus
665 600 885 664 fortunae,
922 617 1003 662 quo
1040 605 1096 648 sit
1127 607 1251 663 patre
1284 606 1408 648 natus
1443 618 1581 663 quove
1619 602 1855 663 patrono.“

424 813 548 846 Comb.
558 813 700 846 Wakef.
711 813 800 847 Bad.
809 814 915 848 Both.
927 815 1050 860 Camp.
1059 815 1159 849 Pott.

422 869 525 903 Jahn.
546 869 636 902 Zell.
653 869 815 903 Hoched.
834 870 925 915 (qui
948 871 1038 914 def.)
1058 871 1160 904 Pass.

422 925 578 958 Meinek.
589 925 743 959 Braunh.
756 927 888 971 Charp.
900 927 979 972 (qui
988 927 1161 972 explicat)

423 980 536 1014 Orell.
547 981 625 1026 (qui
634 982 724 1024 def.)
735 982 778 1015 al.
790 982 897 1027 plur„
909 987 1052 1016 tuentur
1061 983 1163 1016 Schi-

421 1037 518 1070 rach.
530 1036 566 1070 in
578 1037 678 1070 Clav.
691 1050 726 1082 p.
738 1039 772 1071 7.
792 1038 858 1071 Vir
869 1038 964 1072 doct.
978 1039 1116 1084 quidam
1125 1039 1163 1073 in

421 1092 589 1127 Heidelb.
600 1093 682 1127 Jbb.
695 1092 797 1128 1825.
808 1093 873 1127 IX.
884 1106 920 1138 p.
931 1092 1011 1128 141.
1027 1096 1156 1129 Baehr.

420 1149 509 1182 ibid.
541 1149 642 1184 1830.
663 1149 712 1182 N.
730 1149 787 1185 32.
811 1161 847 1194 p.
873 1150 955 1186 506.
984 1151 1097 1184 Huth.
1119 1151 1158 1185 in

420 1205 551 1247 Progr.
572 1206 782 1250 Altenburg.
809 1206 912 1240 1839.
937 1219 974 1252 p.
995 1205 1049 1240 15.
1077 1219 1156 1252 sqq.

420 1262 604 1296 Abrasum.
625 1261 713 1294 Mss.
730 1262 775 1295 al.
793 1273 852 1306 ap.
868 1262 990 1296 Lamb.
1005 1266 1080 1296 tres
1096 1275 1155 1307 ap.

419 1317 554 1350 Bersm.
577 1317 700 1350 Comb.
721 1317 763 1351 B.
784 1317 828 1351 D.
848 1318 892 1351 F.
913 1318 986 1352 Alt.
1003 1330 1060 1363 ap.
1083 1319 1157 1352 Ha-

420 1373 512 1405 berf.
528 1373 616 1405 Bad.
635 1374 667 1407 1.
696 1373 762 1407 Fe.
781 1374 813 1416 1,
829 1373 864 1407 d.
888 1374 927 1416 (a
941 1377 973 1410 2.
991 1375 1053 1417 m.)
1074 1374 1098 1408 i.
1120 1386 1156 1419 p.

421 1430 454 1471 2,
471 1440 502 1461 a.
525 1430 564 1471 (a
580 1430 612 1461 1.
628 1429 692 1471 m.)
709 1429 734 1462 f.
765 1430 803 1473 (a
819 1431 851 1464 2.
867 1431 931 1473 m.)
957 1431 992 1473 3,
1007 1442 1040 1463 a.
1055 1431 1090 1463 d.
1120 1429 1156 1473 5,

419 1496 452 1517 a.
478 1485 504 1516 f.
538 1485 572 1527 7,
597 1485 632 1517 b.
661 1486 695 1528 6,
710 1485 747 1518 b.
764 1497 794 1518 c.
812 1485 846 1518 d.
881 1486 1004 1519 Jaeck.
1019 1483 1054 1520 4.
1071 1485 1104 1520 5.
1121 1487 1155 1520 6.

420 1540 478 1582 (ut
489 1540 580 1582 vid.)
610 1540 730 1573 Berol.
745 1543 777 1576 2.
805 1541 903 1575 Mon.
918 1554 950 1575 e.
966 1542 988 1575 l.
1009 1554 1053 1575 m.
1084 1542 1157 1574 Ru-

419 1595 526 1629 dolst.
551 1596 644 1630 Edd.
662 1597 759 1630 Med.
781 1593 863 1630 476.
892 1599 982 1631 ven.
998 1595 1079 1632 478.
1096 1598 1155 1631 79.

418 1653 475 1685 81.
506 1651 562 1685 83.
588 1652 645 1686 86.
666 1652 724 1685 90.
749 1652 804 1686 92.
825 1651 882 1685 95.
909 1654 965 1687 98.
991 1651 1071 1687 509.
1096 1650 1153 1686 14.

416 1706 509 1739 Brit.
539 1705 619 1740 520.
670 1707 771 1740 Flor.
799 1704 882 1741 482.
928 1707 1039 1741 Loch.
1070 1705 1152 1741 498.

416 1761 519 1806 Lips.
533 1759 614 1796 492.
636 1761 692 1796 98.
713 1763 771 1797 99.
791 1761 870 1796 502.
892 1765 925 1797 8.
942 1764 997 1797 10.
1016 1764 1072 1797 13.
1095 1759 1153 1796 14.

417 1818 541 1851 16.19.
560 1818 657 1850 Junt.
667 1816 748 1852 503.
772 1817 896 1853 Colon.
911 1817 991 1852 510.
1011 1820 1151 1852 Erfurt.

415 1872 497 1906 517.
532 1873 672 1906 Rodell.
715 1874 849 1906 Sandb.
884 1874 1049 1908 Praedic.
1082 1875 1150 1908 Fe.

415 1929 495 1973 (qui
515 1928 604 1970 def.)
626 1929 745 1962 Jaeck.
765 1929 873 1962 Doer.
896 1931 1050 1964 Schmid.
1073 1929 1152 1973 (qui

415 1984 554 2018 erudite
563 1984 654 2027 def.)
670 1985 775 2018 etiam
788 1985 825 2017 in
834 1984 995 2030 Epistola
1010 1987 1057 2019 ad
1068 1984 1151 2018 Obb.

412 2051 449 2084 p.
465 2041 502 2074 7.
520 2040 692 2074 Groebel.
709 2040 855 2074 Weber.
883 2041 944 2074 Sic
958 2041 1063 2075 etiam
1078 2039 1152 2085 legi

411 2095 534 2129 maluit
553 2096 600 2129 H.
622 2096 825 2141 Stephanus
844 2097 881 2130 in
902 2097 1020 2130 Diatr.
1041 2108 1077 2142 p.
1092 2097 1150 2130 68.

412 2151 652 2186 assentiuntur
673 2154 798 2187 Jacob.
818 2152 855 2185 in
875 2153 1031 2186 Seebod.
1053 2152 1149 2185 Krit.

410 2208 507 2242 Bibl.
531 2209 632 2242 1829.
661 2221 698 2253 p.
723 2206 804 2243 417.
833 2209 943 2242 Bach.
962 2208 998 2242 in
1026 2209 1148 2241 Zimm.

411 2263 589 2297 zeitschr.
608 2262 711 2298 1834.
726 2277 763 2309 p.
782 2265 884 2299 1037.
908 2264 1090 2298 Heinrich.
1105 2265 1150 2298 ad

409 2320 492 2354 Juv.
518 2321 561 2363 6,
587 2318 664 2354 105.
712 2321 766 2355 De
787 2321 1047 2366 permutatione
1066 2331 1146 2354 voc.

411 2376 528 2408 abras.
546 2378 584 2408 et
600 2377 718 2410 adras.
730 2376 804 2410 vid.
820 2377 978 2420 interpp.
995 2377 1038 2409 ad
1054 2376 1147 2410 Plin.

409 2428 532 2476 Epist.
554 2433 587 2473 2,
605 2432 659 2476 12,
685 2434 717 2466 1.
737 2436 775 2466 et
789 2433 835 2466 cf.
860 2433 972 2466 Drak.
999 2433 1044 2466 ad
1063 2432 1145 2465 Liv.

411 2488 431 2522 2
442 2513 452 2531 ,
477 2487 543 2529 33,
570 2487 604 2520 7.

465 2543 508 2575 V.
530 2541 587 2576 51.
614 2541 771 2587 proprio.
804 2542 891 2576 Mss.
909 2542 1032 2576 Lamb.
1060 2541 1143 2587 aliq.

408 2597 543 2631 Bersm.
559 2609 617 2631 un.
635 2598 732 2631 Mon.
751 2610 782 2631 e.
799 2598 866 2632 Ed.
881 2599 1015 2632 Piscat.
1027 2624 1036 2641 ,
1062 2610 1147 2643 pro-

407 2653 495 2686 bant
514 2653 633 2688 Lamb.
652 2654 806 2698 Xyland.
823 2655 958 2688 Bersm.
974 2654 1143 2699 Rappolt.

407 2719 444 2752 p.
458 2710 537 2743 627.
564 2715 601 2742 et
615 2710 764 2743 Bothius
788 2711 832 2743 ad
848 2711 976 2754 Feam,
1003 2710 1066 2743 sed
1090 2709 1143 2743 di-

407 2776 514 2798 versa
534 2766 729 2807 seutentia3
749 2770 849 2799 recte
861 2766 1065 2811 improbant.
1077 2765 1143 2798 Vir

407 2820 502 2854 doct.
519 2820 658 2864 quidem
672 2822 709 2855 in
723 2823 879 2866 Paedag.
890 2843 907 2848 -
917 2822 1046 2856 Philol.
1067 2821 1140 2855 Lit.

405 2876 461 2909 Bl.
490 2877 592 2910 1827.
621 2876 668 2910 II.
699 2888 735 2921 p.
765 2878 844 2912 183.
861 2877 1015 2912 Schmid.
1033 2880 1071 2911 et
1084 2877 1142 2911 hic

405 2936 444 2966 et
465 2931 502 2966 in
518 2932 628 2978 Epist.
646 2933 693 2966 ad
710 2932 836 2967 Obbar.
856 2946 893 2979 p.
909 2935 943 2969 8.
971 2952 1020 2960 —
1049 2945 1141 2969 rese-

1204 821 1353 851 cautem.
1386 816 1475 850 Mss.
1496 815 1618 850 Lamb.
1645 816 1728 862 aliq.
1770 817 1880 851 Pulm.
1907 818 1940 851 1.

1205 872 1301 906 Altd.
1325 883 1380 916 ap.
1397 872 1547 906 Haberf.
1586 872 1653 906 Fe.
1672 875 1705 917 2,
1721 873 1755 906 h.
1786 873 1820 917 7,
1842 884 1874 907 a.
1903 873 1939 917 9,

1206 940 1238 962 a.
1265 928 1313 972 (a
1335 929 1368 961 1.
1395 928 1469 970 m.)
1501 929 1612 962 Goth.
1647 929 1758 962 Dor-V.
1785 929 1818 962 1.
1861 940 1939 963 var.

1205 985 1290 1018 lect.
1325 995 1384 1028 ap.
1428 984 1560 1017 Zurck.
1592 1003 1640 1009 ——
1677 984 1806 1018 leviter.
1867 984 1939 1018 Ms.

1208 1039 1326 1074 Guelf.
1350 1039 1386 1072 3.
1416 1040 1520 1073 Dess.
1547 1041 1579 1075 2.
1614 1039 1709 1074 Edd.
1734 1039 1836 1084 Lips.
1858 1035 1940 1076 492.

1202 1095 1291 1130 Ven.
1307 1092 1387 1130 492.
1407 1095 1602 1129 Britannic.
1619 1094 1697 1131 520.
1715 1095 1795 1141 (qui
1810 1095 1939 1140 explic.

1202 1151 1387 1196 „polite“)
1398 1151 1443 1184 al.
1455 1151 1846 1196 —unguis.Ms.Mon.
1855 1151 1936 1184 f.—

1257 1208 1303 1241 V.
1328 1206 1384 1242 52.
1414 1207 1535 1240 Verba
1553 1218 1644 1252 puer
1670 1225 1715 1231 —
1744 1206 1940 1251 Accipiebat

1201 1262 1408 1308 parenthesi
1421 1262 1551 1296 includ.
1565 1262 1688 1296 Lamb.
1701 1262 1811 1306 Cruq.
1825 1261 1938 1295 Pulm.

1204 1320 1312 1352 Torr.
1330 1319 1447 1352 Bentl.
1462 1318 1507 1352 al.
1521 1318 1656 1362 plures.
1684 1316 1840 1351 Demetri
1849 1329 1940 1362 puer

1203 1375 1274 1418 (hic
1291 1386 1330 1408 ‘n-
1345 1375 1407 1417 l,j.
1425 1375 1488 1408 Pk.
1503 1374 1603 1417 Ace.)
1621 1372 1793 1418 distingui
1807 1373 1941 1406 mavult

1204 1431 1313 1464 Torr.
1345 1441 1390 1463 ex
1417 1429 1501 1474 aliq.
1530 1430 1633 1464 codd.
1677 1429 1775 1463 Idem
1803 1428 1940 1462 faciunt

1202 1486 1320 1519 Acron
1352 1490 1389 1518 et
1415 1485 1654 1520 Britannicus.
1704 1485 1762 1518 Ita
1789 1487 1827 1518 et
1845 1481 1938 1518 iuss.

1199 1542 1307 1576 Dess.
1334 1543 1366 1575 1.
1392 1543 1424 1576 2.
1458 1541 1578 1576 Berol.
1605 1543 1636 1575 1.
1662 1559 1718 1566 --
1739 1541 1835 1573 laeve
1860 1540 1938 1574 sive

1198 1598 1285 1631 leve.
1319 1597 1405 1630 Mss.
1423 1600 1460 1630 et
1480 1597 1561 1630 edd.
1576 1597 1672 1640 vulg.
1690 1595 1765 1629 levi.
1794 1595 1863 1629 Ms.
1879 1595 1934 1629 Ik.

1201 1654 1234 1687 1.
1269 1653 1367 1687 Mon.
1382 1653 1408 1686 f.
1426 1653 1504 1686 cod.
1520 1652 1670 1686 Mentel.
1687 1650 1777 1694 (ae).
1802 1651 1934 1684 leviter.

1197 1708 1268 1741 Ms.
1287 1708 1410 1741 Oberl.
1422 1709 1464 1741 C.
1482 1709 1521 1751 (a
1530 1707 1637 1751 2.m.)
1652 1706 1773 1740 Berol.
1786 1708 1816 1739 1.
1833 1706 1934 1740 Mon.

1198 1775 1229 1796 e.
1247 1764 1413 1797 obstante
1427 1768 1553 1797 metro.
1577 1763 1676 1797 levia.
1705 1761 1775 1795 Ms.
1791 1761 1891 1795 Mon.
1908 1761 1933 1794 l.

1196 1819 1290 1862 (cum
1324 1819 1373 1863 gl.
1397 1819 1629 1863 ,‚sinistra“)
1653 1818 1723 1852 Ed.
1747 1817 1825 1851 Col.
1852 1815 1933 1851 510.

1195 1885 1268 1907 non
1289 1875 1383 1908 lenia
1399 1876 1513 1918 jussa.
1543 1875 1613 1908 Ed.
1637 1874 1747 1917 Cruq.
1772 1872 1932 1916 (tacite).

1195 1940 1267 1963 non
1292 1931 1423 1963 laevus.
1461 1930 1558 1964 Edd.
1585 1931 1675 1963 Cun.
1703 1929 1788 1962 San.
1814 1927 1931 1962 Merv.

1195 1985 1276 2018 Jon.
1305 1985 1398 2018 Phil.
1427 1986 1557 2019 Franc.
1583 1985 1694 2018 Bask.
1717 1983 1869 2027 Dorigh.
1896 1987 1935 2017 et

1194 2041 1310 2074 Paris.
1322 2039 1402 2076 752.
1419 2052 1597 2084 nunquam
1610 2042 1683 2074 leve
1714 2039 1809 2073 Edd.
1822 2040 1931 2073 Fabr.

1194 2096 1275 2131 578.
1314 2097 1426 2130 Pulm.
1457 2095 1536 2132 581.
1581 2096 1717 2130 Lazaro
1740 2095 1931 2129 Bonamico

1193 2156 1360 2196 auctore,
1381 2156 1420 2186 ut
1435 2153 1482 2186 sit
1497 2163 1701 2196 „nunquam
1716 2151 1872 2185 leviter.“

1248 2209 1292 2242 V.
1309 2207 1366 2243 53.
1397 2220 1536 2251 quaere,
1557 2211 1661 2252 refer.
1689 2207 1759 2240 Ed.
1777 2207 1930 2250 Cuning.

1193 2263 1257 2307 (cf.
1286 2264 1468 2297 Animadv.
1491 2276 1528 2308 p.
1552 2262 1650 2305 151.)
1679 2265 1818 2306 reseres.
1858 2262 1930 2296 Ms.

1191 2320 1257 2353 Fe.
1277 2321 1309 2362 1,
1327 2320 1360 2353 d.
1379 2339 1427 2345 —
1446 2321 1558 2362 domo,
1575 2318 1643 2361 qui.
1670 2317 1774 2351 Libri
1790 2317 1930 2362 quidam

1191 2379 1283 2408 vett.
1301 2387 1357 2420 ap.
1374 2375 1520 2409 Fabric.
1536 2374 1606 2407 Ed.
1625 2372 1775 2416 Cuning.
1806 2392 1855 2398 —
1882 2373 1929 2406 V.

1191 2428 1250 2465 54.
1275 2431 1424 2476 patriae.
1465 2431 1535 2464 Ms-
1563 2429 1617 2462 Ik.
1643 2425 1677 2462 4.
1703 2447 1760 2453 ——
1784 2439 1928 2472 quoque.

1190 2487 1260 2520 Ms.
1285 2486 1383 2520 Mon.
1400 2498 1432 2519 c.
1462 2485 1557 2518 Edd.
1583 2486 1672 2518 Cun.
1699 2484 1784 2518 San.
1810 2484 1926 2518 ΜΕΝ.

1190 2543 1320 2576 Franc.
1343 2542 1450 2575 Bask.
1476 2541 1599 2584 quique
1611 2545 1792 2584 patronus.
1822 2540 1926 2583 Conj.

1191 2598 1342 2641 Cuning.
1357 2603 1508 2642 patrono
1525 2601 1567 2630 et.
1591 2596 1661 2630 Ms.
1680 2595 1844 2629 Guelf.3.
1871 2595 1927 2630 De

1188 2654 1316 2698 partic.
1337 2665 1377 2686 ve
1397 2653 1431 2686 in
1448 2664 1555 2695 quove
1576 2651 1790 2686 Groebelius
1804 2650 1925 2684 laudat

1187 2709 1303 2743 Hand.
1316 2709 1360 2742 ad
1376 2710 1469 2742 Stat.
1482 2709 1610 2741 Silv.I.
1627 2719 1662 2752 p.
1673 2708 1752 2742 281.
1769 2709 1806 2740 et
1818 2707 1923 2741 Jahn.

1187 2766 1233 2799 ad
1248 2766 1336 2798 Hor.
1354 2765 1432 2799 Sat.
1449 2766 1468 2798 2
1481 2790 1491 2807 ,
1508 2764 1549 2807 3,
1570 2762 1648 2797 157.
1665 2764 1709 2796 de
1724 2763 1852 2796 Praen.
1868 2762 1923 2795 in-

1186 2825 1320 2865 terrog.
1338 2821 1427 2864 quis,
1449 2820 1507 2863 qui
1519 2831 1552 2852 v.
1568 2818 1624 2854 53.
1639 2819 1757 2852 Kritz.
1773 2818 1819 2851 ad
1834 2817 1919 2850 Sall.

1186 2878 1266 2910 Cat.
1294 2873 1361 2919 44,
1395 2874 1428 2910 5.
1463 2876 1554 2909 adde
1575 2875 1705 2919 Wagn.
1733 2873 1919 2916 Qu.virg.

1185 2933 1305 2967 XXII.
1323 2933 1432 2966 Bach.
1452 2932 1497 2966 ad
1514 2931 1622 2965 Ovid.
1637 2930 1725 2965 Met.
1742 2929 1784 2964 11
1799 2954 1810 2974 ,
1836 2929 1918 2965 279.
