2028 3268
351 257 434 300 260
483 260 856 301 COMMENTARII
883 260 940 299 IN
968 259 1194 300 HORATII
1217 261 1316 302 LIB.
1330 262 1359 302 Ι.
1388 261 1748 312 EPIST.QU1NT.
1805 268 1859 306 70

353 382 429 431 sit,
465 382 728 436 γεγανυμένος
757 383 920 438 Λυαίῳ,
952 387 994 422 ut
1026 384 1079 421 ait
1105 382 1298 422 Anacreon
1329 386 1383 432 8,
1415 386 1454 426 3.
1515 387 1598 425 Vid.
1626 387 1777 426 Ruhnk.
1808 388 1857 426 ad

353 447 504 486 Terent.
529 450 664 499 Hecyr.
686 449 709 488 5
724 478 734 498 ,
773 451 818 498 2,
845 450 886 488 3.
919 453 958 487 et
975 450 1071 488 conf.
1093 450 1169 490 Od.
1194 451 1240 501 1,
1265 451 1340 500 18,
1369 452 1407 490 7.
1447 451 1510 493 ubi
1529 453 1627 492 idem
1644 455 1720 492 fere
1738 453 1858 503 effert,

353 516 453 562 quod
482 515 569 552 dicit
601 515 792 564 Theognis
819 515 913 555 510.
977 513 1095 564 Οἷνος
1121 513 1332 568 πινόμενος
1359 515 1510 564 πουλύς
1538 516 1686 560 κακόν·
1726 516 1778 572 ἢν
1814 518 1857 559 δέ

351 595 409 626 τις
439 576 559 620 αὐτόν
593 582 697 635 Πίνῃ
720 579 983 631 ἐπιςαμὲνως,
1021 579 1070 622 ού
1102 578 1250 630 κακόν,
1295 578 1378 622 ἄλλ’
1402 579 1570 635 ἀγαθόν.
1626 587 1748 631 Quam
1783 598 1860 624 non

352 645 507 683 multum
526 651 667 683 veteres
687 647 886 697 scriptores
905 648 1172 698 vituperarint‚
1201 649 1310 687 immo
1344 651 1512 687 modeste
1537 649 1723 689 laudarint
1741 651 1860 688 uberi-

353 725 452 750 orem
480 713 552 749 vini
585 726 712 762 usum,
742 713 924 764 pluribus
941 715 1113 766 exemplis
1144 715 1306 753 illustrat
1342 717 1493 767 Tanaq.
1519 716 1648 754 Faber
1680 718 1728 755 ad
1760 717 1861 755 illum

352 776 595 815 Anacreontis
611 778 732 816 locum
752 793 789 830 p.
810 781 916 831 178„
943 786 1170 833 quapropter
1188 794 1296 820 nemo
1322 782 1514 820 mirabitur
1531 781 1694 837 Alexidis
1724 784 1862 822 dictum

354 857 376 880 a
402 845 631 882 nostratibus
642 845 682 894 *)
717 858 829 896 saepe
857 847 1083 896 probatum:
1117 844 1260 895 Ου’δεὶς
1289 848 1504 900 φιλοπότης
1533 849 1617 895 ἒςὶν
1645 847 1864 903 ἅνθρωπος

353 909 485 956 κακός.
544 910 762 949 Alucinatur
781 916 904 950 autem
923 914 961 954 h.
981 915 1006 954 l.
1027 915 1131 952 Iulii
1149 916 1327 952 Caesaris
1350 916 1546 966 Scaligeri
1565 929 1731 967 acumen,
1750 929 1864 966 quum

353 976 512 1027 (Poetic.
532 977 572 1017 6.
600 991 638 1028 Ρ.
659 977 774 1028 808.)
805 979 916 1029 dicit,
949 982 1050 1018 exire
1075 983 1294 1019 Horatium
1325 983 1383 1019 ad
1407 983 1646 1034 loquendum
1672 982 1721 1019 de
1745 981 1864 1019 ebrie-

356 1051 434 1079 tate
453 1050 610 1093 praeter
624 1046 879 1093 propositum.
901 1068 956 1076 —-
984 1048 1166 1099 designat
1187 1050 1210 1086 i.
1230 1061 1263 1088 e.
1283 1049 1393 1099 facit,
1424 1053 1464 1087 ut
1482 1054 1582 1087 recte
1599 1050 1864 1100 interpretatur

354 1110 479 1149 Schol.
509 1110 626 1159 Cruq.
672 1109 744 1146 Alii
763 1111 882 1151 aliter.
932 1113 1027 1151 Vide
1062 1127 1157 1164 quae
1183 1117 1230 1153 de
1249 1115 1319 1153 hoc
1337 1116 1448 1154 verbo
1469 1117 1664 1167 disputant
1683 1115 1860 1152 Schmid.

355 1178 403 1215 ad
423 1177 458 1214 h.
479 1177 517 1223 1.‚
550 1179 661 1216 Tot-r.
681 1178 729 1214 ad
749 1177 870 1228 Epist.
893 1180 940 1228 1,
969 1182 1017 1231 7,
1045 1182 1085 1220 6.
1110 1186 1148 1219 et
1169 1183 1334 1220 Gronov.
1363 1183 1400 1220 in
1430 1182 1550 1222 Diatr.
1583 1183 1622 1220 in
1649 1183 1748 1221 Stat.
1770 1181 1796 1219 Ι.
1827 1195 1864 1233 p.

356 1244 448 1284 561.
476 1244 577 1281 Bene
603 1244 826 1294 Campenon
839 1260 851 1281 .·
881 1246 992 1295 „Que
1011 1259 1058 1284 ne
1076 1249 1228 1298 produit
1248 1250 1355 1300 point
1374 1262 1446 1287 une
1463 1250 1642 1288 heureuse
1659 1246 1865 1286 ivresse‘ess

356 1332 411 1340 —-
429 1318 565 1360 operta
588 1311 769 1348 recludit.
830 1311 918 1349 Noli
937 1313 1140 1364 intelligere
1158 1327 1291 1353 arcana
1309 1316 1379 1353 sibi
1397 1315 1553 1353 fideliter
1580 1314 1794 1362 commissa,
1825 1317 1867 1350 ut

357 1378 431 1416 Od.
464 1378 507 1427 1,
539 1379 613 1427 18,
646 1378 711 1417 16.
750 1378 873 1429 Epist.
902 1379 949 1428 1,
981 1380 1055 1430 18,
1086 1381 1169 1430 38.,
1204 1383 1272 1419 sed
1307 1386 1347 1420 ut
1379 1383 1514 1433 legitur
1542 1381 1691 1430 Sat.1‚
1720 1377 1768 1430 4',
1797 1379 1867 1419 89.

363 1444 530 1481 Condita
562 1458 685 1494 quum
718 1458 837 1481 verax
870 1447 998 1495 aperit
1023 1448 1262 1496 praecordia
1297 1447 1433 1486 Liber.
1489 1448 1565 1488 Od.
1595 1449 1650 1499 3,
1688 1448 1763 1497 21,
1804 1445 1867 1486 14.

356 1510 446 1559 ibiq.
470 1510 585 1548 Orell.
608 1517 651 1547 tu
676 1513 914 1561 sapientium
933 1513 1059 1550 Curas
1083 1522 1119 1551 et
1138 1529 1331 1552 arcanum
1337 1517 1474 1562 jocoso
1494 1514 1710 1552 Consilium
1728 1513 1868 1563 retegis

358 1578 504 1627 Lyaeo.
561 1577 683 1628 Epod.
706 1579 782 1628 11,
817 1576 880 1617 14.
943 1580 1076 1617 Simul
1108 1582 1272 1619 calentis
1304 1581 1588 1618 inverecundus
1619 1581 1713 1617 deus
1731 1580 1868 1616 Fervi-

359 1644 465 1680 diore
488 1656 591 1679 mero
620 1658 771 1681 arcana
794 1654 1000 1694 promorat
1023 1647 1119 1684 loeo.
1177 1649 1276 1685 Hinc
1293 1648 1527 1698 proverbium
1544 1647 1635 1684 illud
1654 1659 1724 1684 usu
1741 1647 1869 1683 tritum

360 1723 422 1760 ap.
447 1710 604 1748 Theocr.
626 1711 699 1760 29,
731 1713 770 1751 1.
827 1710 964 1762 Οἶνος,
992 1735 1048 1741 -
1075 1713 1244 1766 λέγεται,
1272 1713 1339 1754 καὶ
1361 1710 1534 1762 ἄλάθεα,
1563 1713 1626 1750 ubi
1657 1713 1741 1750 vide
1775 1724 1869 1760 quos

358 1777 488 1814 laudat
506 1789 544 1827 Ρ.
564 1777 660 1816 389.
681 1778 913 1816 doctissimus
942 1779 1270 1820 Wii'stemannus.
1325 1781 1427 1818 Bene
1447 1779 1633 1817 Plutarch.
1654 1780 1701 1816 de
1721 1778 1883 1836 Gan-ul..

359 1843 459 1881 VIII.
481 1858 520 1895 p.
541 1845 579 1882 7.
598 1843 646 1883 R.
694 1841 746 1884 To*
766 1843 840 1898 γάρ
867 1844 911 1885 ἐν
939 1848 990 1901 τῇ
1015 1847 1159 1901 καρδίᾳ
1182 1849 1255 1886 τοῦ
1279 1842 1481 1898 νήφοντος
1509 1846 1572 1887 ἐπὶ
1600 1849 1673 1897 τῆς
1699 1844 1871 1898 γλώττης

361 1910 418 1956 ἕςὶ
446 1913 519 1950 τοῦ
547 1908 789 1962 μεθύοντος,
819 1910 872 1959 ὥς
898 1912 940 1952 οἷ
964 1909 1316 1965 παροιμιαζόμενοί
1344 1924 1481 1963 φασιν.
1538 1912 1592 1950 Id.
1611 1913 1741 1963 Symp.
1762 1913 1803 1962 3,
1833 1912 1870 1951 1.

362 1990 398 2026 p.
420 1976 514 2016 555.
543 1989 626 2026 sqq.
683 1977 846 2016 Praeivit
876 1980 1062 2016 Homerus
1080 1980 1118 2017 in
1134 1980 1210 2017 Od.
1233 1977 1305 2029 14,
1335 1977 1431 2019 463.
1451 1990 1536 2028 sqq.
1594 1978 1654 2016 Cf.
1673 1977 1719 2015 A.
1738 1977 1782 2016 P.
1802 1977 1868 2018 85.

363 2041 454 2082 435.
484 2047 522 2080 et
543 2044 653 2082 ovid.
675 2042 722 2084 A.
744 2044 790 2085 A.
813 2045 835 2083 1
850 2072 863 2096 ‚
893 2042 989 2086 241.

471 2109 516 2149 V.
542 2110 607 2149 17.
650 2112 749 2160 Spes
766 2110 855 2157 jub.
883 2125 961 2148 esse
986 2119 1110 2149 ratas.
1171 2113 1232 2150 Sic
1259 2112 1334 2150 Od.
1359 2113 1406 2162 3,
1435 2113 1515 2162 21,
1546 2113 1613 2153 17.
1679 2113 1739 2148 Tu
1765 2124 1872 2161 spem

363 2176 518 2214 reducis
554 2177 748 2215 mentibus
786 2180 930 2215 anxiis.
990 2179 1088 2218 lbid.
1113 2175 1162 2229 4,
1204 2180 1278 2228 12,
1317 2179 1385 2219 19.
1447 2179 1544 2229 Spes
1577 2179 1724 2216 donare
1750 2191 1874 2215 novas

364 2244 518 2295 largus.
574 2244 699 2296 Epist.
721 2245 769 2295 1,
797 2244 872 2295 15,
903 2245 969 2286 18,
998 2245 1083 2282 lene
1104 2247 1278 2296 requiro,
1314 2246 1431 2295 Quod
1444 2259 1561 2283 curas
1579 2244 1743 2296 abigat,
1768 2244 1878 2295 quod

366 2325 455 2348 cum
471 2324 539 2360 spe
556 2311 676 2348 divite
693 2319 825 2348 manet
844 2313 895 2349 In
917 2325 1038 2350 venas
1053 2314 1308 2363 animumque
1331 2325 1473 2349 meum.
1534 2311 1758 2349 Lambinus
1785 2323 1873 2349 con-

364 2378 436 2414 fert
454 2376 611 2415 Aristot.
632 2377 722 2415 Eth.
742 2378 794 2428 3,
823 2380 872 2428 8,
897 2376 938 2418 4.
972 2375 1172 2425 εὐέλπιδες
1198 2376 1273 2431 γοῖρ
1301 2378 1476 2429 γίνονται
1506 2378 1548 2418 οἷ
1569 2372 1873 2430 μεθυσκόμενοι.

364 2443 474 2481 Adde
482 2444 581 2482 Plat.
603 2445 649 2482 de
659 2444 780 2495 Legg.
794 2445 832 2487 1.
857 2458 896 2496 Ρ.
909 2442 1003 2485 649.
1026 2447 1085 2483 ed.
1100 2445 1220 2483 Bekk.
1234 2457 1271 2494 Ρ.
1283 2446 1376 2486 228.
1399 2442 1553 2486 Πιόντα
1569 2442 1639 2485 τόν
1654 2441 1874 2498 ἄνθρωπον

457 2587 495 2630 *)
512 2588 561 2621 Ut
583 2599 702 2622 verum
731 2588 863 2632 dicam,
886 2587 1169 2622 Horatianorum
1196 2597 1330 2632 quoque
1354 2586 1522 2624 hominum
1535 2613 1544 2631 ‚
1575 2587 1746 2632 quiesset
1759 2588 1876 2622 abste-

366 2643 472 2685 mius,
503 2644 574 2677 vidi
604 2645 781 2679 neminem.
827 2644 980 2678 Honoris
1004 2654 1108 2677 causa
1137 2653 1200 2676 vos
1231 2643 1366 2688 appello
1391 2644 1461 2686 Pr„
1486 2644 1570 2687 Hd.‚
1594 2645 1667 2687 Sr.,
1690 2645 1772 2687 Gn„
1794 2645 1876 2687 Ge„

367 2704 422 2742 et,
450 2699 479 2733 si
506 2701 558 2733 fas
587 2706 641 2734 est
665 2701 802 2744 dicere,
826 2702 888 2736 Fs.
935 2700 1052 2733 Nolite
1075 2698 1211 2742 mirari,
1237 2699 1346 2743 quod,
1370 2700 1448 2734 dum
1475 2701 1563 2734 hunc
1581 2701 1692 2734 locum
1706 2699 1876 2744 interpre-

366 2761 443 2798 tor,
470 2759 506 2788 et
526 2756 601 2800 ipse
628 2758 763 2791 laetitia
781 2757 906 2791 efferor
921 2782 930 2799 ,
961 2756 1071 2789 siccus
1092 2755 1226 2799 quidem
1249 2760 1353 2800 atque
1383 2757 1513 2800 inanis,
1538 2760 1578 2790 ut.
1600 2755 1734 2790 sobrios
1765 2755 1876 2800 decet,

368 2817 405 2845 at
422 2813 546 2845 beatus
564 2813 802 2846 recordatione
818 2812 984 2857 temporis
1001 2812 1079 2845 olim
1094 2811 1288 2855 vobiscum,
1318 2813 1436 2856 quales
1461 2817 1556 2846 terra
1580 2823 1648 2846 non
1663 2811 1744 2845 tulit
1760 2810 1878 2844 candi-

367 2868 481 2910 iores,
515 2868 664 2910 jucunde
689 2869 832 2912 peracti.
881 2868 998 2902 Vivite
1025 2872 1062 2901 et
1088 2868 1219 2902 valete!
1250 2868 1338 2903 Mihi
1359 2874 1493 2912 autem,
1523 2869 1555 2903 si
1581 2867 1736 2913 legeritis
1758 2867 1878 2902 litera-

368 2937 440 2960 rum
456 2928 610 2969 secreta,
637 2925 839 2959 acclamate:
865 2921 1088 2970 εὖρήκαμενὶ
