2028 3268
442 256 498 296 80
570 259 932 300 COMMENTARII
960 261 1012 297 IN
1042 260 1263 298 HORATII
1289 260 1460 298 EPIST.
1488 261 1629 299 PRIM.
1657 262 1756 299 LlB.
1786 264 1818 300 Ι.

444 370 557 408 dibus
580 370 781 422 disputant
800 372 907 420 Lips.
932 368 980 406 de
997 369 1204 421 Amphith.
1226 385 1258 407 c.
1286 369 1351 410 14.
1391 371 1583 422 Stieglitz.
1605 373 1646 408 in
1670 370 1954 422 Archaeologie

443 445 518 475 etc.
539 441 599 486 ΙΙ,
634 440 670 477 1.
688 451 729 487 p.
756 438 839 477 216
859 449 947 488 sqq.
990 435 1128 488 Ko'pke
1151 439 1193 474 in
1225 436 1431 474 Athenaeo
1462 451 1485 474 a
1512 437 1660 475 Giinth.
1687 445 1726 475 et
1745 437 1953 477 Wachsm.

444 505 550 543 edito
574 507 641 551 III,
678 507 717 544 2.
749 517 790 554 Ρ.
823 504 902 543 180
927 516 1015 555 sqq.
1065 502 1212 541 Sachse
1242 503 1610 555 „Beschreibung“
1639 512 1712 542 etc.
1738 507 1789 543 11.
1811 500 1954 557 p.'155

442 585 530 624 sqq.
588 573 744 622 Grysar.
766 570 807 605 in
832 571 1003 620 Allgem.
1030 569 1190 607 Schulz.
1220 571 1342 611 1832.
1365 574 1415 608 II.
1435 586 1474 622 p.
1499 569 1593 612 344.
1635 573 1816 610 Ceterum
1840 573 1954 609 simi-

442 642 492 677 lis
513 640 554 675 in
573 637 725 675 theatro
753 635 919 674 sedendi
939 637 1100 674 ambitio
1122 643 1280 674 notatur
1301 651 1323 674 a
1342 637 1619 690 Theophrasto
1641 639 1680 675 in
1703 638 1881 676 Charact.
1901 639 1953 684 5.‚

442 707 511 743 ubi
537 704 617 742 vid.
646 703 812 740 casaub.
839 717 879 754 p.
901 705 970 744 70.
1005 703 1103 742 Inde
1122 705 1318 742 Arnobius
1345 703 1384 745 4.
1408 719 1448 756 Ρ.
1469 706 1562 745 132.
1589 704 1651 742 ed.
1675 705 1845 742 Sahnas.
1867 705 1955 754 quis

440 772 498 808 ad
522 778 732 808 extremum
757 771 873 807 deum
905 772 1128 808 Pecuniam
1153 784 1231 807 esse
1263 771 1422 818 credat,
1456 784 1577 821 quam
1607 771 1714 808 velut
1739 771 1955 807 maximum

442 852 585 875 numen
604 844 754 875 vestrae
771 838 953 874 indicant
975 837 1110 874 literae
1134 838 1281 874 donare
1298 838 1468 874 annulos
1487 851 1625 874 aureos
1636 865 1650 883 ‚
1681 837 1769 874 loca
1785 838 1828 874 in
1846 836 1953 873 ludis

441 913 560 956 alque
576 906 619 940 in
641 904 874 954 spectaculis
883 906 1024 954 priora
1039 911 1109 940 etc.
1120 926 1176 932 —
1196 905 1256 940 De
1271 905 1421 954 Pupio,
1443 904 1734 955 tragoediarum
1753 905 1952 955 scriptore,

442 974 566 1021 cujus,
590 972 669 1007 nisi
686 972 770 1021 ipse
790 978 875 1008 tum
897 973 1085 1022 temporis
1100 972 1143 1008 in
1161 971 1261 1008 vivis
1282 978 1376 1019 erat,
1395 971 1621 1021 tragoediae
1640 973 1782 1009 saltem
1802 971 1954 1008 Horatii

441 1046 567 1077 aetate
588 1037 874 1089 spectabantur,
899 1051 1025 1089 nuper
1045 1038 1293 1089 disputarunt
1310 1038 1466 1088 Lange.
1483 1040 1525 1075 in
1543 1038 1695 1077 Vindio.
1706 1039 1826 1088 Trag.
1837 1039 1953 1075 Rom.

439 1120 480 1156 p.
507 1108 570 1154 6.,
602 1103 818 1142 lsVeiclzert.
846 1105 888 1139 in
911 1105 1023 1145 Poet.
1043 1107 1130 1142 Lat.
1149 1107 1236 1142 Rel.
1263 1118 1304 1155 p.
1327 1105 1422 1146 276.
1443 1112 1481 1142 et
1503 1105 1668 1155 Gry-sar.
1692 1105 1720 1142 l.
1743 1106 1772 1142 1.
1794 1118 1834 1155 p.
1856 1103 1955 1148 315.

440 1173 500 1210 ef.
523 1173 568 1210 C.
589 1173 756 1209 Pac-5012.
787 1171 815 1206 l.
831 1171 861 1206 l.
889 1172 978 1208 Not.
995 1173 1092 1212 279.
1119 1169 1346 1220 Distichon‚
1385 1171 1491 1223 quod
1518 1172 1657 1209 fecisse
1682 1171 1814 1222 ipsum
1831 1171 1875 1207 in
1892 1171 1954 1207 sui

440 1240 674 1276 memoriam
700 1243 860 1273 narrant
887 1238 989 1274 Acro
1015 1243 1054 1274 et
1082 1235 1217 1275 Schol.
1246 1238 1386 1289 Cruq.,
1412 1239 1623 1275 illustrant.
1641 1237 1795 1274 Fruter.
1823 1235 1955 1287 (Veri-

440 1307 560 1344 simil.
582 1304 622 1353 3,
641 1305 681 1342 7.
702 1305 745 1340 in
765 1304 918 1340 Gruter.
934 1305 1074 1354 Lamp.
1095 1304 1179 1340 crit.
1201 1305 1245 1342 V.
1261 1317 1301 1354 p.
1319 1303 1432 1356 365.)
1463 1311 1501 1342 et
1520 1305 1782 1341 Burmannus
1807 1305 1851 1340 in
1865 1305 1953 1340 An-

439 1369 540 1409 thol.
560 1372 629 1408 lat.
652 1371 720 1407 lib.
741 1372 790 1407 H.
809 1371 932 1420 epigr.
949 1371 1045 1410 213.
1060 1372 1090 1407 I.
1110 1384 1149 1421 p.
1168 1367 1264 1410 406.
1277 1399 1288 1419 ,
1317 1368 1395 1420 (ed
1417 1372 1468 1408 H.
1491 1372 1648 1422 Meyer,
1668 1372 1700 1407 I.
1716 1383 1756 1421 p.
1777 1371 1863 1409 XV.
1883 1369 1952 1417 20,

439 1437 526 1490 35.)
536 1439 640 1489 typis
654 1438 809 1488 repetiit
819 1436 939 1473 Both.
955 1437 998 1472 in
1007 1437 1165 1487 Tragic.
1177 1437 1333 1486 Fragm.
1346 1438 1378 1473 I.
1387 1450 1427 1487 p.
1439 1436 1534 1476 256.
1554 1438 1787 1489 Quanquam
1795 1444 1953 1487 tragoe-

440 1503 528 1541 diae
557 1505 639 1553 ejus
667 1517 748 1541 non
775 1504 858 1541 sine
878 1504 1017 1554 populi
1043 1505 1186 1555 plausu
1215 1503 1342 1541 editae
1370 1503 1571 1551 videntur,
1609 1504 1792 1541 Horatius
1818 1510 1952 1540 tamen

439 1584 558 1608 suum
583 1570 758 1608 cohibuit
775 1583 990 1617 assensum,
1016 1568 1123 1621 quod
1143 1570 1292 1621 Pupius
1311 1570 1473 1608 laudem
1490 1577 1754 1621 spectatorum
1771 1571 1953 1607 lacrimas

441 1637 652 1675 excitando
679 1638 815 1675 venari
839 1636 1060 1684 videretur3
1101 1634 1194 1672 inde
1221 1636 1410 1685 poemata
1439 1637 1665 1683 lacrimosa,
1698 1631 1952 1686 δακρυόεντα.

440 1706 525 1751 Quo
541 1706 674 1742 minus
696 1711 827 1740 autem
846 1704 1010 1740 Dacerio
1033 1704 1224 1740 assentiar
1243 1703 1453 1740 lacrimosa
1472 1704 1527 1741 les
1539 1702 1760 1754 pitoyahles
1770 1730 1788 1748 ,
1812 1702 1869 1739 les
1889 1702 1955 1739 la·-

439 1771 652 1808 mentables
683 1770 891 1820 Trage'dies
918 1770 1138 1819 conjectura
1171 1771 1405 1820 explicanti,
1436 1770 1601 1821 impedit
1623 1767 1815 1821 loquendi
1842 1782 1953 1806 usus.

440 1838 513 1877 0d.
537 1840 572 1887 1,
589 1840 658 1886 21,
682 1837 745 1878 13.
774 1836 919 1874 bellum
934 1836 1203 1880 lac-rimosum,
1223 1837 1306 1874 Sat.
1332 1838 1369 1885 1,
1388 1835 1425 1885 5,
1449 1839 1518 1878 80.
1551 1837 1756 1874 lacrimoso
1775 1848 1853 1872 non
1871 1837 1954 1872 sine

427 1906 564 1956 sumo·
604 1906 734 1942 Lucil.
756 1905 840 1942 Sat.
869 1905 917 1950 5,
947 1901 1013 1942 14.
1057 1901 1206 1939 Flebile
1230 1916 1319 1953 cepe
1346 1903 1468 1940 simul
1490 1903 1796 1952 lacrimosaeque
1817 1901 1954 1939 ordine

440 1973 574 2010 zallae.
611 1974 716 2010 Plin.
731 1973 839 2008 H.N.
856 1970 974 2018 19,6.
997 1969 1091 2006 odor
1106 1969 1349 2007 lacrimosus.
1387 1971 1544 2008 Goller:
1572 1969 1780 2023 θρηνῶδες
1809 1969 1953 2021 δρᾶμα.

550 2041 599 2078 V.
633 2039 700 2079 68.
731 2039 799 2078 69.
858 2037 932 2074 An
960 2036 1031 2086 qui
1056 2057 1112 2062 —
1139 2037 1284 2087 aptat?
1339 2039 1445 2074 Haec
1474 2038 1626 2085 omnia,
1659 2037 1748 2073 loco
1783 2036 1953 2086 eleganti

440 2107 525 2144 Sat.
548 2108 595 2155 2,
625 2107 676 2155 7,
709 2106 887 2147 83-88,
918 2101 1174 2152 illustranda,
1206 2117 1259 2140 ex
1286 2117 1393 2155 penu
1421 2102 1697 2155 philosophiae
1723 2101 1954 2154 deprompta

439 2180 545 2211 sunt.
606 2173 851 2222 Responsare
880 2172 1078 2208 Fortunae
1110 2176 1169 2207 est
1195 2172 1356 2222 Epicuri
1384 2183 1446 2222 ap.
1469 2172 1584 2221 Diog.
1605 2171 1735 2208 Laert.
1755 2168 1830 2216 10,
1860 2169 1953 2208 120.

439 2236 740 2280 ἀντιτάττεσθαι,
765 2241 817 2295 τῇ
844 2234 960 2292 Τύχῃ.
998 2237 1065 2274 Sic
1093 2238 1294 2276 Plutarch.
1326 2238 1374 2275 de
1406 2236 1510 2276 Aud.
1545 2239 1657 2275 Poet.
1689 2237 1756 2274 VI.
1781 2248 1824 2286 Ρ.
1853 2235 1946 2275 100.

440 2303 631 2360 ἅντείρειν
649 2309 700 2359 τῇ
719 2303 816 2361 τύχῃ
837 2304 906 2346 καὶ
923 2307 1054 2344 ποιεῖν
1074 2302 1232 2356 ὖψηλόν
1250 2303 1387 2345 ἑαυτὸν
1404 2303 1471 2344 καὶ
1487 2300 1764 2361 ἆταπξίνωτον.
1797 2300 1951 2339 Eodem

440 2387 562 2412 sensu
583 2386 810 2423 responsare
828 2370 1082 2423 cupidinibus·
1097 2372 1182 2408 Sat.
1202 2373 1230 2411 2
1243 2401 1254 2420 ,
1282 2373 1331 2420 7,
1366 2371 1434 2411 85.
1494 2370 1668 2408 Verbum
1693 2370 1826 2419 ipsum
1850 2368 1951 2406 bene

439 2443 641 2492 explicant
658 2440 918 2488 Heindoffius
936 2437 986 2475 ad
1003 2438 1088 2476 Sat.
1117 2440 1143 2477 2
1156 2466 1167 2486 ,
1201 2437 1227 2477 4
1240 2467 1250 2486 ,
1288 2440 1353 2478 18.
1381 2444 1420 2474 et
1438 2434 1775 2473 Mtscherliclzius
1795 2434 1952 2477 (contra

439 2508 714 2560 Doeringium)
733 2509 777 2545 in
795 2509 955 2544 Racem.
988 2506 1134 2544 Venus.
1155 2506 1266 2541 Fasc.
1288 2506 1354 2543 VI.
1373 2517 1415 2554 p.
1438 2501 1477 2543 4.
1509 2505 1556 2539 In
1574 2514 1658 2539 rem
1683 2501 1778 2540 dicit
1802 2502 1952 2540 Seneca

441 2574 490 2611 de
505 2577 683 2627 Tranqu.
707 2577 782 2615 An.
799 2574 866 2614 11.
903 2574 1032 2609 Tanta
1053 2574 1155 2609 enim
1164 2572 1324 2620 fiducia
1343 2572 1407 2607 sui
1427 2576 1500 2615 est,
1528 2575 1573 2606 ut
1592 2568 1748 2605 obviam
1757 2568 1952 2618 fortunae

440 2643 495 2678 ire
524 2656 602 2679 non
630 2642 794 2688 dubitet,
822 2654 894 2678 nec
922 2653 1100 2691 unquam
1128 2638 1211 2676 loco
1240 2651 1416 2674 cessurus
1442 2637 1516 2672 sit:
1549 2649 1618 2672 nec
1645 2635 1779 2681 habet,
1807 2634 1878 2673 ubi
1898 2635 1951 2671 il-

441 2708 523 2746 lam
543 2710 688 2746 timeat.
720 2709 780 2746 Id.
803 2709 930 2760 Epist.
957 2708 1022 2747 16.
1055 2705 1316 2755 Philosophia
1335 2701 1626 2747 adhortabimr,
1655 2709 1701 2739 ut
1717 2702 1804 2739 Deo
1825 2701 1950 2739 liben-

441 2782 498 2811 ter
507 2788 743 2823 pareamus,
764 2783 809 2813 ut
817 2776 1012 2827 fortunae
1031 2773 1309 2811 contumaciter
1328 2772 1569 2808 resistamus.
1602 2769 1660 2805 cf.
1683 2767 1794 2806 Stob.
1807 2768 1946 2818 Eclog.

439 2843 480 2882 2.
510 2855 552 2892 Ρ.
581 2840 796 2882 360—62
822 2841 885 2878 ed.
916 2843 1033 2878 Heer.
1072 2841 1176 2878 Oort.
1210 2837 1261 2876 ad
1290 2838 1370 2875 Cic.
1405 2837 1531 2888 Epist.
1558 2834 1609 2873 ad
1625 2836 1715 2873 Div.
1739 2833 1787 2883 5,
1815 2835 1880 2882 13,
1910 2835 1949 2874 1.

439 2909 602 2948 Sallust.
622 2909 654 2946 I.
673 2908 711 2957 1,
730 2907 771 2947 3.
799 2906 948 2946 Gernh.
969 2907 1020 2946 ad
1040 2907 1120 2946 cio.
1139 2907 1249 2946 Lael.
1267 2906 1307 2954 2,
1328 2907 1370 2945 7.
1406 2902 1582 2942 Ktihner.
1604 2901 1656 2939 ad
1673 2903 1753 2940 Cic.
1773 2903 1895 2940 Tusc.
1909 2901 1947 2948 5,
