2028 3268
383 221 466 263 292
539 222 913 264 COMMENTARII
932 222 990 262 IN
1008 222 1224 262 HORATII
1242 222 1337 264 LIB.
1353 224 1382 262 Ι.
1402 222 1561 263 EPIST.
1578 223 1726 262 SEXT.
1833 222 1886 266 24

380 349 541 399 judicat,
571 361 680 397 quum
708 351 881 396 „sextam
907 347 993 383 dicit
1020 346 1248 395 nugati-icem
1276 358 1360 383 esse
1388 346 1435 383 de
1463 346 1735 387 beatitudine.“
1782 347 1895 392 Quod

384 417 482 454 idem
514 416 677 463 disputat
714 415 760 450 de
796 412 1034 462 ambiguitate
1072 412 1174 449 verbi
1211 412 1460 460 admirandi,
1501 414 1588 451 nihil
1629 417 1718 465 agit.
1774 414 1895 453 Poeta

386 484 482 521 enim
515 482 621 519 animi
650 482 703 517 sui
733 480 822 516 satis
852 479 985 518 evolvit
1014 479 1269 530 complicatam
1296 481 1497 518 notionem.
1554 481 1696 520 Rursus
1729 482 1790 520 alii
1823 482 1896 519 hoc

384 547 627 600 Epistolicum
651 559 784 596 poema
810 546 963 583 meliore
989 551 1193 597 pensarunt
1220 549 1379 597 trutina,
1409 552 1450 586 ut
1475 546 1688 598 Laudinus,
1721 549 1778 586 cui
1804 549 1897 586 haec

384 616 556 667 Epistola
593 626 740 658 aurea,
770 612 1012 664 Parthenius,
1047 615 1103 651 cui
1130 614 1411 661 admirabilis,
1440 614 1683 665 Torrentius,
1717 617 1773 654 cui
1807 629 1898 653 erzi-

386 684 470 720 dita
497 682 641 718 (licitur.

494 747 701 798 Epistolam
736 747 832 784 haud
862 752 948 786 ante
976 760 1111 785 annum
1148 748 1244 791 729.
1286 750 1460 799 scriptam
1495 760 1579 786 esse
1613 760 1657 787 ex
1691 760 1800 786 versu
1827 749 1895 790 26.

385 829 471 854 vere
501 816 659 865 conjecit
689 815 906 851 Massonzis
933 813 1081 864 (Horat.
1108 815 1182 853 Vit.
1209 829 1248 866 p.
1267 815 1401 866 213.)·‚
1436 817 1467 852 si
1496 816 1576 865 quis
1604 815 1808 852 accuratius
1832 815 1899 852 de-

384 884 478 921 finiri
512 883 634 932 cupiat
665 882 876 931 scriptionis
907 885 1077 932 tempus,
1111 890 1268 934 propter
1301 895 1360 920 vv.
1395 885 1434 922 7.
1465 883 1534 922 33.
1564 878 1741 923 52—54.
1763 893 1899 918 annum

385 948 479 990 734.
524 949 583 986 vel
615 948 709 988 735.
753 948 896 999 (Varr.)
934 950 1098 987 dixerim.
1168 950 1261 988 Vide
1307 949 1356 986 ibi
1395 954 1585 988 annotata.
1643 949 1747 986 Idem
1787 949 1900 987 sentit

390 1015 676 1067 Grotffiendzi3‚
710 1017 771 1066 qui
802 1016 827 1053 l.
857 1015 883 1052 l.
919 1029 958 1066 p.
988 1013 1083 1055 474.
1141 1015 1348 1067 Epistolam
1378 1017 1425 1053 ad
1453 1028 1589 1053 annum
1609 1015 1702 1056 735.
1731 1017 1900 1053 referen-

384 1087 467 1123 dam
499 1084 718 1128 arbitratur3
758 1084 933 1120 dissentit
961 1082 1205 1120 Kirclznerus
1219 1111 1234 1128 ‚
1261 1094 1370 1133 quum
1402 1084 1441 1120 in
1473 1082 1599 1120 tabula
1636 1082 1804 1120 chronol.
1833 1095 1899 1120 an—

383 1164 469 1189 num
504 1152 598 1191 738.
641 1151 804 1200 scripsit.
869 1149 1060 1186 Valartzis
1091 1155 1129 1188 et
1163 1149 1398 1202 Doriglzello
1436 1162 1517 1186 eam
1545 1162 1642 1187 anno
1672 1150 1767 1190 730.
1806 1151 1899 1188 scri-

384 1223 487 1268 ptam
518 1219 727 1267 opinantur.
786 1217 845 1254 Cf.
888 1217 979 1254 Car.
1008 1217 1158 1254 Frank.
1218 1217 1322 1255 Fast.
1355 1217 1488 1255 Horat.
1518 1231 1557 1268 p.
1589 1214 1684 1259 204.

494 1283 715 1333 Singillatim
758 1284 796 1320 in
834 1282 1043 1334 Epistolam
1088 1288 1230 1322 sextam
1268 1285 1416 1322 diversa
1443 1285 1591 1334 quidem
1628 1285 1771 1322 ratione
1799 1296 1902 1321 com-

383 1351 536 1387 mentati
564 1354 652 1387 sunt
681 1350 742 1387 Jo.
771 1349 886 1400 Aug.
917 1348 1105 1400 Briegleb
1133 1351 1171 1388 in
1203 1351 1386 1400 Epistola
1424 1350 1483 1387 ad
1511 1351 1732 1387 societatem
1757 1352 1902 1400 priva-

384 1424 466 1454 tam
502 1417 796 1467 G-ottingensem
824 1416 965 1453 stadiis
997 1416 1299 1454 humanioribus
1326 1418 1529 1458 addictam
1561 1418 1680 1454 missa
1708 1421 1780 1455 etc.
1827 1417 1903 1454 Co-

384 1485 491 1534 burgi
531 1489 569 1523 et
597 1484 770 1535 Lipsiae,
814 1483 995 1523 sumtibus
1033 1483 1068 1521 J.
1104 1484 1150 1521 C.
1181 1483 1231 1521 D.
1261 1485 1409 1523 Sinner.
1447 1483 1594 1533 1805.‚
1636 1484 1707 1523 Ge.
1740 1483 1900 1521 Ludov.

383 1553 541 1602 Koenig
574 1553 612 1588 in
653 1550 788 1600 Progr.
828 1551 947 1588 schol.
991 1550 1039 1587 de
1074 1551 1239 1587 Horatii
1274 1551 1369 1589 libri
1397 1553 1523 1601 primi
1561 1550 1743 1600 Epistola
1778 1557 1899 1588 sexta.

383 1619 487 1656 Utini
527 1619 647 1659 1826.
694 1617 874 1668 (pertinet
911 1622 1054 1656 tantum
1095 1619 1143 1656 ad
1180 1619 1325 1668 priores
1370 1620 1421 1658 16
1464 1618 1634 1668 versus),
1685 1616 1773 1654 Chr.
1804 1617 1903 1654 Ern.

383 1685 496 1734 Aug.
532 1684 702 1722 Groebel
725 1685 764 1720 in
789 1683 921 1733 Progr.
957 1684 1074 1720 schol.
1098 1686 1310 1723 continente
1330 1685 1508 1722 editionis
1527 1685 1692 1721 Horatii
1708 1696 1734 1719 a
1759 1683 1903 1720 Christ.

385 1752 538 1788 David.
568 1751 667 1788 Jani
703 1753 839 1787 curari
874 1758 1030 1800 coeptae
1064 1751 1327 1788 absolvendae
1368 1753 1561 1801 specimen
1594 1750 1658 1788 ΠΙ.
1714 1749 1902 1799 Dresdae,

385 1819 482 1868 typis
522 1821 563 1854 C.
594 1818 643 1854 G.
679 1819 877 1856 Gaertneri
911 1817 1030 1858 1835.
1089 1819 1192 1856 Haec
1223 1820 1373 1869 scriptio
1412 1830 1485 1856 una
1523 1817 1737 1868 suppeditat
1763 1815 1904 1853 Poetae

384 1884 523 1933 verba,
566 1897 660 1934 quae
699 1889 841 1922 textum
879 1890 1025 1922 vocant.
1085 1886 1179 1922 Cum
1220 1886 1275 1923 his
1314 1887 1466 1934 confer,
1506 1897 1600 1935 quae
1636 1885 1684 1921 de
1721 1882 1904 1934 prioribus

384 1964 502 1989 verSS.
547 1951 739 2000 eleganter
779 1952 1017 2001 disputarunt
1055 1952 1112 1992 D.
1149 1952 1306 1990 indov.
1335 1951 1572 1988 Doederlein
1604 1951 1643 1987 in
1675 1950 1907 1987 Lectionum

385 2019 706 2054 Horatianaram
735 2018 890 2058 decade.
948 2018 1157 2067 Erlangae,
1191 2020 1288 2068 typis
1314 2019 1517 2069 Jungeanis
1549 2017 1669 2059 1828.
1699 2030 1737 2067 Ρ.
1755 2017 1907 2064 8-12,

387 2085 455 2120 Fr.
493 2083 638 2120 Jacobs
676 2086 714 2121 in
747 2083 998 2134 „Vermischt.
1034 2084 1219 2122 Schrift.“
1250 2085 1298 2123 V.
1332 2099 1371 2135 p.
1405 2084 1638 2126 151—161.
1694 2084 1762 2120 His
1795 2083 1908 2131 adde,

386 2164 496 2201 quem
530 2151 656 2189 laudat
683 2151 891 2189 Schmidius
925 2151 975 2188 ad
1004 2165 1039 2188 v.
1072 2153 1124 2200 1.‚
1166 2151 1258 2191 Chr.
1300 2152 1369 2191 W.
1407 2151 1521 2188 Snell
1553 2148 1684 2196 „iiber
1715 2149 1788 2186 das
1815 2150 1909 2186 Ho-

386 2218 562 2255 razisclze
600 2217 723 2254 Nihil
755 2218 962 2255 admirari.
978 2222 1015 2240 ‘⁸‘
1077 2217 1307 2257 Wiesbaden
1352 2215 1472 2260 1824.
1504 2222 1542 2256 et
1582 2215 1830 2266 „Vorschlag
1861 2229 1907 2253 zu

388 2287 506 2323 einem
535 2284 730 2335 Vergleich
759 2285 943 2323 zwischen
977 2286 1060 2323 dem
1091 2285 1216 2323 Herrn
1241 2285 1343 2323 Verf.
1375 2286 1442 2323 der
1460 2294 1582 2323 neuen
1609 2281 1705 2320 Bibl.
1735 2293 1782 2318 zu
1799 2279 1908 2319 Halle

388 2353 463 2390 und
494 2352 579 2389 dem
612 2352 810 2402 Inspector
838 2352 1056 2398 Heumann3
1098 2351 1230 2403 wobey
1267 2351 1450 2403 zugleiclz
1494 2351 1567 2388 das
1605 2348 1686 2384 Nil
1716 2348 1911 2384 admirari

392 2419 661 2454 Horatianam
690 2417 839 2454 erkldrt
864 2418 977 2455 wird.
1034 2418 1222 2456 Eisenach
1249 2418 1404 2459 1712.“
1459 2417 1502 2455 In
1523 2415 1682 2467 patrium
1701 2427 1909 2453 sermonem

389 2485 603 2534 singillatim
636 2484 906 2523 transtulerunt
947 2485 1104 2522 Hercler
1139 2486 1176 2523 in
1221 2484 1404 2522 Adrastea
1437 2483 1476 2531 Ι,
1516 2485 1554 2524 2.
1593 2496 1632 2532 p.
1670 2481 1907 2530 275—-280‚

389 2550 578 2602 Briegleb
608 2551 656 2588 ad
686 2552 824 2589 calcem
862 2551 970 2600 libri,
1001 2555 1043 2588 ut
1075 2553 1126 2589 ait
1154 2551 1180 2588 l.
1215 2551 1240 2588 l.
1270 2564 1308 2601 p.
1338 2548 1420 2598 24„
1452 2548 1640 2594 „Selmle
1673 2548 1742 2585 der
1773 2548 1909 2586 Weis-

390 2617 470 2653 lzeit
496 2618 600 2655 nac-li
627 2619 833 2667 Epictet.“
907 2618 1074 2668 Coburg.
1104 2615 1224 2658 1805.
1283 2617 1445 2666 Sinner.,
1475 2616 1555 2653 Dr.
1588 2614 1848 2666 Niirnberger
1871 2616 1908 2652 in

390 2682 733 2735 „Freimiithigen“
765 2681 887 2726 1824.
945 2685 1017 2722 Nr-
1050 2685 1143 2727 126·

505 2748 550 2787 V.
573 2753 611 2790 1.
634 2754 672 2793 2.
732 2750 854 2787 Nihil
879 2750 1077 2788 admirari
1093 2771 1149 2779 —
1169 2748 1337 2786 beatam.
1394 2748 1571 2787 Definitio
1601 2748 1730 2785 summi
1755 2747 1843 2785 boni
1873 2751 1909 2784 et

392 2817 442 2853 ad
473 2817 511 2853 id
531 2819 801 2866 assequendum
821 2819 999 2856 invitatio.
1041 2818 1124 2862 Qua
1153 2817 1299 2868 quidem
1327 2817 1365 2852 in
1387 2829 1428 2853 re
1459 2815 1636 2853 Horatius
1665 2815 1779 2851 utitur
1797 2823 1906 2863 prae-

397 2888 507 2935 cepto
543 2885 704 2933 quodam
737 2885 836 2922 varia
866 2897 979 2935 saepe
1013 2885 1155 2922 ratione
1197 2883 1244 2920 ab
1273 2883 1433 2932 antiquis
1474 2880 1727 2932 philosophiS‚
1763 2883 1805 2916 ut
1835 2877 1907 2927 Py-
