2028 3268
373 249 456 290 256
502 248 874 288 COMMENTARII
896 246 951 285 IN
970 244 1193 286 HORATII
1215 244 1314 284 LIB.
1333 244 1363 284 Ι.
1396 243 1558 287 EPIST.
1581 244 1763 292 QUINT.
1818 245 1872 285 66

376 372 435 409 ille
452 372 658 420 Moschum,
676 371 836 408 veneficii
856 382 970 419 reum,
999 369 1269 406 defendendum
1288 368 1504 418 susciperet,
1530 368 1637 418 hujus
1655 368 1707 404 rei
1725 377 1873 404 causam

375 438 463 475 mihi
492 439 616 475 videor
643 436 928 486 deprehendisse
957 435 1063 471 valde
1094 434 1332 484 probabilem.
1389 434 1546 470 Nonius
1580 434 1721 483 aliquot
1758 434 1876 469 annis

376 511 467 540 ante
493 504 526 553 [12
537 505 558 552 !]
578 503 738 541 veneficii
757 515 903 539 causam
919 529 930 551 ‚
958 505 1154 539 accusante
1174 500 1306 538 Cassio
1330 500 1488 549 Severo,
1516 500 1656 538 dixerat
1682 503 1720 538 et
1747 497 1876 550 procul

375 571 486 607 dubio
506 574 583 606 tum
604 567 719 604 Asinii
739 568 913 605 Pollionis
933 568 1146 605 defensione
1165 570 1242 604 tum
1262 565 1422 615 Augusti
1440 566 1658 603 auctoritate
1685 565 1876 604 absolutus

374 637 505 674 fuerat.
563 634 694 681 Itaque
727 634 814 670 mihi
842 632 986 670 videtur
1016 635 1065 671 ad
1092 633 1183 670 illud
1210 632 1454 682 patrocinium
1479 632 1661 669 adductus
1682 633 1794 670 fuisse
1811 635 1877 669 aut

377 704 535 742 criminis
563 703 667 739 istius
698 701 881 751 gravitate
910 703 975 737 aut
1007 700 1147 750 pietate
1167 699 1342 735 adversus
1375 698 1590 747 Moschum,
1617 710 1692 747 quo
1721 699 1878 736 fortasse

377 770 520 808 dicendi
545 769 724 818 magistro
757 780 844 803 usus
863 765 1017 803 fuisset“
1042 768 1127 813 etc,
1157 777 1267 814 quum
1288 765 1400 814 igitur
1419 764 1505 802 talia
1523 764 1728 814 addiderit,
1754 764 1877 802 nescio

376 849 479 886 sune,
507 835 715 884 quomodo,
744 846 855 882 quum
878 832 940 869 illa
969 844 1078 869 causa
1095 831 1257 869 veneficii
1273 832 1310 868 in
1325 843 1461 868 annum
1479 843 1516 869 u.
1540 843 1572 867 c.
1588 828 1682 870 745.
1703 830 1762 882 (p,
1783 830 1876 871 303,

377 908 414 940 et
440 904 477 939 in
507 900 830 938 Commentatione
849 900 896 935 de
920 899 1053 935 Cassio
1078 899 1287 934 Parmensi
1316 913 1353 949 p.
1377 894 1491 950 198.)
1521 897 1692 934 incidisse
1724 897 1879 946 dicatur,

376 970 465 1006 haec
485 968 627 1005 Moschi
647 979 757 1004 causa
776 966 812 1002 in
833 978 968 1002 annum
989 965 1099 1015 733„
1119 977 1192 1013 quo
1213 965 1388 1015 scriptam
1409 975 1490 1000 esse
1506 963 1678 1012 opinatur
1695 963 1881 1002 weicher-

376 1041 436 1072 tus
470 1036 566 1071 hanc
588 1033 820 1083 Epistolam‚
848 1033 1007 1068 incidere
1036 1032 1212 1081 potuerit.
1268 1031 1355 1068 Non
1389 1043 1432 1067 eo
1461 1031 1544 1081 ipso
1574 1030 1691 1067 omnis
1710 1029 1880 1067 inciditur

376 1104 429 1140 vis
448 1103 677 1151 conjecturae
691 1126 703 1148 ,
727 1111 836 1147 quam
856 1100 902 1136 de
922 1099 1054 1134 Nonio
1079 1098 1301 1147 Asprenate
1327 1099 1521 1147 Torquato
1549 1096 1718 1133 omnibus
1746 1095 1882 1133 doctri-

375 1182 444 1206 nae
464 1169 577 1218 copiis
597 1166 786 1205 contexuit
804 1165 856 1203 vir
877 1163 1140 1202 doctissimus?
1166 1162 1227 1200 An
1245 1163 1301 1200 bis
1323 1164 1362 1200 in
1382 1164 1542 1200 indicato
1564 1175 1662 1200 anno
1680 1162 1806 1212 lapsus
1825 1164 1883 1198 est

375 1233 600 1285 typotheta‘?
637 1232 766 1270 solvat
785 1231 954 1279 aenigma
973 1231 1043 1268 hoc
1062 1243 1156 1267 unus
1178 1243 1222 1268 ex
1243 1231 1398 1281 Oedipis
1410 1259 1420 1278 ,
1447 1242 1524 1266 non
1542 1242 1623 1278 ego.

486 1301 529 1338 V.
553 1300 702 1341 9—11.
743 1315 832 1337 cras
853 1306 945 1336 nato
965 1321 1021 1328 —-
1048 1305 1209 1337 noc-tem.
1268 1297 1375 1334 Diem
1404 1297 1504 1334 illum
1525 1297 1660 1332 festum
1684 1297 1885 1344 praeeunte

376 1367 584 1405 Scholiasta
616 1367 769 1417 Cruquii
802 1370 901 1404 recte
926 1365 1139 1415 intelligunt
1171 1364 1331 1401 natalem
1365 1363 1534 1400 Caesaris
1562 1360 1722 1410 Augusti
1749 1361 1788 1396 d.
1818 1358 1883 1397 IX.

377 1435 461 1471 Kal.
483 1433 636 1472 Octobr.
657 1433 695 1470 h.
715 1445 747 1469 e.
770 1434 828 1470 die
844 1434 910 1473 23.
932 1446 981 1469 m.
1003 1432 1212 1482 Septembr.
1234 1431 1310 1468 nati
1332 1432 1547 1466 Mas-sonus
1567 1443 1604 1479 p.
1625 1426 1732 1475 209„
1767 1425 1877 1480 Wi-

379 1501 532 1537 clm-tus
561 1513 598 1550 p.
619 1499 730 1546 316„
765 1500 991 1537 Schmidius
1018 1500 1056 1535 in
1087 1499 1149 1535 ed.
1178 1497 1410 1534 Braunhardi
1430 1496 1475 1533 II.
1504 1509 1541 1546 p.
1558 1492 1666 1542 490„
1701 1492 1885 1542 Orellius,

384 1569 476 1604 Car.
499 1567 696 1603 libant-ms
724 1567 804 1604 loco
822 1580 936 1616 supra
960 1566 1126 1603 laudato.
1184 1564 1315 1612 Neque
1336 1563 1462 1600 obstat
1482 1575 1558 1598 nox
1581 1561 1747 1604 aestiva,
1778 1570 1886 1608 quae,

379 1648 592 1685 quanquum
624 1633 887 1682 auctumnalis,
924 1632 1027 1669 Italis
1060 1631 1154 1668 bene
1186 1631 1318 1667 dicitur
1343 1629 1494 1666 aestiva.
1551 1627 1612 1663 Sic
1630 1625 1732 1675 Virg.
1753 1625 1823 1664 Ge.
1848 1626 1886 1675 1,

379 1703 474 1741 311.
540 1701 647 1749 Quid
673 1706 915 1748 tempestates
935 1699 1142 1734 auctumni
1162 1704 1198 1732 et
1221 1697 1350 1733 sidera
1371 1693 1531 1732 dicam?
1557 1693 1693 1744 Atque
1718 1693 1887 1740 abisam

381 1768 606 1817 breviorque
623 1766 704 1803 dies
727 1773 763 1801 el:
787 1765 942 1801 mollior
957 1771 1086 1800 aestas
1097 1792 1112 1809 ,
1148 1764 1258 1812 Quae
1276 1762 1487 1813 vigilanda
1503 1762 1598 1798 viris
1609 1760 1630 1796 ?
1658 1764 1696 1798 et
1712 1761 1762 1797 ibi
1777 1761 1887 1800 Voss,

381 1850 420 1886 p.
444 1833 534 1873 149.
562 1833 742 1884 Calpurn.
770 1832 846 1868 Ecl.
874 1832 918 1881 1,
948 1832 984 1870 1.
1041 1831 1234 1868 ‚Nondum
1263 1829 1368 1866 Solis
1399 1842 1516 1879 equos
1546 1827 1708 1864 declivis
1731 1829 1888 1879 mitzjgat

381 1908 529 1949 aestas,
567 1900 757 1948 Quamvis
787 1905 823 1934 et
852 1897 1024 1934 madidis
1057 1896 1289 1934 incumbant
1308 1896 1423 1946 prela
1447 1897 1609 1932 racemis
1631 1894 1688 1930 Et
1709 1902 1892 1944 spument

382 1981 501 2004 rauco
520 1967 718 2017 ferventia
751 1972 881 2001 musta
905 1977 1074 2000 susurro.
1132 1964 1302 2001 Caesaris
1331 1965 1454 1999 autem
1473 1959 1633 2009 Augusti
1657 1961 1754 1998 diem
1784 1965 1890 2000 nata-

381 2035 452 2071 lem
480 2033 678 2083 quotannis
705 2032 850 2082 publice
879 2031 1103 2069 celebratum
1131 2042 1213 2068 esse
1241 2031 1376 2067 docent
1402 2026 1474 2064 Dio
1493 2027 1600 2064 Cass.
1621 2027 1694 2077 51,
1725 2027 1791 2067 19.
1823 2027 1890 2078 54,

383 2103 419 2140 8.
439 2102 503 2140 26.
523 2098 587 2138 34.
610 2100 683 2149 56,
716 2099 783 2139 29.
802 2096 868 2137 46.
926 2099 1081 2135 sueton.
1103 2097 1234 2138 octav,
1257 2095 1323 2136 57.
1343 2093 1431 2142 ibiq.
1454 2093 1614 2134 casaub.
1643 2098 1682 2132 et
1700 2108 1793 2144 quos
1811 2096 1891 2133 lau-

383 2168 449 2203 dat
468 2165 667 2204 Weichert.
686 2179 723 2216 p.
744 2165 837 2204 318.
895 2164 1026 2213 Itaque
1044 2175 1119 2200 non
1138 2163 1218 2199 sine
1238 2160 1398 2210 quadam
1427 2163 1536 2210 grata
1552 2158 1712 2210 Augusti
1734 2175 1893 2200 comme-

384 2234 588 2272 moratione
623 2235 769 2269 noctem
805 2231 876 2282 ipsi
911 2231 982 2267 diei
1016 2229 1131 2267 natali
1167 2228 1450 2278 praecedentem
1488 2227 1593 2264 hilari
1619 2228 1785 2266 convivio
1810 2242 1892 2266 cum

384 2301 525 2349 aliquot
547 2299 672 2336 amicis
697 2311 738 2335 se
767 2297 961 2348 profitetur
992 2299 1263 2333 transacturum
1286 2294 1410 2331 hilaris
1432 2292 1560 2332 Poeta.
1618 2293 1738 2332 Nimis
1769 2299 1892 2333 autem

384 2366 678 2405 verecundantur
715 2376 932 2412 omnemque
964 2363 1113 2400 modum
1143 2362 1346 2410 excedunt,
1385 2362 1417 2398 si
1454 2362 1517 2410 qui
1545 2362 1652 2409 sunt,
1691 2362 1754 2410 qui
1778 2361 1826 2399 ob
1853 2362 1892 2398 id

385 2445 523 2482 unum,
552 2443 598 2468 ne
635 2431 814 2468 Horatius
843 2430 880 2466 in
907 2430 996 2466 illud
1034 2429 1168 2465 crimen
1197 2427 1437 2476 adulationis,
1466 2428 1566 2475 quod
1598 2428 1631 2464 ei
1657 2428 1789 2465 afferre
1817 2441 1893 2466 non

387 2499 560 2534 desinunt
592 2497 739 2546 Bo'rnii‚
778 2496 971 2544 Menzelii,
1010 2496 1170 2543 incidat,
1198 2494 1295 2530 hunc
1334 2494 1429 2530 diem
1465 2494 1599 2530 festum
1623 2494 1720 2532 Julio
1743 2495 1895 2533 Caesari

387 2564 547 2601 dicatum
568 2564 708 2602 volunt.
765 2563 965 2612 Nunquam
991 2563 1060 2600 fuit
1095 2561 1274 2599 Horatius
1303 2563 1379 2598 tam
1407 2560 1530 2610 pusilli
1559 2561 1693 2611 animi,
1720 2561 1764 2599 u't
1793 2573 1894 2599 more

388 2631 573 2678 modoque
616 2630 802 2667 hominum
843 2629 1043 2667 aulicorum
1084 2628 1263 2666 serviliter
1302 2626 1516 2664 adularetur
1560 2625 1744 2676 Augusto.
1809 2625 1892 2663 Vid.

388 2696 636 2733 I'eldbausclz
669 2698 716 2733 (le
758 2696 805 2744 Q.
841 2698 940 2733 Hor.
966 2696 1028 2734 Fl.
1057 2709 1134 2731 non
1158 2693 1376 2730 adulatore.
1436 2693 1610 2730 Heidelb.
1633 2692 1752 2734 1839.
1769 2705 1808 2742 p.
1827 2692 1893 2732 32.

388 2766 427 2799 et
459 2763 610 2813 Teuffel
636 2763 674 2799 in
707 2763 828 2799 Jahnii
855 2762 979 2803 NJbb.
1022 2760 1142 2802 1840.
1171 2758 1341 2798 XXVIII.
1379 2760 1418 2799 3.
1459 2774 1499 2810 p.
1524 2760 1618 2800 333.
1674 2758 1894 2810 Complures

389 2834 513 2866 tamen
533 2829 591 2865 alii
615 2833 657 2865 ut
683 2830 897 2874 Daeerim,
915 2830 1170 2879 Desprezius,
1196 2829 1408 2871 Gesnems,
1435 2826 1710 2872 lffi'elandius,
1729 2826 1895 2862 Braun-

390 2895 540 2933 hardus
550 2923 567 2941 ,
610 2895 872 2946 Clzatpentier.
884 2925 901 2942 ,
937 2895 1197 2948 Grotefendus
1222 2894 1277 2947 (in
1305 2893 1507 2945 Encyclop.
1529 2893 1684 2932 Halens.
1717 2892 1817 2929 Sect.
1839 2889 1891 2927 Π.
