2054 3268
378 229 447 290 40'
520 251 882 290 COMMENTARII
910 252 965 288 IN
990 251 1207 288 HORATII
1235 250 1405 288 EPIST.
1435 251 1576 289 ΡΒΙΜ.
1596 251 1693 288 Lm.
1720 251 1752 288 1.

378 361 673 400 Alexandrinus
685 391 696 410 ,
732 362 911 412 Augusto
940 361 1023 398 fere
1052 362 1243 413 aequalis.
1279 362 1451 397 Frustra.
1486 361 1736 412 IniquissIme
1760 366 1894 398 autem

377 430 523 466 Poetae
558 430 751 466 rationem
781 426 1089 478 philosophandi
1112 428 1299 479 pervertit
1328 433 1446 478 atque
1481 429 1655 478 exagitat
1675 429 1714 466 J.
1742 428 1894 466 Casan-

379 494 502 532 bomas
520 497 562 532 in
586 495 810 544 Prolegom.
830 493 880 530 ad
902 495 1032 542 Pers.‚
1065 495 1134 531 ubi
1161 495 1263 531 inter
1288 494 1365 530 alia
1404 494 1582 541 „Parum
1601 495 1675 532 sibi
1695 495 1893 542 constat‚“

379 563 456 610 ait,
491 575 598 610 „nec
626 560 784 598 fidelem
812 562 968 598 virtutis
990 562 1222 611 magistrum
1249 562 1343 611 agit.
1388 562 1543 598 Passim
1563 561 1670 598 enim
1698 562 1740 598 in
1765 562 1894 599 aliena

378 630 519 666 transit
550 634 697 675 castra,
734 639 815 664 non
846 634 1038 678 tanquam
1065 628 1309 678 explorator,
1357 626 1427 665 sed
1454 635 1644 679 tanquam
1676 629 1894 678 transfuga.

379 695 506 745 Saepe
534 695 712 732 Stoicmn
737 692 866 731 dicas:
905 707 1021 746 saepe
1046 696 1304 745 Epicureum,
1346 701 1414 730 aut
1447 695 1737 745 Aristippeum:
1777 707 1894 746 saepe

378 772 471 797 vero
506 759 554 796 de
586 761 709 812 Anyti
733 767 771 797 et
793 762 920 797 Meliti
957 768 1024 798 aut
1056 760 1331 812 Aristophanis
1359 767 1476 812 gente
1507 767 1762 811 prognatam:
1794 760 1894 799 adeo

377 827 602 877 frequenter
621 833 659 864 et
683 827 820 864 acerbe
839 827 1005 876 Stoicos,
1043 841 1164 879 penes
1187 841 1285 879 quos
1312 829 1417 865 solos
1439 829 1508 864 illa
1533 834 1660 864 aetate
1677 829 1894 879 sapientiae

377 895 648 943 magisterium
662 895 751 942 fuit,
775 895 935 944 sugillat
956 902 995 931 et
1013 895 1161 944 irrIdet,
1190 908 1320 946 neque
1340 893 1603 931 dubitandum
1624 901 1706 943 est,
1735 896 1895 946 qualem

378 959 559 998 videmth
573 962 616 998 in
634 962 757 1012 ipsius
777 962 943 1011 scriptis,
962 961 1085 997 talem
1099 962 1220 999 fuisse
1241 964 1284 998 in
1302 964 1383 998 vita
1405 974 1562 1013 quoque
1574 962 1894 999 inconstantiam.

380 1027 548 1079 Scripsit
573 1029 679 1064 enim
703 1029 818 1065 sicuti
838 1029 981 1066 vixit.“
1038 1028 1119 1065 Sed
1139 1036 1183 1066 ut
1202 1036 1375 1078 taceam,
1401 1030 1526 1065 multa
1548 1041 1756 1079 perperam
1772 1030 1895 1066 intel-

378 1095 502 1142 lecta,
530 1095 658 1132 multa
681 1095 758 1130 alia
775 1094 931 1142 jocosae
951 1107 1116 1144 poeseos
1143 1097 1276 1146 generi
1299 1095 1429 1134 danda
1451 1109 1535 1132 esse
1551 1123 1562 1143 ‚
1591 1102 1636 1132 ut
1657 1108 1695 1133 v.
1718 1096 1895 1145 12—19,

380 1161 461 1199 vid.
484 1163 552 1213 qui
573 1161 715 1198 rectius
733 1159 912 1209 judicant
933 1162 1104 1211 Rupert.
1135 1161 1187 1199 ad
1205 1165 1289 1200 Iuv.
1311 1165 1342 1200 Ι.
1370 1176 1409 1214 p.
1435 1163 1596 1199 CXXXI
1615 1174 1702 1214 sqq.
1733 1162 1896 1214 (1801),

379 1229 548 1278 Koenig.
582 1226 630 1264 de
653 1227 736 1267 Sat.
765 1229 881 1264 Rom.
904 1241 942 1278 p.
963 1229 1016 1268 62
1041 1242 1148 1281 sqq.,
1183 1230 1389 1268 Weland.
1419 1231 1470 1268 ad
1489 1229 1529 1268 h.
1548 1232 1623 1268 loc.
1644 1245 1684 1282 p.
1703 1227 1895 1278 39—45.,

384 1295 616 1344 Capmartin
635 1293 682 1330 de
704 1293 870 1343 Clzachy
888 1293 1126 1332 De‘eoaverte
1144 1296 1191 1334 de
1216 1296 1259 1333 la
1285 1299 1437 1334 maison
1456 1304 1529 1334 etc.
1559 1299 1627 1334 III.
1648 1312 1688 1349 p.
1709 1298 1792 1337 338
1809 1309 1897 1348 sqq.

382 1363 529 1398 Mansa
544 1362 587 1397 iu
610 1389 633 1409 „
646 1361 901 1411 Naehtmege
914 1375 948 1397 z.
981 1362 1139 1400 Salzers
1155 1363 1317 1414 allgem.
1349 1365 1485 1401 Theor.
1500 1366 1524 1385 ‘⁶
1551 1365 1617 1402 IV.
1636 1366 1676 1404 2.
1696 1377 1736 1414 p.
1751 1361 1898 1404 473-

380 1426 476 1468 481.
535 1428 595 1464 Cf.
618 1429 866 1479 Campenon:
893 1427 1014 1465 Essai
1037 1444 1106 1466 sar
1130 1430 1172 1466 la
1198 1432 1259 1467 vie
1279 1438 1315 1467 et
1343 1431 1398 1468 les,=
1427 1432 1540 1468 ecrite
1566 1430 1779 1468 d'Horace.
1801 1432 1832 1467 I.
1855 1443 1898 1481 p.

380 1496 549 1532 XXXIX
569 1508 656 1547 sqq.
684 1502 723 1532 et
750 1509 851 1547 quae
871 1508 943 1533 nos
965 1497 1041 1547 ipsi
1063 1496 1236 1535 diximus
1255 1512 1295 1548 p.
1322 1499 1389 1538 21.
1409 1498 1503 1536 edit.
1536 1499 1572 1538 1.
1628 1499 1739 1535 Alios
1761 1496 1898 1534 laudat

381 1560 532 1598 Baelzr.
554 1563 597 1598 in
623 1563 854 1599 Gesekiclzte
871 1563 940 1600 cler
952 1566 1049 1599 rc'im.
1071 1564 1155 1599 Lit.
1179 1565 1212 1612 §.
1227 1563 1320 1606 104.
1330 1571 1412 1602 not.
1431 1568 1471 1606 7.
1492 1566 1596 1602 Ante
1615 1578 1751 1603 omnes
1764 1571 1898 1602 tamen

384 1626 433 1664 de
454 1630 562 1665 omni
584 1643 624 1666 re
645 1630 902 1667 subtilissime
918 1628 1070 1679 judicat
1096 1629 1139 1666 C.
1165 1631 1380 1667 Passovias
1397 1633 1439 1668 in
1463 1631 1758 1670 dissertatione:
1790 1632 1899 1680 „Le-

384 1694 456 1731 ben
478 1696 565 1732 ancl
585 1697 773 1733 Zeitalter
788 1697 854 1733 des
871 1698 974 1734 IIor.
989 1699 1013 1718 ‘⁶
1036 1711 1076 1748 p.
1097 1698 1198 1735 XIV.
1223 1699 1510 1736 XVII—XXX.
1567 1699 1628 1736 cf.
1653 1697 1899 1751 Bernhardy.

391 1762 611 1799 Grzcndriss
631 1763 671 1800 d.
695 1765 814 1801 Ram.
837 1765 920 1801 Lit.
946 1778 984 1815 p.
1008 1764 1104 1804 238.
1128 1770 1167 1800 et
1184 1765 1231 1801 A.
1243 1764 1420 1802 Arnold:
1447 1767 1532 1803 Des
1545 1766 1684 1802 Horaz
1706 1766 1900 1817 Briesan

384 1830 447 1866 die
465 1831 652 1867 Pisonen.
682 1833 816 1868 Berlin
831 1832 936 1872 1836
952 1845 991 1882 p.
1009 1833 1049 1871 2.
1074 1829 1233 1868 L'ubker
1246 1832 1288 1867 in
1308 1845 1438 1882 progr.
1458 1831 1645 1870 scholast.
1667 1831 1898 1883 Schleswig,

387 1897 505 1936 1837.
516 1910 556 1947 p.
572 1897 610 1936 5.
623 1910 682 1948 sq.
699 1899 813 1946 „Zur
829 1898 1135 1935 Charakteristik
1147 1897 1213 1935 des
1222 1899 1405 1936 Horaz.“
1416 1921 1472 1927 —
1484 1902 1589 1937 Num
1597 1902 1648 1936 H.
1662 1900 1900 1950 inallegoria

384 1976 421 2000 v.
435 1963 499 2011 15,
513 1976 590 2014 qua
597 1966 697 2001 mira
706 1967 766 2002 vis
778 1966 879 2002 inest
891 1966 932 2001 in
942 1966 1061 2002 verbo
1072 1965 1210 2014 hospes
1221 1978 1243 2002 a
1257 1967 1395 2004 Vossio
1407 1973 1578 2003 nostrate
1587 1967 1767 2017 neglecta
1783 1963 1900 2016 (Pas—

384 2043 467 2067 sov.
479 2031 535 2067 l.l.
547 2032 593 2067 N.
606 2032 660 2072 57
663 2032 707 2082 .),
718 2032 768 2070 ad
778 2034 954 2070 Platonis
964 2033 1006 2068 in
1015 2031 1234 2070 Theaeteto
1249 2027 1506 2085 ἄνερμάτιστοι
1522 2036 1653 2082 πλοῖα,
1666 2034 1902 2085 quibuscmn

385 2098 414 2133 ii
435 2105 729 2148 comparantur,
760 2101 828 2150 qui
849 2107 999 2136 certum
1025 2106 1159 2136 tenere
1182 2113 1339 2137 cursum
1362 2101 1559 2149 nesciant,
1590 2101 1824 2151 respexerit,
1856 2106 1903 2138 ut

385 2165 441 2201 ait
462 2165 514 2201 P.
539 2166 691 2202 Petitus
711 2167 753 2202 in
778 2168 890 2204 Misc.
910 2168 1020 2204 Obss.
1041 2164 1080 2214 4,
1100 2167 1140 2206 3.
1162 2180 1202 2217 p.
1216 2165 1324 2216 249„
1348 2168 1516 2205 aliorum
1537 2169 1587 2205 sit
1600 2167 1807 2217 judicium.
1835 2167 1902 2205 Si-

385 2232 532 2268 militer
550 2231 629 2268 Cic.
650 2231 772 2270 Acad.
794 2235 833 2282 2,
850 2233 889 2282 3,
902 2235 940 2274 8.
958 2233 1015 2270 acl
1024 2246 1299 2284 quameunque
1309 2242 1403 2271 sunt
1413 2234 1666 2284 disciplinam
1679 2235 1796 2285 quasi
1811 2241 1903 2270 tem-

379 2305 531 2347 pestate
546 2299 685 2344 delati,
704 2300 760 2337 ad
771 2314 857 2338 eam
858 2329 874 2346 ,
893 2308 1086 2350 tanquam
1098 2300 1156 2337 ad
1162 2314 1320 2347 saxam,
1334 2301 1630 2338 adhaerescunt.
1667 2301 1839 2351 Cruquio
1851 2298 1903 2336 ad

386 2363 592 2417 PhOCylld·
622 2367 725 2406 112:
754 2369 879 2419 καιρῷ
896 2361 1115 2419 λατρεύειν,
1155 2364 1242 2418 μητ’
1260 2365 1481 2407 ἄντιπνὲειν
1506 2362 1709 2418 οἷνέμοισιν
1729 2367 1903 2403 allusum

387 2444 471 2468 esse
481 2431 647 2470 videtur.
676 2434 735 2471 De
746 2434 865 2470 verbo
881 2432 1026 2483 deferri
1034 2434 1211 2483 legitimo
1225 2434 1272 2471 de
1284 2434 1561 2484 navigantibus
1575 2432 1678 2470 dixit
1688 2431 1903 2470 Ruhnken.

388 2496 440 2534 ad
456 2499 556 2535 Vell.
576 2501 618 2547 1,
643 2501 679 2539 1.
699 2507 738 2537 et
762 2499 810 2537 de
829 2500 1136 2537 constructione:
1156 2499 1528 2551 addictas-deferor
1546 2506 1649 2537 recte
1661 2497 1905 2537 Schmidius.

498 2566 543 2602 V.
567 2567 632 2606 16.
658 2569 722 2607 17.
754 2567 879 2604 Nunc
896 2565 1208 2617 agilis-satelles.
1245 2567 1469 2604 Hoclzedm·
1486 2566 1536 2604 ad
1555 2566 1662 2604 hunc
1684 2567 1819 2604 locum
1830 2567 1905 2604 ob-

390 2632 557 2668 servatio
570 2661 579 2679 ‚
598 2631 659 2670 his
678 2635 856 2672 versibus
876 2641 915 2670 et
935 2634 998 2673 18.
1021 2634 1086 2673 19.
1100 2632 1374 2671 tantummodo
1397 2634 1518 2670 animi
1537 2632 1804 2684 agitationem,
1826 2645 1906 2685 qua

390 2699 485 2735 Hor.
504 2711 545 2735 se
565 2698 715 2736 dederit
734 2701 875 2739 studiis
894 2699 1183 2752 philosophiae,
1202 2700 1426 2751 significari,
1449 2713 1501 2737 ex
1519 2708 1630 2752 parte
1640 2708 1796 2738 tantum
1812 2713 1906 2738 vera

391 2770 464 2801 est.
500 2766 659 2801 Etenim
690 2778 812 2816 quum
834 2770 888 2805 ait
917 2782 954 2805 v.
981 2766 1019 2805 d.
1043 2767 1188 2816 „deun
1206 2779 1357 2804 warum
1381 2769 1496 2805 sollte
1523 2769 1652 2817 einer,
1688 2767 1767 2806 der·
1783 2768 1906 2805 selbst

389 2831 552 2868 Platons
576 2831 776 2882 Republik
793 2833 977 2883 studiert,
997 2834 1107 2872 nicht
1129 2847 1250 2885 Sagen
1270 2833 1429 2882 diirfen,
1459 2848 1500 2870 er
1519 2835 1660 2872 tauche
1677 2842 1791 2872 anter
1813 2834 1906 2886 (wie

390 2895 550 2936 frfiher:
581 2900 708 2936 omnis
732 2900 774 2936 iu
794 2898 869 2938 hoc
891 2903 996 2954 siun)
1026 2905 1069 2940 in
1089 2901 1165 2940 den
1188 2901 1256 2940 W
1247 2915 1345 2953 ogen
1365 2901 1432 2939 des
1455 2900 1727 2953 biirgerliclcen
1737 2900 1902 2938 Lebens.
