2028 3268
176 273 261 315 107
319 269 702 311 COMMENTARII
729 271 789 310 IN
817 268 1040 311 HORATII
1069 268 1169 311 LIB.
1193 271 1224 310 I.
1244 268 1410 309 EPIST.
1433 267 1581 308 SEPT.
1639 266 1726 309 379

174 402 277 448 tum,
324 396 441 449 pallio
480 409 559 435 non
592 397 806 447 inclusum,
853 401 896 435 ut
934 400 1039 435 recte
1068 397 1308 448 interpretati
1337 399 1427 436 sunt
1458 393 1652 448 Schffr.
1687 399 1727 432 et

173 465 384 504 Ηεὶηείιιε.
448 465 694 518 Quapropter
720 466 906 504 dissentio
937 478 1088 516 quoque
1118 468 1166 504 de
1197 465 1358 504 formula
1381 471 1426 502 ut
1445 466 1566 513 ajunt
1583 477 1619 502 v.
1639 460 1726 513 49.,

174 546 287 584 qnam
315 534 417 572 idem
438 532 486 572 V.
516 535 555 573 d.
586 536 636 573 ad
664 547 700 573 v.
729 533 820 574 adr.
850 535 994 583 refert,
1026 538 1070 572 ut
1095 533 1323 573 translatum
1347 532 1503 572 verbum
1531 532 1728 584 significe-

173 605 259 649 tur;
297 615 415 653 porro
445 605 596 641 confert
623 602 749 654 Epist.
781 606 831 653 2,
871 605 923 653 2,
968 603 1041 643 30.
1072 602 1325 654 praesidium
1355 601 1438 640 loco
1468 601 1609 650 dejecit
1619 629 1637 647 ,
1684 607 1730 638 ut

173 672 323 718 ajunt,
350 683 506 708 summe
533 672 718 718 munito,
747 671 812 709 ubi
840 670 939 708 hanc
971 671 1172 709 formulam
1196 675 1357 723 propter
1385 671 1542 709 verbum
1565 670 1729 709 militare

174 737 318 787 dejecit
345 739 384 777 h.
413 738 439 776 l.
467 740 680 790 adjectam,
727 739 895 790 alioquin
922 751 961 777 v.
993 735 1061 781 24.
1104 740 1346 778 inserendam
1383 743 1507 791 putat.
1565 737 1619 776 At
1651 751 1728 788 quo

173 806 277 846 illam
298 806 501 846 formulam
523 810 573 847 de
601 808 719 847 verbo
753 806 982 847 notissimo?
1008 807 1126 846 Immo
1148 808 1208 846 hic
1239 821 1324 847 eam
1351 808 1562 860 prudenter
1590 806 1730 857 adjecit

176 875 315 926 Poeta,
343 879 387 914 ut
409 889 491 914 rem
519 889 612 916 sane
640 878 795 928 miram,
824 876 992 914 militem
1022 875 1142 914 illum
1166 883 1292 915 totum
1312 876 1567 929 praesidium
1594 874 1733 927 regale

179 944 391 993 dejecisse,
433 947 563 985 auditu
593 959 636 985 se
667 950 908 997 compertum
936 944 1079 983 habere
1107 946 1312 984 incredulis
1340 945 1590 996 significaret.
1650 944 1731 982 Sed

176 1026 302 1065 neque
329 1013 533 1060 Huthius,
562 1028 688 1066 neque
711 1013 993 1059 Hoclzederus,
1024 1014 1088 1064 qui
1113 1013 1226 1052 etiam
1254 1014 1315 1051 hic
1339 1014 1582 1065 proverbium
1607 1013 1730 1064 quod·

177 1084 266 1122 dam
289 1083 408 1121 sentit
436 1082 656 1135 („darnach
684 1084 814 1121 diirfte
849 1082 937 1121 adr.
966 1082 1051 1120 eine
1075 1082 1152 1119 fast
1181 1082 1516 1134 spriichwo’rtliche
1544 1080 1732 1120 Bezeich-

176 1151 417 1203 nungsweise
446 1152 552 1191 einer
581 1151 724 1191 Klasse
753 1164 828 1190 von
856 1151 1082 1201 Menschen,
1112 1151 1174 1189 die
1202 1151 1271 1188 auf
1294 1151 1364 1188 das
1388 1151 1598 1190 Barbieren
1627 1149 1734 1188 nicht

176 1219 250 1259 viel
279 1219 506 1259 verwenden
534 1220 731 1271 konnten,
776 1233 955 1272 geweseu
986 1218 1144 1271 sein“),
1181 1221 1275 1258 satis
1305 1220 1504 1269 viderunt,
1533 1219 1733 1257 Horatium

177 1289 250 1329 hac
275 1287 439 1327 formula
466 1289 516 1326 ad
542 1301 604 1326 res
627 1288 849 1327 indicandas
873 1288 1065 1327 narrando
1095 1288 1258 1326 traditas
1287 1289 1358 1337 uti,
1383 1289 1423 1326 id
1447 1289 1550 1338 quod
1580 1292 1734 1338 praeter

177 1358 279 1397 hunc
310 1362 511 1407 utrumque
538 1356 663 1394 locum
691 1361 885 1396 testantur
914 1358 1036 1410 Epist.
1070 1359 1110 1407 1,
1139 1358 1187 1407 6,
1219 1356 1288 1398 40.
1320 1358 1397 1407 17,
1430 1357 1496 1397 18.
1553 1355 1638 1395 Hac
1666 1366 1733 1392 ea·-

178 1429 268 1467 dem
297 1427 568 1465 observatione
593 1426 812 1478 Doeringii
840 1427 942 1466 cadit
964 1430 1231 1476 commentum,
1258 1439 1333 1476 quo
1357 1426 1454 1463 hanc
1478 1438 1628 1462 omnem
1651 1437 1735 1461 rem

179 1495 228 1535 ab
249 1496 411 1535 Horatio
442 1496 571 1533 fictam
598 1495 792 1546 opinatur.
851 1496 1036 1534 Ceterum
1062 1509 1196 1533 vacua
1224 1496 1391 1532 tonsoris
1415 1492 1561 1531 umbra
1586 1491 1734 1531 duabus

179 1567 230 1604 de
258 1565 381 1603 causis
410 1564 563 1613 dicitur,
592 1564 757 1614 primum
786 1568 948 1616 propter
982 1568 1157 1602 octavam
1189 1563 1346 1612 horam,
1375 1576 1450 1614 qua
1475 1563 1556 1612 jam
1585 1562 1734 1600 disces-

179 1634 302 1671 serint
329 1633 573 1682 adventores,
601 1633 740 1670 deinde
766 1637 807 1670 ut
835 1633 909 1671 hoc
936 1634 1119 1684 Epitheto
1146 1632 1362 1684 legentibus
1392 1632 1501 1682 quasi
1529 1630 1579 1668 ob
1601 1629 1734 1668 oculos

177 1705 358 1754 ponatur,
388 1699 602 1751 Philippum
628 1701 685 1738 sic
712 1702 853 1752 optime
881 1700 1070 1739 hominem
1098 1702 1305 1740 observare
1333 1701 1520 1752 potuisse.
1578 1697 1614 1736 A
1642 1711 1735 1736 vero

178 1771 296 1822 igitur
328 1768 551 1820 longissime
578 1767 742 1817 absunt,
791 1771 856 1819 qui
886 1782 970 1808 cum
994 1769 1212 1808 Scholiasta
1243 1770 1387 1819 Cruq.,
1435 1766 1640 1804 Lambino
1669 1770 1737 1804 aut

180 1840 348 1881 otiosam
373 1839 694 1889 interpretantur,
723 1838 791 1874 aut
821 1850 906 1876 cum
931 1837 1168 1876 Wielandio
1193 1841 1356 1890 propter
1381 1837 1520 1875 malum
1538 1839 1736 1873 tonsorem

181 1920 260 1946 non
287 1907 492 1946 admodum
523 1905 828 1956 frequentatam,
877 1909 943 1943 aut
973 1918 1058 1944 cum
1084 1907 1168 1945 aliis
1197 1919 1221 1944 a
1249 1909 1409 1944 tonsore
1451 1904 1566 1956 plane
1594 1903 1736 1942 dereli-

183 1978 311 2024 ctam,
346 1975 437 2024 quia
465 1974 614 2012 circiter
644 1973 740 2010 hanc
765 1973 900 2011 horam
925 1986 1118 2024 nunquam
1145 1978 1213 2012 aut
1243 1987 1330 2012 raro
1360 1974 1562 2024 quisquam
1592 1962 1736 2011 ssarbae

181 2042 383 2096 ponendae
409 2053 524 2078 causa
552 2042 782 2079 tonstrinam
808 2042 1018 2079 intraverit.
1078 2041 1139 2081 An
1164 2055 1388 2092 censemuS,
1433 2045 1633 2079 tonsorem
1657 2040 1736 2078 cul-

182 2111 296 2151 tellos
321 2109 523 2160 reliquisse
551 2112 618 2146 aut
646 2109 895 2147 adventorem
919 2109 1023 2148 illum
1053 2123 1144 2147 suos
1172 2122 1303 2148 secum
1329 2111 1369 2148 in
1387 2110 1615 2147 tonstrinam
1634 2113 1737 2147 attu-

184 2178 308 2219 lissei!
335 2177 475 2217 Melius
505 2188 599 2214 sane
628 2175 677 2226 ii,
709 2176 775 2226 qui
800 2181 996 2215 tonsorem
1025 2177 1152 2227 aliquo
1182 2176 1432 2226 discessisse,
1459 2178 1530 2214 sed
1557 2189 1645 2215 mox
1674 2189 1736 2214 re-

183 2250 352 2288 diturum
381 2246 600 2298 opinantur,
631 2256 848 2295 quanquam
876 2250 915 2284 et
943 2246 1000 2283 sic
1026 2244 1238 2296 Epitheton
1265 2244 1378 2283 latius
1405 2245 1514 2284 latet.
1582 2244 1738 2284 Umbra

183 2317 321 2357 dicitur
346 2313 551 2362 tonstrina,
582 2315 669 2363 quia
699 2312 860 2364 pergula
887 2313 959 2350 fuit
978 2326 1142 2365 superne
1168 2315 1286 2363 tecta,
1318 2314 1387 2351 sed
1406 2314 1737 2364 praetereuntibus

185 2386 220 2424 si
254 2397 332 2423 non
368 2382 536 2432 undique
549 2407 561 2430 ,
612 2384 653 2418 at
686 2383 792 2418 certe
821 2393 844 2419 a
880 2381 1008 2420 fronte
1036 2382 1254 2432 conspicua.
1313 2381 1408 2420 Inde
1437 2380 1603 2420 umbrae
1634 2386 1738 2421 teste

184 2451 305 2491 Festo
331 2464 371 2503 p.
396 2449 489 2491 161.
508 2447 625 2486 Lind.
650 2448 955 2500 Neptunalibus
982 2463 1100 2487 casae
1115 2449 1319 2502 frondeae
1341 2463 1419 2500 pro
1453 2449 1737 2492 tabernaculis.

185 2521 252 2559 Sic
281 2520 517 2558 Graecorum
544 2517 704 2570 σκηναί,
733 2518 810 2555 vid.
841 2515 1008 2555 Casaub.
1039 2518 1088 2556 ad
1119 2517 1316 2570 Theophr.
1347 2518 1463 2557 Char.
1486 2520 1554 2561 23.
1583 2533 1623 2571 p.
1640 2519 1737 2563 225.

186 2589 234 2628 F.
264 2588 315 2626 ad
346 2586 533 2626 Athenae.
563 2583 615 2636 4,
665 2585 733 2628 20.
764 2599 804 2637 p.
836 2585 933 2627 301.
944 2613 958 2635 ,
1007 2599 1105 2637 quos
1144 2586 1252 2624 locos
1291 2586 1423 2624 laudat
1467 2587 1658 2627 Valcken.
1688 2590 1738 2627 ad

186 2656 355 2695 Theocr.
389 2654 466 2704 15,
509 2655 576 2695 16.
635 2654 755 2693 Tales
794 2655 1006 2693 tonstrinas
1041 2655 1154 2693 hodie
1188 2668 1343 2706 quoque
1380 2657 1550 2708 conspici
1571 2655 1736 2707 Romae,

187 2726 347 2762 annotat
371 2721 484 2761 Guil.
506 2721 670 2772 Miiller,
698 2722 737 2760 in
765 2722 911 2772 „Rom,
940 2722 1085 2761 R6mer
1109 2724 1188 2761 und
1206 2723 1510 2762 Romerinnen.“
1538 2725 1588 2764 Π.
1609 2739 1650 2778 p.
1668 2722 1736 2768 24.

299 2790 347 2830 V.
379 2790 447 2831 51.
514 2790 686 2828 Cultello
707 2804 828 2843 prop.
861 2813 911 2819 —
943 2790 1106 2842 unguis.
1171 2790 1248 2828 Cur
1276 2790 1361 2842 ipse
1391 2791 1500 2831 sibi?
1541 2794 1642 2840 Quia
1670 2797 1737 2832 aut

189 2863 326 2898 tonsor
354 2857 544 2910 paululum
573 2858 828 2907 discesserat,
872 2862 938 2896 aut
971 2857 1083 2896 homo
1104 2857 1165 2896 ille
1189 2859 1257 2896 tali
1286 2859 1434 2911 officio,
1478 2875 1554 2913 quo
1581 2862 1736 2901 alterius

190 2940 265 2980 ope
290 2939 368 2966 non
396 2930 480 2965 erat
510 2939 622 2977 opus,
650 2926 758 2978 fungi
786 2926 1063 2976 delectabatur,
1092 2931 1159 2965 aut
1188 2941 1233 2966 ex
1263 2929 1438 2980 quadam,
1466 2943 1544 2969 non
1568 2930 1635 2969 illa
1652 2931 1736 2981 qui—

192 2997 280 3035 dem
306 2995 579 3047 vituperanda,
623 2995 879 3046 parsimonia,
924 2995 1006 3045 quis
1037 2999 1118 3045 est,
1162 2996 1225 3047 qui
1246 3009 1317 3048 pro
1344 3002 1540 3050 comperto
1569 2996 1737 3038 habeat?
