2028 3268
381 244 464 286 234
493 247 867 288 COMMENTARII
890 247 946 286 IN
966 245 1191 286 HORATII
1220 246 1317 289 LIB.
1341 247 1371 287 1.
1402 247 1566 288 EPIST.
1585 249 1783 296 QUART.
1839 249 1894 290 44

379 369 528 420 Epicuri
540 371 676 408 faciant
690 371 757 408 viri
769 370 888 418 docti,
914 381 1060 406 causam
1074 381 1114 406 se
1135 381 1212 407 non
1231 369 1356 407 videre
1376 370 1536 420 ingenue
1549 373 1687 411 fatetur
1700 373 1892 422 Heynius.

381 436 493 480 Quod
507 436 686 474 Horatius
713 436 838 473 addit:
879 435 1048 486 dignam
1082 435 1256 484 sapiente
1289 435 1482 487 bonoque,
1515 442 1573 475 est
1613 450 1657 476 ex
1683 451 1751 477 sua
1777 439 1894 490 ipsius

378 501 664 552 philosophandi
690 502 847 548 ratione,
875 514 986 550 quam
1007 502 1163 539 eandem
1189 501 1318 540 tribuit
1343 503 1470 543 amico.
1527 501 1729 542 Lambinus
1751 505 1894 544 confert

379 567 500 618 Epist.
534 569 571 615 1,
599 569 637 614 7,
666 568 731 607 22.
772 568 837 614 16,
869 568 935 608 20.
966 568 1035 607 73.
1070 567 1116 604 A.
1146 567 1187 606 P.
1209 564 1303 607 445.
1347 569 1424 605 Cic.
1453 568 1560 606 Offic.
1588 569 1627 618 3,
1657 570 1722 619 15,
1751 573 1816 612 62.

490 633 534 670 V.
561 634 587 671 6
606 654 652 658 —
673 632 738 670 11.
795 632 892 669 Non
923 640 966 670 tn
993 656 1049 662 —-
1076 634 1290 670 crumena?
1341 635 1394 672 Hi
1428 647 1557 673 versus
1592 636 1894 673 antecedentibus

378 700 476 737 hunc
501 701 704 736 annectunt
722 700 988 737 sententiarum
1006 700 1190 738 ordinem:
1225 700 1309 750 „Et
1332 704 1431 738 recte
1446 702 1615 750 quidem,
1642 701 1709 738 tibi
1730 702 1822 738 enim
1836 704 1895 738 est

378 766 566 814 ingenium
587 764 870 814 pulcherrimum
894 767 1036 815 diisque
1058 771 1212 818 accepta
1243 767 1357 804 refers
1381 767 1478 805 bona
1502 770 1551 806 ad
1578 769 1672 806 bene
1699 767 1895 806 vivendum

377 832 524 879 idonea,
549 831 682 880 quibus
696 831 784 868 nihil
799 836 926 882 potest
940 833 1028 870 addi
1043 834 1198 883 majuS.“
1226 833 1347 871 Verba
1369 837 1517 871 autem:
1548 835 1894 886 Non-pectore,

378 899 537 949 μείωσις
575 902 663 935 sunt
691 897 764 950 (uti
794 899 843 948 1,
873 900 914 947 3,
943 898 1049 950 22.)‚
1082 911 1155 947 qua
1182 899 1312 938 eximia
1337 901 1394 938 vel
1425 900 1607 938 sentiendi
1630 901 1688 940 vel
1707 900 1895 951 cogitandi

378 964 432 1002 vis
453 964 691 1014 significatur.
750 964 923 1002 Similiter
953 965 1064 1002 Ovid.
1092 965 1185 1003 Met.
1221 966 1287 1015 13,
1317 967 1411 1007 290.
1440 967 1552 1004 rudis
1582 975 1617 1004 et
1645 970 1728 1005 sine
1739 974 1896 1017 pectore

378 1030 503 1067 miles.
559 1030 618 1070 Id.
660 1031 816 1070 Heroid.
853 1032 927 1080 16,
957 1030 1053 1071 305·
1092 1033 1305 1069 Hunccine
1337 1042 1379 1069 tn
1412 1047 1539 1083 speres
1575 1034 1772 1071 hominem
1812 1035 1897 1071 sine

371 1103 528 1146 pectore
555 1096 662 1134 dotes
690 1099 812 1134 Posse
831 1099 928 1134 satis
943 1097 1123 1147 formae,
1163 1099 1354 1148 Tyndari,
1385 1113 1495 1136 nosse
1514 1107 1616 1138 tuae.
1661 1099 1825 1138 Martial.
1855 1101 1894 1149 6,

380 1160 447 1211 54,
480 1164 548 1202 16.
589 1164 670 1200 Sed
696 1163 768 1200 tibi
795 1164 890 1214 plns
919 1165 1076 1209 mentis,
1106 1163 1179 1200 tibi
1207 1178 1273 1201 cor
1299 1165 1462 1202 limante
1482 1168 1670 1205 Mnerva
1688 1166 1839 1203 Acrius
1860 1173 1897 1202 et

379 1230 729 1277 tennesfinxerunt
744 1237 881 1280 pectas
900 1230 1096 1269 Athenae.
1137 1230 1252 1268 Rutil.
1279 1231 1402 1269 Itiner.
1431 1236 1468 1280 1,
1497 1230 1592 1273 498.
1633 1233 1721 1269 Nec
1741 1239 1896 1270 tantum

378 1297 491 1334 claris
509 1298 629 1334 nituit
647 1298 841 1346 sapientia
858 1297 974 1334 rebus
989 1313 1001 1335 :
1033 1300 1197 1335 Pectore
1217 1312 1293 1335 non
1322 1298 1402 1334 alio
1416 1301 1666 1348 prosperiora
1685 1299 1776 1336 tulit
1789 1314 1805 1346 ;
1832 1299 1894 1336 ubi

378 1364 653 1402 Wernsdorfius
679 1364 785 1414 hujus
813 1363 883 1401 loci
913 1376 990 1401 non
1015 1365 1088 1402 fuit
1114 1365 1313 1404 immemor.
1354 1364 1450 1402 Eum
1476 1365 1640 1403 imitatus
1665 1369 1724 1404 est
1745 1365 1896 1415 elegan—

379 1431 540 1468 tissimus
574 1431 842 1468 Germanorum
870 1435 1003 1481 poeta,
1041 1430 1233 1469 Lotichius
1257 1432 1292 1468 in
1323 1431 1428 1481 Eleg.
1463 1429 1502 1480 4,
1535 1432 1573 1480 5,
1602 1433 1668 1472 71.
1711 1433 1799 1469 Nec
1826 1432 1896 1483 de-

379 1505 463 1534 erat
482 1498 612 1534 cultae
620 1498 768 1548 jacitis
789 1497 862 1533 tibi
880 1499 993 1547 copia
1014 1497 1194 1548 linguae,
1204 1499 1291 1535 Nec
1306 1498 1574 1548 Sinefecundo
1586 1506 1742 1548 pectore
1756 1512 1896 1548 corpus

379 1578 483 1609 eras,
508 1566 557 1602 ad
586 1577 696 1612 quem
716 1565 787 1605 loc.
816 1565 900 1601 vide
930 1564 1194 1606 Burmannum.
1252 1565 1374 1610 Quam
1402 1563 1476 1602 late
1503 1567 1632 1614 pateat
1659 1579 1737 1603 voc.
1758 1572 1895 1615 pecto—

379 1632 434 1667 ris
475 1631 714 1680 significatio,
767 1631 859 1668 dixit
899 1631 1124 1668 Paldamns
1154 1632 1203 1668 ad
1238 1629 1351 1680 Prop.
1389 1644 1427 1681 p.
1457 1631 1572 1679 296.,
1611 1632 1658 1669 cf.
1687 1631 1890 1668 Hantlzat.

379 1697 427 1733 ad
442 1696 542 1733 Pers.
567 1710 603 1747 p.
620 1697 712 1736 153.
761 1696 932 1733 Orellins
959 1701 1149 1748 comparat
1177 1696 1331 1743 Quintil.
1359 1695 1451 1734 Inst.
1483 1697 1561 1744 10,
1591 1698 1631 1744 7,
1656 1698 1720 1738 15.
1751 1700 1895 1735 Pectus

380 1770 436 1800 est
447 1791 463 1807 2
495 1763 602 1814 quod
627 1763 786 1799 disertos
807 1764 916 1813 facit
942 1771 978 1799 et
1007 1765 1068 1799 vis
1097 1764 1250 1801 mentis.
1298 1763 1446 1812 Corpus
1471 1762 1634 1813 intellige
1660 1764 1718 1801 vel
1747 1765 1895 1802 brutum

380 1829 547 1880 (Orell.)‚
580 1831 637 1868 vel
666 1829 782 1866 simile
816 1830 950 1867 statuis
978 1831 1089 1867 corde
1119 1830 1314 1878 animoque
1346 1829 1555 1868 carentibus
1583 1829 1798 1882 (Haberf.)‚
1822 1831 1894 1881 vel,

379 1897 480 1946 quod
506 1895 638 1943 nolim,
668 1896 917 1947 cenotaphiis,
957 1897 1091 1945 quibus
1118 1908 1240 1944 neque
1267 1908 1402 1947 corpus
1425 1908 1545 1945 neque
1571 1897 1746 1946 reliquiae
1771 1898 1895 1935 illatae

379 1966 468 2000 sunt
496 1961 670 2013 (Minos).
722 1961 780 1999 De
804 1975 844 1999 re
868 1962 951 2012 ipsa
977 1963 1002 1998 i.
1027 1975 1060 2002 e.
1097 1963 1144 1999 de
1170 1963 1318 2012 ingenio
1342 1961 1481 1999 Tibulli
1508 1963 1593 1999 vide
1619 1975 1712 2012 quos
1741 1964 1895 2002 laudant

379 2028 560 2065 Baebius
585 2029 634 2067 ad
663 2027 749 2066 Tib.
779 2042 816 2079 p.
845 2027 943 2065 XVI.
971 2028 1109 2069 XVIII.
1135 2026 1217 2070 XX.
1235 2057 1246 2077 ,
1274 2029 1322 2066 ad
1348 2028 1510 2065 libellum
1536 2028 1674 2078 „Geist
1700 2031 1767 2068 der
1785 2029 1894 2069 Riim.

378 2096 542 2147 Elegie“
578 2109 616 2145 p.
640 2094 778 2140 XVII.,
822 2095 1032 2131 Dissenias
1068 2095 1117 2132 ad
1151 2096 1310 2132 eundem
1355 2107 1393 2144 p.
1429 2094 1641 2144 XXXVII.,
1689 2097 1896 2147 Grnppius

380 2163 405 2202 l.
421 2164 444 2201 1.
475 2177 513 2214 p.
541 2162 622 2202 355
646 2173 728 2210 sqq.
771 2160 830 2198 De
859 2161 1046 2210 dissimili,
1075 2174 1170 2210 quae
1193 2162 1290 2199 inter
1310 2159 1500 2198 Tibullum
1529 2165 1567 2198 et
1587 2161 1784 2200 Horatium
1810 2163 1894 2212 fuit,

379 2229 563 2267 sentiendi
584 2228 726 2266 ratione
747 2227 932 2264 subtiliter
956 2229 1150 2278 disputant
1179 2227 1434 2265 Welandms
1461 2226 1512 2268 N.
1543 2229 1579 2269 2.
1619 2241 1657 2278 p.
1673 2229 1739 2268 99.
1768 2242 1826 2279 sq.
1854 2233 1894 2267 et

387 2297 594 2345 Grnppius
621 2294 646 2331 l.
669 2293 694 2334 l.
722 2307 760 2344 p.
786 2294 880 2333 390.
900 2294 1022 2344 396„
1049 2295 1264 2344 quibuscum
1293 2295 1341 2333 cf.
1365 2294 1559 2332 Paldami
1584 2294 1894 2343 „R6m.Erotik“

383 2376 422 2414 p.
435 2363 499 2402 57.
515 2366 553 2399 et
567 2362 634 2402 78.
671 2359 813 2398 Dubito
832 2364 968 2409 autem,
987 2374 1074 2399 num
1090 2361 1261 2399 Botlzius
1281 2374 1367 2398 eras
1381 2365 1479 2399 recte
1493 2361 1628 2399 habeat
1645 2375 1714 2413 pro
1727 2362 1894 2412 enallage

381 2429 558 2480 temporis
583 2440 652 2479 pro
684 2440 723 2463 es
732 2454 748 2472 ‚
781 2430 824 2464 ut
849 2426 1074 2464 Graecorum
1109 2422 1163 2478 ἧν
1198 2441 1267 2479 pro
1299 2427 1391 2467 ἐστί.
1447 2427 1602 2466 Talibus
1625 2428 1894 2467 Grammatico-

380 2507 462 2531 rum
487 2494 704 2532 commentis
736 2492 827 2543 (vid.
860 2493 1004 2533 Schaef.
1038 2495 1087 2531 ad
1110 2494 1146 2531 T
1147 2495 1267 2531 heocr.
1292 2493 1373 2543 -19,
1400 2494 1463 2543 8.)
1499 2507 1612 2543 quum
1639 2506 1748 2533 nemo
1781 2495 1894 2532 hodie

381 2559 491 2597 fidem
510 2560 670 2609 habeat,
698 2560 883 2610 dicemus,
908 2573 995 2596 eras
1017 2562 1250 2598 referendum
1270 2572 1352 2596 esse
1365 2560 1413 2596 ad
1436 2560 1475 2597 id
1496 2563 1655 2611 tempus,
1684 2562 1786 2610 quod
1799 2561 1893 2599 Poe-

385 2630 446 2663 tae
471 2627 591 2663 animo
626 2626 910 2676 obversabatur,
941 2630 1003 2663 ut:
1040 2639 1119 2677 „ex
1149 2639 1223 2676 quo
1254 2627 1350 2663 inter
1376 2638 1445 2663 nos
1470 2627 1606 2664 versari
1633 2628 1787 2679 coepisti
1803 2639 1892 2677 ego—

382 2704 455 2741 que
492 2696 530 2728 te
560 2693 751 2741 cognovi“
780 2693 805 2730 i.
829 2705 860 2730 e.
885 2705 1032 2743 semper
1069 2691 1139 2743 (sic
1163 2692 1318 2743 Orell.),
1359 2691 1417 2729 vel
1445 2692 1742 2742 intelligendum:
1770 2695 1892 2743 „ante

381 2759 493 2795 istum
513 2770 696 2796 secessum
722 2759 866 2796 tuum“
894 2760 965 2805 (sic
984 2758 1120 2807 Torr.,
1151 2759 1261 2799 Jahn.
1291 2762 1330 2795 et
1351 2758 1559 2810 Sehmid.);
1593 2759 1651 2796 vel
1680 2771 1763 2797 cum
1790 2759 1891 2796 Ges-

383 2838 473 2862 nero
508 2829 547 2862 et
580 2826 796 2876 Doeringio
845 2825 1076 2863 referendum
1115 2826 1163 2863 ad
1205 2825 1378 2863 nascendi
1418 2824 1651 2875 felicitatem,
1705 2829 1887 2875 quatenus

383 2892 570 2942 ingenium
614 2891 650 2928 in
678 2904 793 2943 puero
841 2893 970 2930 statim
1004 2891 1205 2931 eminuerit.
1247 2913 1303 2921 —
1348 2891 1391 2929 di
1431 2893 1617 2944 formam.
1691 2892 1792 2930 Idem
1835 2894 1890 2929 te-
