2028 3268
43 278 53 321 j
118 260 181 306 -75

193 386 259 447 lt,
294 383 406 430 redit
439 386 484 428 et
518 387 692 445 narrat,
727 385 948 430 Volteium
981 384 1154 429 nomine
1179 380 1376 442 Menam,

620 256 762 298 LIBRI
791 258 822 297 Ι.
878 255 1142 297 EPISTOLA
1165 256 1250 296 VII.

1600 251 1684 297 347

193 466 491 525 Praeconem,
527 467 647 509 tenui
681 478 842 525 censu,
878 465 972 508 sine
1009 466 1185 509 crimino
1217 464 1383 522 notum,

193 545 257 593 Et
289 558 528 606 properare
561 546 660 590 loco
698 548 742 590 ct
777 557 954 590 cessare
989 545 1034 588 et
1069 555 1282 602 quaerere
1319 543 1364 586 et
1397 543 1479 603 uti,

169 625 472 673 ⁴Gaudentem
505 626 739 686 parvisque
773 623 994 669 sodalibus
1030 626 1076 668 et
1108 625 1204 668 lare
1240 624 1360 668 certo

127 774 284 820 Forbig.
301 774 349 809 ad
362 773 468 820 Virg.
484 773 566 809 Ecl.
578 775 612 818 1,
628 773 685 808 19.
703 791 752 798 --
770 772 815 807 V.
826 770 886 808 55.

130 834 234 878 Isque
258 831 362 866 redit.
411 832 485 867 Ms.
509 830 611 866 Mon.
636 842 667 864 e.
700 849 750 856 -
782 829 886 874 redit,

129 894 293 926 enarrat.
311 887 411 923 Edd.
421 889 513 923 Cun.
526 889 612 922 San.
622 887 742 922 Merv.
752 887 888 922 Franc-

129 947 243 982 Bask.
257 945 412 990 Dorigh.
429 946 488 980 Cf.
513 945 671 990 Cuning.
697 943 887 978 Animadv-

130 1016 168 1050 p.
185 1003 265 1038 151.
284 1021 334 1028 --
357 1002 534 1036 Vulteium
549 1021 599 1028 -—
618 1002 781 1036 Menam.
797 1001 888 1035 Mss.

55 1063 57 1065 ’
133 1066 172 1096 et
192 1060 276 1094 cdd.
295 1059 396 1104 vulg.
418 1058 602 1094 Volteium.
633 1058 705 1093 Ms.
721 1058 837 1092 Pulm.
855 1058 888 1092 1.

133 1122 172 1153 et
187 1117 241 1152 sic
263 1116 359 1151 infra
376 1127 414 1150 V.
430 1113 490 1151 64.
508 1121 546 1150 et
565 1115 626 1151 91.
645 1127 738 1150 omn.
755 1121 797 1150 ut
812 1115 889 1149 vid.

133 1187 194 1222 ap.
222 1173 340 1208 Orell.
371 1177 411 1206 et
438 1184 519 1208 var.
549 1172 634 1208 lect.
659 1185 719 1219 ap.
742 1173 833 1208 Min.
855 1176 894 1206 ct

133 1231 270 1269 Zurck.
314 1230 414 1265 Edd.
461 1229 583 1265 Bentl.
627 1231 719 1264 Cun.
765 1229 892 1265 Oberl.

133 1288 303 1325 Praedia.
317 1288 428 1321 Web.
446 1287 562 1322 Orell.
577 1287 662 1323 Vid.
679 1287 832 1322 Kirchn.
848 1287 895 1321 ad

137 1347 216 1382 Sat.
226 1358 264 1392 p.
272 1345 481 1380 LXXXVI.
493 1344 655 1380 Menam.
670 1344 763 1379 Mss.
777 1344 893 1379 Orcll.

135 1405 196 1440 bc.
225 1403 333 1438 Dess.
360 1403 393 1438 2.
424 1402 525 1437 Mon.
548 1403 576 1436 f.
603 1401 788 1440 Maenam.
819 1401 892 1436 Ms.

136 1461 241 1507 Lips.
262 1460 297 1494 1.
317 1459 382 1493 Sic
396 1460 509 1494 scribi
523 1459 648 1494 maluit
665 1460 778 1493 Torr.
796 1458 894 1493 Edd.

139 1519 232 1554 Cun.
249 1517 386 1551 Sandb.
410 1517 552 1551 Bodon.
573 1517 785 1562 Perperam.
809 1516 893 1549 Vid.

138 1575 252 1611 Feam
266 1574 314 1609 ad
328 1574 451 1620 Epod.
466 1573 502 1609 4.
535 1575 657 1608 Sturz.
675 1574 721 1608 de
737 1572 897 1608 Nomini-

139 1633 204 1668 bus
219 1632 440 1666 Graecorum
459 1631 608 1665 tertium
633 1632 790 1676 praefat.
823 1631 899 1664 Ge-

139 1701 204 1725 rae
219 1689 309 1724 1801
328 1701 365 1734 p.
382 1690 440 1723 10.
466 1689 551 1723 Car.
575 1689 672 1723 Keil.
692 1686 897 1723 Onomatol.

142 1748 276 1782 Graec.
307 1746 415 1791 Spec.
438 1758 477 1791 p.
503 1744 562 1780 35.
593 1749 632 1780 et
657 1758 747 1791 quos
775 1744 900 1779 laudat

142 1802 348 1838 Schmidius
370 1803 410 1837 in
433 1803 546 1849 Epist.
564 1804 613 1837 ad
632 1804 760 1837 Obbar.
786 1814 822 1848 p.
840 1799 898 1836 15.

142 1860 296 1896 Rectius
313 1871 456 1907 quoque
471 1860 646 1894 scribitur
667 1858 806 1903 Voltei„
828 1870 901 1893 non

147 1917 276 1961 Voltej.
289 1943 299 1961 ,
334 1917 380 1952 de
400 1929 471 1964 qua
484 1929 526 1952 re
541 1917 636 1952 dixit.
649 1916 838 1951 Heinrich.
855 1915 902 1950 ad

34 1928 69 1976 ἓξ,

51 1978 61 1985 “
145 1975 231 2011 Juv.
247 1974 288 2016 9,
305 1973 342 2008 6.

201 2031 248 2064 V.
263 2028 320 2064 56.
345 2028 461 2063 tenuis
475 2041 609 2063 census.
638 2029 710 2063 Ms.
726 2029 848 2063 Berol.
868 2029 902 2063 1.

145 2099 264 2124 sensu.
297 2086 368 2120 Ms.
394 2085 501 2119 Dess.
525 2087 559 2122 2.
592 2104 642 2110 —-
673 2090 811 2119 notum.
840 2083 903 2118 Et.

148 2145 212 2179 sic
228 2144 314 2177 dist.
335 2153 421 2176 mSS.
437 2142 544 2176 Dess.
562 2143 596 2176 1.
614 2143 648 2177 2.
676 2141 777 2175 Mon.
791 2142 816 2176 1.
849 2159 899 2166 -·-

145 2201 223 2237 εἰπε
234 2199 378 2234 crimine
393 2204 536 2242 notum,
563 2197 627 2243 (ς)
653 2198 711 2232 Et.
742 2198 804 2232 Sic
821 2197 904 2231 edd.

148 2258 249 2303 vulg.
276 2256 384 2290 etiam
409 2256 571 2290 Meinek.
595 2255 670 2289 sine
683 2253 827 2289 crimine
840 2265 906 2287 ἠο-

148 2320 226 2350 tum
240 2314 301 2348 Et.
331 2313 427 2348 Edd.
449 2313 532 2347 Ald.
549 2311 632 2346 501.
662 2312 772 2345 Both.
798 2311 904 2346 Jahn.

149 2371 200 2407 nl.
230 2371 316 2406 Sine
329 2369 484 2414 crimine,
499 2374 635 2413 notum,
653 2368 702 2412 (ς)
719 2367 777 2402 Et.
807 2367 905 2402 Edd.

150 2428 261 2464 But.
286 2427 434 2472 (contra
458 2438 563 2473 quem
587 2426 750 2470 disputat
774 2423 906 2467 Gesn.)

154 2484 271 2520 Orell.
299 2485 375 2519 sine
403 2484 564 2527 crimine,
599 2483 664 2526 (ε)
694 2487 818 2518 notum
846 2480 906 2517 Et.

153 2541 252 2577 Edd.
279 2542 401 2576 Schm.
430 2540 596 2575 Hoched.
629 2540 768 2574 Groeb.
797 2539 907 2572 Web.

154 2599 314 2634 Braunh.
339 2599 493 2633 Passov.
517 2598 629 2632 Doer.
662 2597 718 2641 (in
747 2597 803 2631 ed.
825 2595 908 2630 min.

155 2655 351 2691 Frenzelio
367 2655 535 2698 auctore)
556 2655 612 2688 ed.
627 2654 732 2699 Lips.
750 2654 832 2689 837.
850 2665 909 2698 ap.

158 2713 209 2748 G.
233 2712 335 2757 Wig.
368 2713 604 2756 comprobant
630 2722 732 2756 quam
747 2710 910 2746 distinct.

158 2769 353 2815 proposuit
366 2768 545 2803 Heinrich.
560 2769 599 2802 in
612 2768 725 2802 Wolf.
747 2768 912 2803 Analect.

157 2825 193 2862 I.
212 2837 251 2871 p.
268 2825 352 2861 510.
370 2829 408 2859 et
422 2825 468 2859 ad
483 2825 568 2860 Juv.
585 2821 630 2869 4,
654 2825 737 2860 132.
768 2826 832 2859 Fr.
852 2825 914 2859 Ja-

161 2883 263 2917 cobs.
279 2895 318 2928 p.
336 2882 416 2918 150.
439 2882 567 2917 Jacob.
583 2882 621 2915 in
637 2882 795 2917 Seebod.
813 2882 912 2916 Krit.

161 2937 259 2973 Bibl.
278 2940 383 2975 1829.
410 2951 448 2985 p.
464 2935 549 2973 417.
585 2938 630 2973 A.
659 2939 805 2974 Grotef.
822 2939 914 2973 ibid.

165 2995 272 3031 1830.
283 3007 322 3042 p.
335 2995 417 3031 183.
440 2996 641 3031 Praeterea
648 2994 772 3031 laudat
778 2995 917 3031 Schmi-

934 772 1014 807 dius
1030 772 1158 807 Manil.
1179 772 1328 807 Astron.
1348 772 1365 805 1
1378 797 1389 815 ,
1412 770 1472 807 32.
1512 768 1580 803 sil.
1602 766 1687 801 Ital.

936 832 993 874 12,
1010 830 1094 864 330.
1124 829 1174 864 At
1195 830 1240 864 de
1260 828 1481 863 Hellenismo
1498 838 1570 860 non
1583 823 1691 858 facile.

936 887 1120 921 dubitabit
1145 886 1206 932 qui
1230 885 1499 932 comparaverit
1525 881 1691 927 exempla

934 956 957 979 a
976 945 1143 988 Bentlejo
1167 944 1214 978 ad
1243 944 1316 978 Od.
1340 944 1374 987 1,
1397 944 1430 986 1,
1448 944 1483 978 6.
1501 944 1540 975 et
1557 940 1637 973 Sat.
1656 939 1691 982 2,

935 1002 972 1045 3,
994 1001 1078 1036 313.
1104 1001 1225 1035 allata.
1266 1001 1372 1035 Adde
1392 1011 1481 1046 quos
1502 999 1569 1032 hac
1589 997 1634 1030 de
1650 1007 1692 1029 re

936 1059 1060 1093 laudat
1075 1058 1276 1104 scriptores
1294 1058 1404 1092 Hess.
1421 1057 1467 1091 ad
1484 1056 1576 1090 Tac.
1594 1052 1691 1087 Dial.

939 1117 997 1151 16.
1020 1127 1058 1161 p.
1074 1116 1133 1150 96.
1171 1115 1226 1150 Ab
1243 1115 1307 1148 illa
1321 1114 1428 1160 paulo
1447 1113 1574 1148 differt
1590 1121 1694 1156 quam

940 1173 1203 1208 commendavit
1236 1172 1383 1206 Bothius
1415 1171 1454 1206 in
1482 1170 1616 1205 Annot.
1646 1167 1694 1201 ad

939 1231 1052 1266 Feam
1071 1242 1109 1276 p.
1128 1231 1225 1273 170„
1246 1229 1430 1275 improbat
1448 1228 1516 1262 Vir
1536 1227 1636 1261 doct.
1655 1224 1696 1258 in

940 1286 1284 1333 Pacdag.-Philol.
1322 1286 1397 1320 Lit.
1424 1285 1481 1320 Bl.
1509 1285 1558 1319 II.
1587 1281 1694 1317 1827.

941 1358 979 1391 p.
994 1345 1075 1380 183.
1100 1344 1174 1378 sine
1185 1344 1328 1378 crimine
1340 1348 1477 1377 natum.
1502 1339 1694 1376 MsFabr.

943 1407 981 1437 et
989 1402 1038 1437 H.
1051 1402 1181 1446 Steph.
1194 1405 1231 1434 et
1241 1412 1301 1435 un.
1314 1413 1373 1446 ap.
1383 1400 1466 1434 Val.
1492 1399 1564 1432 Ed.
1578 1396 1695 1443 princ.

942 1472 1002 1505 ap.
1018 1459 1086 1494 Fe.
1106 1459 1163 1492 ed.
1180 1462 1256 1492 vet.
1275 1470 1334 1504 ap.
1351 1457 1476 1492 Maitt.
1484 1452 1568 1490 476.
1581 1454 1695 1488 Fabr.

943 1518 1048 1552 duae.
1070 1516 1184 1550 Pulm.
1206 1514 1288 1550 581.
1309 1514 1446 1560 (sedin
1466 1512 1623 1546 Scholiis
1640 1514 1698 1544 est

943 1574 1085 1617 notum)
1116 1573 1238 1607 Bentl.
1275 1572 1357 1617 (qui
1389 1569 1568 1613 vindicat)
1603 1569 1697 1602 Cun.

946 1631 1054 1675 Traj.
1071 1630 1117 1664 ad
1133 1630 1250 1664 Rhen.
1267 1629 1350 1664 713.
1367 1628 1514 1662 Wakef.
1528 1624 1698 1660 praedic.

944 1689 1108 1723 refutant
1126 1687 1224 1731 Fea,
1257 1685 1417 1720 Schmid.
1450 1690 1488 1719 et
1516 1684 1576 1718 hic
1604 1687 1643 1716 ct
1661 1681 1700 1715 in

945 1745 1070 1791 Epist.
1091 1756 1128 1789 p.
1147 1744 1205 1778 15.
1227 1743 1275 1778 al.
1291 1742 1406 1777 multi.

1003 1801 1049 1835 V.
1078 1800 1137 1836 57.
1180 1801 1308 1835 locum.
1354 1799 1427 1834 Ms.
1462 1797 1603 1831 Bersm.
1636 1806 1698 1828 un.

946 1859 1015 1894 Fe.
1034 1859 1068 1901 1,
1086 1859 1121 1892 d.
1159 1857 1200 1901 (a
1216 1860 1250 1893 2.
1266 1858 1333 1900 m.)
1365 1857 1406 1900 3,
1424 1868 1457 1889 c.
1474 1855 1502 1888 s.
1538 1853 1579 1897 5,
1598 1865 1631 1887 a.
1662 1851 1703 1895 (a

949 1918 983 1951 1.
1001 1915 1068 1958 m.)
1092 1915 1216 1950 Guelf.
1233 1915 1270 1949 3.
1301 1931 1351 1939 —-
1378 1913 1433 1948 uti
1456 1912 1575 1945 Gaud.
1615 1909 1703 1942 Sine

949 1973 1112 2007 distinct.
1135 1973 1216 2006 cod.
1242 1971 1369 2006 Bemb.
1393 1982 1452 2015 ap.
1476 1967 1585 2001 Talb.
1603 1965 1701 2000 Edd.

950 2029 1062 2064 Talb.
1078 2029 1168 2063 Dae.
1195 2029 1278 2063 Jon.
1292 2029 1398 2061 Pass.
1417 2024 1534 2059 Orell.
1556 2024 1704 2058 diversa

949 2090 1070 2120 tamen
1085 2085 1281 2119 sententia.
1313 2081 1508 2117 Talbotius
1529 2080 1622 2114 enim
1635 2079 1702 2122 ita,

951 2145 1020 2186 „ut
1040 2142 1199 2187 gaudeat
1218 2141 1345 2175 Menas
1358 2139 1412 2174 uti
1427 2137 1551 2183 parvis
1567 2135 1703 2170 sodali-

950 2200 1030 2243 bus,
1046 2198 1151 2233 lare“
1169 2203 1240 2232 etc.
1275 2195 1445 2231 Marcilio
1468 2205 1610 2240 quoque
1630 2204 1704 2226 me-

950 2256 1041 2290 lius:
1085 2256 1308 2289 Gaudentem
1320 2278 1330 2297 ,
1361 2251 1536 2297 parvisq.,
1566 2253 1607 2283 ut
1626 2244 1702 2283 ἀπὸ

950 2311 1080 2347 κοινοῦ
1098 2312 1214 2357 gaud.
1237 2310 1283 2344 ad
1299 2309 1416 2343 omnia
1433 2308 1496 2342 illa
1509 2308 1705 2350 referatur,

950 2380 1148 2416 properare
1163 2369 1238 2401 loco
1256 2386 1306 2392 —
1325 2377 1462 2411 campo·
1495 2365 1546 2400 At
1559 2364 1645 2398 vide
1660 2362 1706 2396 A.

954 2426 1101 2460 Grotef.
1118 2425 1142 2458 l.
1152 2425 1176 2458 l.
1195 2436 1232 2469 p.
1247 2419 1328 2459 184.
1346 2427 1383 2456 et
1396 2422 1493 2456 infra
1508 2422 1707 2455 Comment.

956 2482 1097 2526 ceteri,
1113 2482 1251 2516 utDac.
1262 2482 1366 2515 Pass.
1382 2479 1512 2522 Orell.,
1527 2483 1629 2512 recte
1645 2488 1709 2511 ex-

954 2539 1104 2585 plicant,
1124 2543 1165 2572 ut
1179 2538 1248 2572 sit:
1268 2538 1384 2583 gaud.
1403 2541 1440 2570 et
1456 2547 1560 2582 parv.
1579 2536 1654 2570 sod.
1671 2536 1710 2567 et

956 2598 1025 2631 lar.
1041 2601 1126 2630 cert.
1149 2613 1199 2620 --
1223 2595 1269 2629 V.
1287 2593 1346 2629 58.
1380 2594 1615 2636 Gaudentem,
1632 2602 1710 2625 cum

957 2652 1202 2687 distinctionis
1218 2655 1304 2686 nota
1316 2650 1402 2696 aliq.
1414 2662 1498 2684 mss.
1513 2661 1572 2696 ap.
1581 2649 1710 2683 Lamb.

959 2710 1020 2756 qui
1032 2710 1228 2754 improbat.
1257 2726 1305 2733 —-·
1333 2713 1447 2742 curto.
1481 2707 1572 2742 Mss.
1595 2707 1709 2751 Cruq.

958 2768 994 2802 3.
1017 2768 1052 2802 6.
1085 2766 1167 2811 (qui
1186 2765 1338 2811 probat)
1358 2765 1455 2799 Edd.
1485 2763 1606 2799 Bentl.
1630 2762 1713 2808 (qui

959 2824 1154 2868 vindicat.)
1176 2822 1322 2857 Wakef.
1338 2821 1507 2856 Praedic.
1542 2822 1599 2855 Ita
1614 2820 1710 2863 conj.

959 2882 1010 2916 N.
1027 2880 1155 2914 Heins.
1172 2879 1218 2914 ad
1234 2879 1347 2914 Ovid.
1362 2879 1466 2914 Fast.
1484 2880 1517 2923 2,
1533 2874 1615 2914 645.
1652 2877 1712 2911 Cf.

960 2937 1083 2972 Bentl.
1106 2937 1152 2971 ad
1173 2937 1247 2971 Od.
1271 2938 1314 2980 1,
1346 2938 1414 2981 12,
1442 2933 1503 2970 43.
1543 2934 1712 2978 Bentlejo

961 2994 1209 3031 assentiuntur
1234 2994 1358 3030 Burm.
1386 2994 1434 3029 ad
1459 2992 1571 3028 Anth.
1599 2991 1665 3027 lat.
1681 2989 1711 3024 Ι.
