2028 3268
375 246 458 289 376
516 251 885 290 COMMENTARII
913 251 968 288 IN
997 249 1214 289 HORATII
1240 250 1339 289 LIB.
1362 251 1393 290 Ι.
1411 251 1559 290 EPIST
1593 253 1738 292 SEPT.
1797 253 1877 296 104

481 373 526 411 V.
560 375 626 414 50.
648 375 714 413 51.
771 372 981 408 Adrasum
1010 394 1062 400 —
1089 373 1249 423 unguis.
1310 373 1501 424 Philippus
1529 376 1642 425 igitur
1666 377 1705 414 in
1723 375 1880 426 pergula

374 442 543 479 tonsoria
570 439 836 477 adventoribus
865 451 981 476 vacua
1006 441 1192 488 quendam
1221 440 1403 488 conspicit
1430 440 1638 491 hominem,
1677 444 1740 493 qui
1765 443 1882 480 barba

373 521 396 545 a
423 513 577 545 tonsore
605 506 741 543 abrasa
767 506 849 556 ipse
876 505 946 542 sibi
975 505 1121 555 placide
1150 504 1421 555 tranquilleque
1448 512 1594 546 resecat
1621 523 1777 560 ungues.
1815 511 1882 548 Ille

374 576 442 612 hac
470 573 626 611 hominis
666 573 792 622 specie
823 573 876 609 sic
906 571 1097 609 munditiei
1125 572 1287 609 urbanae
1327 586 1479 622 operam
1515 577 1685 614 navantis
1717 582 1797 616 visa
1831 579 1884 615 ita

368 639 531 691 capitur,
560 643 602 676 ut
631 651 792 687 servum,
822 639 883 686 qui
915 650 959 674 ex
989 650 1050 687 e0,
1080 639 1164 688 quis
1195 640 1258 688 sit,
1289 644 1458 690 quaerat,
1483 642 1522 678 in
1546 645 1773 682 tonstrinam
1797 645 1884 682 mit-

375 712 444 745 tat.
501 705 703 743 Verissime
728 704 777 741 ad
802 717 924 742 meum
953 705 1103 753 quidem
1130 718 1281 743 sensum
1309 707 1377 744 R.
1404 708 1609 747 Jacobsius
1635 710 1726 748 haec
1754 710 1885 748 obser-

377 779 439 811 vat
468 773 523 824 (p.
554 771 684 823 120.):
731 770 860 820 „Was
888 773 955 808 der
984 771 1116 809 Grund
1153 773 1220 809 der
1248 778 1424 824 erregten
1453 774 1791 814 Aufmerksamkeit
1818 789 1885 827 ge-

377 854 526 889 vvesen,
563 840 629 877 hat
655 839 784 878 Horaz
814 852 861 876 zu
890 850 1009 887 sagen
1033 838 1137 875 nicht
1161 839 1220 876 fiir
1249 841 1381 891 no'thig
1407 841 1602 891 gehalten:
1642 844 1708 882 wir
1734 843 1886 880 ko‘nnen

377 921 447 945 uns
486 907 575 945 aber
613 907 727 945 leicht
763 905 1043 954 hinzudenken,
1091 905 1179 942 dass
1218 918 1258 942 es
1292 907 1360 944 der
1398 906 1596 946 Ausdruck
1633 912 1701 948 der
1737 910 1888 947 Zufrie-

380 975 531 1012 denheit
567 987 664 1024 war,
714 974 781 1010 der
817 973 884 1010 aus
917 972 1057 1008 seinem
1098 972 1275 1010 Gesichte
1313 973 1528 1027 herrschte,
1575 977 1757 1015 vielleieht
1794 976 1888 1014 auch

382 1042 462 1079 eine
490 1041 689 1091 Mischung
715 1053 790 1077 von
819 1037 1122 1087 Gutmiithigkeit
1149 1039 1228 1075 und
1263 1041 1518 1092 treuherziger
1543 1030 1782 1093 Schalkheit,
1830 1044 1891 1082 die

381 1109 448 1144 der
475 1107 653 1158 Neigung
676 1108 753 1144 und
778 1107 906 1144 Weise
935 1105 1003 1142 des
1034 1105 1241 1143 Consulars
1270 1109 1475 1158 zusagte.“
1533 1111 1640 1155 Quae
1661 1111 1727 1149 Vir
1761 1111 1893 1149 huma-

381 1175 556 1212 nissimus
587 1175 764 1225 deinceps
789 1177 923 1211 contra
949 1172 1231 1222 Doeringium,
1261 1175 1324 1222 qui
1353 1177 1584 1216 consularem
1612 1178 1714 1217 illum
1741 1177 1894 1215 invidia

383 1249 533 1278 tactum
565 1241 686 1288 hujus
701 1240 834 1292 felicis
862 1239 1030 1276 hominis
1058 1239 1223 1288 dixerat,
1266 1248 1415 1292 monet,
1449 1248 1535 1281 sunt
1558 1245 1728 1294 quidem,
1758 1245 1792 1282 si
1813 1257 1895 1281 rem

385 1311 433 1347 ad
460 1309 624 1359 lapidem
651 1308 813 1358 Lydium
840 1307 1023 1357 exegeris,
1049 1319 1161 1356 vera,
1190 1311 1254 1355 at,
1282 1310 1351 1347 nisi
1378 1310 1501 1348 omnia
1527 1323 1586 1348 me
1611 1310 1767 1360 fallunt,
1795 1309 1898 1348 Doe-

385 1377 542 1427 ringius
572 1389 617 1414 ex
644 1378 775 1413 nostro
806 1387 978 1412 sermone
1007 1378 1154 1412 tantum
1173 1375 1427 1426 fortunatam
1458 1377 1554 1414 illius
1582 1376 1740 1415 hominis
1769 1377 1898 1414 condi-

387 1445 528 1481 tionem
555 1444 639 1480 istis
669 1442 792 1480 verbis
821 1442 939 1480 voluit
969 1441 1194 1492 significare.
1253 1443 1330 1480 Sed
1359 1455 1424 1480 cur
1460 1444 1697 1481 discesserim
1729 1444 1776 1482 de
1805 1443 1899 1496 scri-

387 1515 501 1561 ptura
528 1510 696 1547 abrasus
724 1521 746 1546 a
771 1508 973 1546 Schmidio
1001 1522 1085 1546 meo
1114 1509 1373 1548 sollertissime
1402 1511 1558 1548 defensa
1586 1509 1716 1562 (etiam
1733 1511 1771 1548 in
1789 1509 1900 1547 Jahn.

388 1578 515 1617 NJbb.
547 1578 667 1618 1831.
692 1577 756 1615 ΙΙΙ.
785 1590 824 1627 p.
853 1577 918 1617 18.
946 1577 1045 1613 cons.
1076 1574 1240 1613 Freund.
1267 1577 1305 1613 in
1327 1575 1458 1614 Lexic.
1487 1577 1523 1614 h.
1551 1576 1622 1627 v.),
1657 1578 1710 1614 ita
1737 1579 1778 1613 ut
1803 1575 1898 1614 mul-

389 1651 512 1683 torum
544 1645 705 1681 virorum
743 1647 782 1680 et
810 1643 981 1680 doctrina
1015 1647 1052 1679 et
1081 1643 1273 1691 judicandi
1301 1642 1479 1680 facultate
1506 1643 1703 1693 insignium
1731 1642 1902 1692 plausum

392 1712 542 1759 tulerit,
591 1710 679 1747 mihi
714 1709 913 1747 dicendum
951 1711 1022 1746 est.
1079 1707 1244 1745 Primum
1276 1709 1340 1746 isti
1379 1709 1585 1760 scripturae
1613 1709 1830 1747 adversatur
1857 1708 1903 1745 li-

393 1779 546 1815 brorum
579 1789 671 1814 mss.
708 1788 732 1812 a
765 1775 874 1812 nobis
915 1775 1113 1825 diligenter
1152 1787 1393 1813 excussorum
1429 1776 1644 1814 auctoritas.
1701 1774 1827 1812 Acron
1866 1779 1905 1812 et

395 1844 601 1895 Porphyrio
637 1843 684 1879 de
720 1842 790 1879 hac
831 1841 980 1891 quidem
1007 1855 1048 1879 re
1073 1845 1222 1890 tacent,
1267 1845 1308 1878 at
1335 1841 1545 1880 Scholiasta
1572 1843 1688 1891 Cruq.
1716 1841 1906 1878 adrasum

395 1913 663 1961 interpretatur
700 1908 1036 1958 „praetonsum.“
1091 1907 1238 1947 Deinde
1281 1908 1380 1946 haud
1417 1909 1526 1946 facile
1560 1909 1747 1946 hominem
1785 1907 1909 1945 abra-

398 1992 487 2016 sum
505 1990 575 2028 pro
598 1990 659 2025 eo,
688 1975 792 2024 cujus
812 1973 929 2011 barba
947 1974 1082 2011 abrasa
1100 1975 1164 2024 sit,
1194 1975 1343 2012 dixeris.
1398 1975 1504 2012 Idem
1522 1975 1686 2012 sensisse
1705 1976 1852 2013 videtur
1869 1973 1909 2027 *)

399 2043 668 2082 Hoclzederus.
729 2040 939 2078 Adradere
966 2042 1084 2090 enim,
1112 2041 1175 2078 ubi
1203 2054 1277 2078 non
1306 2044 1364 2079 est
1392 2041 1523 2078 leviter
1551 2041 1757 2092 abradere,
1794 2043 1910 2092 signi-

401 2113 504 2160 ficat,
535 2111 567 2146 si
592 2110 638 2147 de
667 2108 815 2146 homine
844 2109 982 2158 agitur,
1010 2109 1090 2157 ejus
1121 2108 1179 2146 vel
1209 2107 1361 2146 barbam
1384 2108 1443 2145 vel
1468 2108 1622 2158 capillos
1650 2108 1707 2146 vel
1725 2108 1802 2146 tale
1821 2109 1911 2158 quid

402 2178 570 2216 radendo
607 2176 766 2213 auferre.
823 2175 879 2214 Ita
914 2175 1068 2215 Petron.
1097 2175 1164 2216 32.
1200 2175 1392 2212 adrasum
1419 2174 1635 2212 excluserat
1661 2181 1792 2225 caput.
1849 2175 1911 2212 Si-

403 2245 539 2282 militer
575 2242 786 2280 adtondero
823 2242 923 2292 apud
954 2241 1074 2279 Plaut.
1112 2242 1150 2279 in
1178 2242 1327 2292 Captiv.
1357 2245 1407 2291 2,
1449 2244 1498 2290 2,
1540 2243 1606 2282 18.
1665 2241 1748 2280 Sed
1779 2248 1913 2278 utrum

405 2312 617 2348 strictimne
643 2315 891 2346 attonsarum
918 2308 1050 2345 dicam
1079 2321 1158 2345 esse
1168 2336 1185 2354 ,
1222 2322 1277 2346 an
1299 2322 1372 2359 per
1395 2309 1617 2359 pectinem,
1652 2308 1795 2345 Nescio
1801 2322 1818 2355 ,-
1849 2320 1914 2345 cur

407 2385 540 2415 tonsus
564 2377 676 2414 etiam
705 2376 848 2413 dicatur
876 2376 923 2412 de
951 2380 1034 2413 toto
1063 2376 1227 2425 homine,
1255 2376 1314 2413 hic
1338 2389 1517 2427 quaerere
1545 2388 1622 2413 non
1647 2374 1792 2411 attinet.
1850 2372 1913 2410 Vi-

408 2447 476 2483 des
504 2445 633 2495 igitur,
661 2442 856 2480 hominem
883 2442 1095 2488 attonderi,
1122 2443 1270 2480 adradi
1293 2443 1349 2495 (in
1367 2442 1531 2480 Petronii
1549 2441 1632 2478 loco
1653 2446 1775 2490 caput
1791 2439 1915 2477 adra-

409 2525 523 2556 sum,
570 2511 657 2561 quia
695 2510 733 2547 in
769 2522 803 2547 v.
835 2516 958 2559 caput
991 2511 1094 2547 notio
1130 2511 1244 2548 totius
1280 2510 1470 2559 cujusdam
1497 2506 1720 2558 praevalet),
1751 2506 1915 2544 barbam

411 2577 556 2614 abradi
567 2605 582 2622 ,
611 2577 703 2613 radi
727 2576 821 2614 Plin.
851 2577 901 2614 H.
931 2577 983 2614 N.
1011 2579 1059 2626 6,
1083 2578 1149 2618 28.
1206 2575 1252 2613 Α.
1283 2575 1382 2613 Gell.
1414 2574 1465 2625 4,
1495 2575 1560 2624 3.,
1580 2575 1732 2624 faciem
1756 2575 1916 2611 rasitarc'

412 2645 516 2681 Suet.
547 2644 637 2681 oth.
662 2645 742 2692 12.,
774 2650 913 2693 caput,
934 2650 1093 2694 guttur,
1123 2644 1302 2680 verticem
1326 2641 1418 2678 radi
1439 2642 1521 2679 Juv.
1545 2643 1585 2691 6,
1614 2642 1708 2682 105.
1742 2643 1808 2690 12,
1826 2642 1914 2690 .81.,

412 2710 534 2747 Plaut.
574 2709 709 2760 Amph.
742 2712 787 2759 1,
828 2712 873 2760 1,
913 2710 1007 2750 306.
1065 2709 1148 2747 Liv.
1179 2708 1256 2758 45,
1295 2707 1372 2758 44,
1412 2708 1475 2749 19.
1515 2708 1752 2758 supercilia,
1801 2707 1916 2745 labra

525 2854 565 2900 *)
584 2857 675 2891 Vide
694 2857 848 2901 ejusdem
868 2858 1045 2902 „Offenes
1061 2857 1347 2892 Sendschreiben
1368 2868 1412 2890 an
1432 2857 1551 2890 Herrn
1573 2857 1644 2890 Th.
1662 2855 1829 2890 Schmid“
1846 2860 1915 2889 etc.

417 2925 453 2957 p.
477 2909 511 2946 4.
