2028 3268
158 266 237 308 121
312 260 692 303 COMMENTARII
711 261 771 303 IN
788 261 1012 303 HORATII
1030 259 1128 300 LIB.
1144 261 1174 300 l.
1203 258 1369 300 EPIST.
1385 259 1534 300 SEPT.
1609 259 1693 301 393

154 389 353 428 emendum
381 387 558 440 agellum,
588 388 747 426 alteram
775 393 942 428 mutuam
971 389 1050 432 dat,
1077 388 1111 425 ei
1139 387 1378 440 persuadet“
1402 391 1494 436 etc.,
1522 390 1564 425 ut
1589 390 1694 426 recte

152 458 247 497 vidit
276 456 467 496 oremus.
530 457 603 502 Qui
626 461 752 495 autem
775 457 940 508 repetito
967 455 1085 494 verbo
1112 463 1328 503 mercatur,
1349 455 1405 494 uti
1427 455 1695 506 sagacissimus

151 525 216 564 ille
240 525 535 571 Marklandus,
563 525 588 563 ii
614 526 867 574 meminerint,
889 525 1110 576 persuadet
1135 525 1196 563 hie
1221 537 1311 563 esse
1337 523 1494 562 verbum
1521 523 1694 563 volunta·

150 595 216 644 tis,
242 605 321 631 non
346 594 542 645 perfectae
567 595 738 634 actionis.
797 593 900 631 Scite
919 594 998 644 jam
1025 593 1197 631 additur:
1227 593 1458 641 Mereatur,
1486 593 1512 630 i.
1539 605 1574 631 e.
1603 592 1695 631 Phi-

151 662 256 714 lippo
283 662 537 713 obtemperat.
595 662 654 701 Ita
676 662 753 700 Od.
785 664 833 711 2,
866 660 942 712 14,
968 662 1009 701 6.
1039 663 1078 699 .ςί
1105 663 1263 700 triceni-s·
1290 683 1348 691 —-
1370 661 1510 712 places
1538 660 1695 699 illacri-

153 729 344 768 mabilem
376 729 571 768 Plutona.
634 729 748 767 Ovid.
778 729 872 768 Met.
902 729 944 780 9,
974 732 1044 771 37.
1103 731 1162 768 Et
1187 729 1302 768 modo
1333 731 1550 776 cervicem,
1580 729 1695 767 modo

152 812 273 837 crura
302 799 499 836 micantia
522 804 670 848 captat.
726 797 832 850 Virg.
858 797 956 837 Aen.
986 800 1028 849 6,
1052 798 1149 839 468.
1180 797 1272 849 ibiq.
1303 797 1462 849 Forbig.
1521 796 1697 836 Lenibat

152 867 272 905 dictis
293 868 488 904 animum.
547 868 656 912 Quae
682 866 772 905 olim
799 867 826 905 1.
858 880 975 918 supra
1002 867 1028 905 l.
1060 868 1108 905 de
1137 866 1208 904 hac
1235 867 1383 905 dicendi
1408 868 1695 916 consuetudine,

153 949 252 987 quae
280 937 460 987 imprimis
488 936 528 973 in
556 935 710 986 Imperf.
742 936 945 987 conspicua
974 939 1055 986 est,
1088 937 1362 988 disputavimus
1393 936 1451 974 vel
1479 935 1697 987 probabunt

153 1004 214 1042 vel
241 1004 437 1055 augebunt
458 1003 599 1054 Wagn.
626 1005 675 1042 ad
698 1004 810 1056 Virg.
834 1003 931 1042 Aen.
964 1004 1041 1054 10,
1072 1004 1169 1046 801.
1226 1004 1386 1056 Forbig.
1417 1005 1466 1042 ad
1495 1003 1592 1042 Aen.
1626 1006 1694 1053 12,

152 1069 251 1112 394.
309 1072 406 1111 Otto
429 1071 479 1110 ad
508 1071 592 1110 Cic.
623 1072 709 1110 Cat.
740 1073 826 1110 mai.
854 1071 905 1122 4,
942 1071 982 1112 4.
1009 1074 1059 1112 ad
1084 1073 1172 1112 Fin.
1205 1075 1252 1124 1,
1290 1075 1343 1124 7,
1384 1073 1451 1115 23.
1509 1073 1632 1111 Kritz.
1657 1076 1697 1111 et

151 1140 322 1191 Herzog·
350 1140 399 1178 ad
427 1139 520 1178 Sall·
549 1139 653 1191 Jug.·
672 1143 750 1191 27,
801 1143 838 1182 1.
893 1142 1056 1194 Rupert.
1086 1143 1134 1181 ad
1165 1142 1260 1181 Tac.
1286 1141 1386 1179 Ann.
1426 1144 1474 1189 2,
1523 1140 1605 1190 85,
1655 1143 1694 1183 1.

152 1207 284 1248 Herm.
317 1209 367 1247 ad
403 1208 490 1260 Vig.
530 1208 563 1257 §.
593 1210 688 1251 161.
723 1223 763 1262 p.
786 1207 884 1251 746.
921 1215 960 1249 et
997 1212 1044 1250 ad
1085 1210 1205 1262 Soph.
1231 1209 1340 1260 Ajac.
1374 1210 1498 1251 1105.
1555 1209 1694 1247 Matth.

153 1275 265 1318 Misc.
286 1277 380 1329 phil.
405 1277 454 1316 ΙΙ.
486 1279 526 1320 2.
555 1291 594 1329 p.
615 1278 683 1318 80.
742 1278 980 1330 Bernhardy.
1010 1278 1247 1317 Wiss'ensch.
1277 1279 1386 1328 Synt.
1412 1293 1453 1330 p.
1474 1277 1571 1318 370.
1598 1277 1695 1318 373.

152 1345 276 1397 Sillig.
317 1346 356 1384 in
394 1345 506 1384 Jahn.
532 1345 619 1384 Jbb.
654 1346 777 1389 1829.
807 1347 838 1386 Ι.
872 1348 911 1388 1.
941 1359 981 1398 p.
1013 1348 1080 1390 28.
1138 1347 1295 1387 Ramsh.
1327 1347 1398 1385 Gr.
1428 1347 1493 1385 lat.
1530 1347 1563 1395 §.
1599 1348 1695 1389 162.

152 1425 193 1465 p.
220 1413 316 1454 583.
345 1414 408 1452 ed.
437 1415 476 1456 2.
509 1436 567 1444 --
594 1414 656 1454 De
683 1428 840 1454 numero
870 1413 1009 1453 Plurali
1037 1416 1215 1453 sestertia
1247 1414 1323 1453 vid.
1356 1415 1501 1457 Gernh.
1531 1416 1579 1455 ad
1611 1415 1696 1452 Cic.

138 1480 293 1521 ,Parad.
319 1484 370 1533 6,
412 1483 467 1533 3,
504 1482 575 1523 49.
605 1488 645 1522 et
677 1486 726 1523 de
754 1497 886 1522 eorum
913 1485 1041 1522 valore
1068 1483 1205 1523 Lamb.
1235 1486 1285 1522 ad
1310 1484 1348 1522 h.
1372 1484 1396 1521 l.
1426 1490 1466 1522 et
1489 1484 1697 1535 scriptores

152 1551 205 1589 ad
243 1551 294 1600 6,
343 1549 413 1592 34.
453 1551 640 1590 laudatos.
701 1553 860 1604 Septem
894 1553 993 1591 milia
1033 1553 1252 1591 sestertium
1301 1551 1450 1590 Orellio
1489 1558 1576 1591 sunt
1613 1552 1696 1593 371

153 1619 290 1659 thaleri
319 1619 496 1658 Saxoniei
535 1621 615 1658 sive
652 1621 735 1662 668
770 1623 906 1660 floren.
934 1622 1059 1660 Rhen.
1101 1643 1158 1649 —
1197 1621 1243 1658 V.
1270 1619 1475 1661 83—85.
1507 1634 1552 1656 ex
1580 1619 1696 1658 nitid.

141 1687 204 1737 fit
229 1695 329 1725 rust.
390 1688 452 1726 Ita
481 1689 562 1726 Cic.
596 1691 645 1728 ad
670 1688 758 1727 Div.
791 1691 859 1739 16,
884 1691 954 1740 21,
981 1690 1048 1731 13.
1106 1689 1380 1740 Deponendae
1412 1688 1484 1726 tibi
1511 1696 1605 1726 sunt
1627 1703 1699 1726 ur·-

156 1755 356 1794 banitates
369 1771 382 1793 .-
426 1758 602 1794 rusticus
641 1757 855 1795 Romanas
877 1758 1026 1810 sactus
1062 1771 1113 1797 es.
1174 1758 1230 1798 Ut
1267 1759 1419 1796 nitidus
1455 1758 1699 1808 elegantioris

155 1825 254 1863 vitae
282 1825 395 1863 homo
426 1829 507 1872 est,
556 1826 612 1863 ita
639 1827 813 1863 rusticus
835 1826 883 1864 ab
911 1827 1146 1878 elegantiore
1176 1827 1278 1866 cultu
1302 1828 1458 1866 alienus.
1513 1827 1701 1878 Exempla

155 1893 242 1932 vide
279 1906 342 1945 ap.
370 1893 508 1933 Lamb.
545 1898 586 1932 et
624 1894 793 1932 Schmid.
823 1897 873 1934 ad
910 1896 948 1935 h.
986 1896 1012 1935 l.
1070 1896 1242 1935 Broukh.
1279 1897 1330 1935 ad
1360 1897 1449 1935 Tib.
1481 1899 1532 1947 2,
1569 1896 1619 1947 5,
1659 1898 1699 1938 7.

154 1961 306 2000 Ruhnk.
336 1963 387 1999 ad
415 1963 529 2001 Ovid.
558 1962 718 2000 Heroid.
751 1965 790 2012 1,
820 1966 891 2004 77.
946 1964 1080 2003 Heinr.
1105 1966 1156 2004 ad
1180 1966 1265 2004 Juv.
1298 1968 1374 2015 11,
1402 1966 1499 2006 176.
1532 1966 1698 2015 interpp.

155 2030 206 2068 ad
231 2029 312 2066 Cic.
341 2029 428 2067 Cat.
455 2032 506 2078 2,
531 2029 605 2078 10,
632 2032 698 2072 22.
748 2031 823 2075 Qui
848 2032 1068 2083 simpliciter
1092 2034 1301 2085 explicant:
1329 2047 1416 2083 „ex
1442 2033 1547 2071 urbis
1576 2033 1700 2070 incola

157 2098 202 2136 fit
229 2097 325 2135 ruris
356 2096 578 2146 colonus‚“
607 2098 630 2135 ii
659 2110 750 2136 num
777 2103 882 2136 recte
911 2099 1076 2137 viderint
1105 2101 1251 2140 dubito.
1308 2103 1416 2141 Bene
1440 2102 1480 2139 J.
1509 2101 1697 2139 Merkel..-

156 2166 258 2218 „der
291 2164 467 2204 zierliche
496 2164 654 2204 Stadter
682 2167 775 2204 wird
802 2179 900 2217 ganz
924 2167 1092 2206 Bauer.“

268 2233 316 2272 V.
347 2231 416 2274 84.
453 2234 521 2274 85.
585 2233 730 2271 Salcos
759 2256 815 2263 —
843 2233 1032 2274 habendi.
1067 2244 1215 2288 erepat.
1274 2237 1319 2275 In
1351 2237 1425 2275 hoc
1452 2249 1524 2274 usu
1548 2248 1584 2273 v.
1616 2249 1699 2272 cre-

152 2303 287 2355 pandi
315 2303 477 2355 praeivit
494 2301 650 2341 Lucret.
671 2305 712 2351 2,
746 2304 885 2352 1171„
915 2303 1125 2343 Horatiana
1152 2305 1324 2357 exempla
1350 2305 1505 2356 collegit
1531 2304 1695 2342 Mitselz.

155 2373 207 2412 ad
233 2372 310 2409 Od.
344 2372 391 2419 1,
427 2371 503 2421 18,
533 2369 573 2411 5.
631 2370 757 2409 Minus
779 2375 884 2409 recte
913 2372 1178 2421 Heindorfias
1205 2376 1253 2412 ad
1278 2375 1359 2411 Sat.
1391 2376 1442 2423 2,
1467 2374 1517 2422 3,
1540 2373 1608 2414 33.
1640 2373 1700 2412 hic

156 2440 261 2479 videt
287 2439 474 2477 irrisionis
500 2444 645 2489 notam,
675 2443 848 2478 nostrum
873 2441 1155 2490 „schnattern“
1183 2455 1425 2493 comparans,
1456 2446 1517 2480 est
1534 2443 1573 2479 in
1601 2455 1700 2492 „ore

156 2507 346 2557 habere‚“
374 2507 463 2545 nihil
491 2507 666 2559 amplius.
725 2507 885 2547 Rectius
919 2509 1099 2548 Schmid.
1124 2515 1164 2549 et
1190 2510 1365 2548 Orellius
1391 2510 1504 2562 loqui
1527 2509 1627 2560 (Sat.
1660 2512 1700 2562 1,

157 2577 211 2627 3,
246 2575 355 2627 13.),
395 2572 559 2616 λάσκειν
586 2577 808 2627 conferunt,
844 2578 919 2616 vid.
950 2578 1067 2617 Wolf.
1096 2579 1145 2615 ad
1174 2578 1375 2616 Demosth.
1405 2579 1444 2617 in
1471 2577 1627 2630 Leptin.
1657 2594 1698 2631 p.

157 2644 256 2685 371.
281 2648 322 2682 et
344 2643 474 2682 Burm.
500 2645 550 2682 ad
576 2643 732 2683 Petron.
765 2647 860 2686 117.
898 2660 939 2697 p.
967 2646 1062 2687 543.
1101 2669 1158 2676 —
1190 2654 1412 2697 praeparat
1443 2647 1584 2688 ulmos.
1641 2648 1701 2686 Ita

159 2711 238 2750 Od.
269 2709 311 2761 4,
339 2709 380 2761 5,
410 2711 480 2751 30.
537 2712 594 2750 Et
617 2714 737 2750 vitem
766 2713 913 2751 viduas
939 2713 1051 2751 ducit
1079 2715 1138 2752 ad
1157 2714 1328 2756 arbores.
1387 2716 1510 2767 Epist.
1543 2719 1591 2767 1,
1631 2719 1698 2768 16,

157 2779 200 2820 3.
227 2779 379 2817 amicta
415 2778 563 2817 vitibus
587 2781 708 2820 ulmo.
768 2782 912 2820 Catull.
944 2783 1022 2831 62,
1063 2781 1132 2823 54.
1190 2783 1255 2820 At
1280 2785 1317 2821 si
1340 2784 1453 2835 jbrte
1481 2786 1618 2824 eadem
1644 2794 1702 2824 est

161 2847 269 2886 ulmo
298 2850 514 2896 conjuncta
547 2851 703 2888 marito.
767 2850 880 2889 Ovid.
913 2850 1035 2889 Trist.
1066 2853 1112 2900 2,
1154 2851 1246 2892 143.
1311 2853 1408 2890 Vidi
1444 2868 1517 2905 ego
1537 2858 1700 2906 pampi-

161 2919 246 2954 neis
279 2923 485 2954 oneratam
514 2917 661 2955 vitibus
688 2919 866 2966 ulmum,
917 2919 967 2956 ad
995 2932 1107 2968 quem
1135 2920 1208 2958 loc.
1240 2921 1315 2959 vid.
1345 2921 1482 2960 Loers.
1541 2924 1625 2961 Juv.
1657 2925 1697 2972 8,

163 2986 231 3026 78.
293 2986 456 3024 Stratus
488 2984 603 3024 hami
622 2986 784 3038 palmes
808 2987 955 3026 viduas
983 2987 1181 3026 desiderat
1205 2988 1333 3027 ulmos
1348 3018 1362 3036 ,
1410 2991 1501 3043 ibiq.
1534 2993 1696 3045 Rupert.
