2054 3268
365 272 417 313 12
931 273 1312 311 HORATII

427 388 554 432 Plebs
586 386 686 431 eris.

752 386 812 430 At
838 386 957 443 pueri
983 385 1195 444 ludentes,
1229 382 1373 439 „Rex
1391 385 1539 440 eris‚“
1567 390 1701 444 njunt,

430 464 520 521 „Si
542 461 890 522 rectesacie8.“
956 462 1039 507 Hic
1064 477 1207 506 murus
1232 463 1420 507 aheneus
1449 468 1568 507 est-o:
1826 464 1881 505 60

430 543 503 587 Nil
532 542 723 587 conscire
749 541 852 600 sibi,
887 541 1005 586 nulla
1027 541 1265 600 pallescere
1295 541 1432 600 culpa.

364 672 465 706 etiam
481 681 562 704 mss.
580 670 676 702 Feae
694 669 725 712 1,
742 680 778 714 p.
809 669 852 713 2,
879 668 916 703 h.
941 681 962 704 a
990 671 1022 704 1.
1050 681 1094 703 m.

363 728 427 760 Est
443 726 578 759 animus
592 744 636 750 —
651 725 719 758 Sed
734 725 859 769 quadr.
883 725 970 759 Mss.
986 725 1096 760 Pulm.

364 785 396 817 1.
425 783 478 816 10.
504 793 563 815 un.
599 792 657 826 ap.
681 781 811 815 Bersm.
840 793 899 815 un.
930 793 988 827 ap.
1015 782 1097 815 Val.

362 838 447 881 alqt.
464 837 578 880 Feae,
606 848 693 881 quos
711 849 780 871 non
796 838 960 882 nominat,
988 838 1096 872 Goth.

361 894 462 926 Hanc
477 892 682 937 scripturam
694 894 964 939 transpositione
977 905 998 927 a
1008 895 1097 928 Cru—

361 949 443 992 quio
471 949 566 982 facta
588 949 720 984 innisus
736 951 890 985 restituit
904 950 1095 994 Bentlejus,

361 1005 517 1049 pluribus
555 1005 738 1039 vindicans
777 1006 982 1051 particulam
1025 1006 1096 1049 sed,

361 1072 463 1104 quam
474 1060 603 1094 habent
611 1066 688 1095 octo
700 1062 833 1106 Lamb.,
847 1063 965 1096 Schol.
974 1063 1096 1106 Cruq„

362 1117 520 1161 plerique
537 1117 656 1158 Torr.‚
689 1123 761 1152 tres
778 1119 978 1162 Pulmanni‚
1011 1119 1095 1152 toti-

362 1173 436 1206 dem
449 1173 652 1206 Bersmanni
669 1178 704 1207 et
713 1175 829 1208 Bentl.
849 1177 880 1209 1.
897 1176 932 1209 2.
949 1176 983 1209 6.
1001 1174 1096 1208 Α.Β.

364 1240 421 1273 ap.
445 1229 566 1262 Comb.
592 1229 680 1262 Bad.
700 1230 732 1263 1.
758 1230 915 1275 plerique
937 1230 1097 1273 Potterii,

362 1285 465 1318 Dess.
486 1286 518 1318 1.
543 1285 642 1318 Gott.
663 1286 694 1319 1.
712 1285 813 1330 Lips.
833 1288 865 1320 1.
883 1289 918 1322 Ξ.
934 1287 1046 1320 Dorv.
1065 1288 1098 1320 1.

303 1382 314 1393 .
361 1342 396 1376 2.
424 1340 568 1374 Mentel.
615 1341 686 1374 Sed
710 1342 834 1385 quadr.
862 1347 931 1376 etc.
958 1347 1038 1388 post
1063 1354 1099 1376 v.

361 1396 424 1430 Nil
455 1397 601 1430 conscire
622 1415 669 1422 —
691 1399 795 1442 culpa
824 1400 1034 1433 transfertur
1063 1398 1101 1432 in

363 1465 424 1486 ms.
442 1453 591 1497 Bentleji
607 1453 640 1486 9.
667 1459 703 1507 et
726 1442 952 1499 plane·deest
975 1456 1012 1488 in
1036 1466 1099 1488 ms.

361 1509 495 1543 Jaeckii
511 1510 545 1542 4.
584 1509 777 1553 Bentlejum
793 1522 869 1556 seq.
887 1512 965 1546 edd.
982 1510 1099 1545 Maitt.

363 1566 452 1599 Cun.
478 1565 563 1598 San.
587 1565 739 1600 Mervill.
758 1567 850 1601 Phil.
868 1568 1000 1602 Sandb.
1018 1567 1099 1602 Val.

362 1621 507 1665 Dorigh.
517 1620 604 1654 Bad.
610 1623 1100 1658 WetonaberfzeumHunt.
1107 1638 1115 1645 ·

365 1677 486 1722 Camp.
503 1677 591 1715 Zell.
613 1678 771 1713 Hoched.
790 1680 943 1714 Meinek.
951 1672 1099 1714 Weber.

365 1733 686 1778 Transpositionem
704 1736 776 1770 def.
794 1737 940 1771 Graser.
957 1737 994 1770 in
1002 1735 1098 1770 Hall.

363 1788 455 1833 Aug.
480 1789 522 1823 L.
539 1789 580 1823 Ζ.
601 1791 700 1825 1832.
726 1803 780 1825 nr.
805 1790 851 1828 47
872 1797 909 1827 et
929 1793 1039 1826 Bach.
1063 1792 1100 1826 in

365 1836 556 1879 Zimmernf.
569 1846 742 1881 Zeitschr.
755 1848 782 1881 f.
795 1849 829 1882 d.
841 1849 1099 1883 Alterthumsw.

366 1900 464 1937 1834.
482 1914 517 1947 p.
538 1903 638 1937 1030.
672 1903 804 1938 Contra
819 1905 972 1939 ordinem
990 1904 1099 1938 usita-

364 1963 435 1992 tum
467 1958 685 1993 retinuerunt
714 1960 802 1994 Dae.
835 1962 946 1995 Gesn.
979 1962 1100 1995 Comb.

366 2015 484 2048 Oberl.
512 2015 599 2048 Fea.
625 2015 732 2050 Doer.
766 2017 917 2052 Schmid.
945 2017 1099 2052 Braunh.

364 2074 509 2107 Passov.
542 2074 638 2108 Pott.
651 2100 661 2118 ,
695 2073 772 2107 *sed
804 2073 861 2107 hic
892 2074 1101 2108 auctoritate

365 2141 502 2163 suorum
534 2141 615 2163 mss.
646 2130 808 2175 scripsit:
860 2131 931 2164 Sed
961 2130 1100 2175 quadr„

365 2186 458 2230 quod
488 2198 557 2220 non
588 2187 762 2232 improbat
793 2187 984 2220 Gesnerus.
1024 2186 1100 2220 Jam

366 2242 540 2276 videamus
557 2243 706 2287 singula.
723 2243 914 2287 Bentlejus,
931 2243 1007 2276 Fea
1022 2242 1100 2276 alii-

366 2310 434 2342 que
460 2299 622 2333 exhibent
647 2299 852 2344 scripturam
870 2299 1003 2343 aliquot
1018 2309 1100 2332 mss.

367 2355 487 2398 (etiam
506 2355 625 2388 Guelf.
645 2357 676 2389 1.
694 2355 728 2389 3.
753 2355 917 2400 Mentel.)
944 2366 1102 2400 compro—

367 2412 480 2444 batam
498 2412 624 2455 desint,
657 2413 758 2456 prob.
775 2412 904 2444 Bauer.
923 2409 967 2443 ad
982 2411 1104 2442 Sanct.

368 2467 516 2500 Minerv.
532 2468 580 2500 II.
598 2480 632 2512 p.
650 2468 735 2510 328,
768 2467 930 2512 praefero
948 2465 1104 2510 equidem

369 2534 444 2556 cum
476 2523 588 2556 multis
620 2523 698 2557 aliis
729 2530 765 2557 et
788 2534 868 2557 mss.
892 2522 986 2566 (fere
1011 2533 1101 2555 omn.

370 2578 498 2620 nostr.)
512 2583 546 2610 et
557 2577 634 2611 edd.
647 2580 690 2612 ob
708 2580 897 2613 orationem
913 2577 1022 2622 magis
1039 2577 1101 2611 de-

370 2633 500 2667 finitam
518 2644 626 2677 eaque
640 2646 679 2668 re
696 2635 895 2680 antiquitati
910 2635 1019 2679 magis
1043 2645 1102 2668 ac-

371 2688 614 2723 commodatam
637 2691 778 2732 desunt,-
816 2692 977 2737 praefero
1003 2691 1105 2726 etiam

371 2747 416 2779 ob
426 2746 585 2789 majorem
594 2747 808 2790 repetitionis
816 2749 901 2782 vim:
911 2753 962 2783 est
969 2748 1106 2793 lingua,

372 2801 464 2845 quod
481 2801 609 2834 habent
625 2801 709 2845 alqt.
727 2805 1057 2839 mss.Lamb.Pulm.
1072 2805 1105 2838 1.

372 2857 487 2891 Bentl.
507 2856 561 2900 15,
578 2858 614 2890 b.
647 2857 747 2902 Lips.
764 2860 798 2893 2.
816 2862 849 2895 3.
882 2861 974 2895 Edd.
992 2861 1105 2894 Chab.

372 2912 487 2947 Bentl.
505 2913 594 2946 Cun.
605 2912 690 2947 San.
703 2915 853 2950 Mervill.
868 2918 946 2952 Val.
964 2917 1106 2952 Wakef.

1150 671 1260 705 Hunt.
1269 669 1422 704 Schmid.
1431 668 1477 702 al.
1487 673 1520 703 et
1527 669 1617 713 ling.
1628 667 1719 702 Edd.
1731 668 1827 712 vulg.
1838 666 1883 702 At

1151 726 1237 761 nihil
1261 726 1381 761 horum
1404 726 1528 759 vocab.
1545 724 1794 770 permutatione
1810 725 1880 758 fre-

1151 783 1324 828 quentius,
1342 794 1378 816 v.
1392 780 1509 814 Hand.
1526 779 1632 814 Turs-
1647 780 1696 814 11.
1712 792 1749 826 p.
1767 779 1833 815 540
1849 784 1884 813 et

1153 839 1286 872 Gernh.
1305 838 1349 872 ad
1364 837 1441 870 Cic.
1458 836 1557 870 Lael.
1574 848 1611 881 Ρ.
1628 837 1684 871 66.
1700 855 1746 861 --
1760 836 1806 870 V.
1824 838 1880 870 58.

1151 896 1264 929 milia.
1297 895 1359 928 Sic
1381 905 1462 927 mss.
1489 891 1608 926 Guelf.
1635 893 1668 926 1.
1695 893 1730 925 Ξ.
1761 891 1806 926 D.
1824 903 1882 937 ap.

1152 952 1273 986 Oberl.
1304 951 1406 984 Dess.
1426 960 1516 982 omn.
1548 947 1656 982 Goth.
1676 947 1774 993 Lips.
1793 959 1882 981 omn.

1152 1009 1297 1050 Graev„
1322 1017 1423 1051 quam
1440 1004 1721 1049 orthographiam
1737 1005 1885 1049 probant

1151 1068 1291 1110 praeter
1314 1061 1455 1096 Grotef.
1483 1061 1567 1104 (Gr.
1594 1061 1657 1095 lat.
1680 1061 1729 1094 II.
1754 1061 1775 1101 S
1801 1061 1884 1104 190)

1153 1120 1286 1154 Gernh.
1305 1122 1341 1152 et
1355 1118 1471 1152 Beier.
1489 1118 1533 1151 ad
1550 1117 1625 1150 Cic.
1645 1117 1750 1150 offic.
1767 1117 1810 1160 3,
1827 1117 1883 1158 32,

1155 1178 1232 1211 114.
1244 1201 1254 1218 ,
1286 1175 1348 1209 sed
1364 1186 1399 1208 v.
1419 1173 1581 1207 Schneid.
1598 1173 1736 1207 Elmtrl.
1753 1185 1788 1218 p.
1805 1171 1884 1207 412.

1154 1237 1190 1266 et
1203 1231 1303 1266 Harl.
1329 1231 1373 1265 ad
1398 1229 1526 1264 Cellar.
1552 1229 1720 1273 Orthogr.
1743 1241 1780 1274 p.
1803 1231 1882 1264 288.

1155 1289 1216 1322 Sic
1231 1299 1271 1321 se
1285 1298 1343 1321 res
1360 1287 1483 1320 habet:
1501 1285 1727 1329 antiquiorem
1743 1285 1886 1319 formam

1155 1356 1224 1378 non
1239 1343 1444 1387 geminatam
1460 1352 1524 1375 usu
1539 1342 1683 1387 recepit,
1703 1345 1742 1374 ut
1755 1341 1792 1375 in
1808 1342 1886 1375 aliis

1154 1411 1233 1434 voc.
1246 1386 1386 1442 fa⁸ctum,
1404 1387 1500 1432 aelzas
1510 1397 1695 1432 recentior.
1707 1417 1754 1423 —
1764 1398 1888 1443 quadr.

1154 1467 1221 1500 sex,
1244 1460 1372 1500 septem
1387 1455 1457 1488 des.
1474 1454 1659 1489 Lambinus
1673 1454 1885 1499 distinguen-

1155 1512 1234 1546 dum
1265 1511 1447 1557 propmit,
1473 1521 1554 1554 seq.
1586 1501 1716 1554 eddss
1746 1511 1885 1546 Maroll.

1154 1568 1310 1603 Bonfinis
1338 1567 1409 1612 legi
1435 1566 1581 1600 mavult:
1606 1578 1664 1600 sex
1685 1571 1808 1611 septem
1825 1571 1888 1600 aut

1154 1636 1202 1658 m.
1218 1624 1288 1658 des.
1314 1623 1416 1658 ffltsn·
1430 1634 1502 1666 an„
1528 1608 1675 1667 cui⁸Jure
1691 1623 1888 1668 obloquitur

1154 1681 1354 1715 Ascensius.
1371 1680 1562 1723 Utrumque
1571 1689 1708 1724 vovum
1722 1690 1786 1723 pro
1803 1690 1885 1724 sup-

1154 1737 1268 1782 posito
1286 1737 1390 1770 habet
1405 1736 1578 1780 Guyetus.
1594 1735 1759 1770 Monendi
1775 1740 1888 1769 autem

1154 1797 1235 1827 sunt
1250 1792 1310 1836 qui
1326 1793 1370 1826 de
1385 1792 1497 1837 pretio
1513 1793 1677 1827 librorum
1698 1803 1778 1826 mse.
1791 1792 1885 1836 judi-

1156 1855 1246 1892 cant,
1272 1861 1321 1889 ne⁴
1331 1836 1548 1884 contemnant
1562 1849 1669 1884 libros
1684 1849 1888 1884 recentioris

1156 1906 1294 1940 aetatis.
1327 1905 1509 1938 Gothanus
1526 1906 1635 1948 enim,
1667 1916 1767 1950 quem
1785 1915 1887 1939 accu—

1154 1967 1231 1997 rate
1245 1961 1430 2007 descripsit
1443 1961 1506 1995 Fr.
1523 1961 1662 1995 Jacobs.
1679 1962 1733 1996 in:
1749 1961 1887 1995 Rei-erii-

1154 2030 1222 2064 gen
1238 2029 1300 2052 zur
1316 2018 1426 2052 alter-n
1441 2017 1587 2051 Literat.
1605 2018 1636 2051 I.
1653 2019 1686 2051 2.
1703 2030 1739 2063 Ρ.
1756 2017 1822 2052 235
1833 2028 1887 2061 sq.

1155 2074 1318 2109 servavit.
1327 2075 1487 2120 optimam
1503 2074 1708 2118 scripturam
1720 2100 1730 2118 ,
1763 2074 1888 2108 omisso

1157 2131 1264 2165 solum
1280 2135 1329 2174 est
1344 2131 1401 2165 vel
1418 2136 1450 2165 et
1467 2136 1546 2164 ante
1562 2131 1699 2175 lingua.

1201 2188 1246 2221 V.
1263 2187 1319 2222 59.
1352 2188 1466 2221 Plebis
1492 2186 1571 2220 eris.
1603 2187 1672 2231 ΜΒ.
1705 2187 1812 2220 Goth.
1843 2204 1890 2210 —

1157 2243 1207 2276 Et
1220 2244 1332 2287 pueri.
1364 2244 1432 2277 Ms.
1458 2243 1555 2276 Feae
1580 2244 1620 2286 2,
1647 2255 1683 2287 g.
1719 2243 1763 2276 Ut
1777 2243 1888 2287 pueri.

1157 2300 1246 2334 Mss.
1278 2299 1363 2344 alqt.
1396 2299 1516 2333 Lamb.
1549 2299 1626 2332 cod.
1657 2298 1800 2332 Mentel.
1841 2300 1890 2332 Ac

1156 2356 1269 2400 pueri.
1301 2355 1368 2389 Ms.
1397 2355 1432 2388 d.
1462 2366 1520 2400 ap.
1546 2354 1703 2388 Hoched.
1751 2355 1819 2388 Ed.
1847 2355 1891 2388 de

1158 2411 1298 2445 Maroll.
1322 2415 1385 2444 aut
1406 2412 1517 2455 pueri.
1558 2410 1627 2443 Ed.
1656 2410 1779 2444 colon.
1809 2410 1889 2446 510.

1157 2466 1351 2500 Particulas
1377 2466 1455 2500 illas
1480 2467 1608 2512 ubique
1632 2467 1794 2500 donfusas
1817 2466 1890 2500 vid.

1158 2535 1216 2568 ap.
1234 2523 1349 2556 Hand.
1367 2523 1474 2556 Turs.
1491 2523 1521 2556 I.
1539 2537 1574 2569 p.
1590 2524 1669 2558 450.
1694 2543 1740 2548 —
1766 2535 1825 2557 rex
1838 2527 1890 2556 tu.

1158 2580 1226 2613 ΜΒ.
1244 2578 1384 2612 Corvei.
1399 2598 1446 2604 —-
1469 2579 1513 2612 V.
1531 2580 1586 2613 60.
1597 2581 1728 2623 facias.
1745 2579 1814 2614 Ms.
1831 2590 1891 2613 un.

1158 2636 1289 2669 Bersm.
1308 2635 1427 2668 Guelf.
1439 2636 1473 2669 2.
1490 2655 1536 2660 —
1553 2637 1642 2670 Hinc
1655 2647 1784 2671 murus.
1800 2635 1892 2668 Edd.

1160 2693 1249 2725 Ven.
1266 2692 1345 2726 483.
1364 2693 1421 2726 86.
1439 2692 1494 2726 98.
1512 2693 1611 2738 Lips.
1628 2693 1707 2728 492.
1733 2693 1794 2726 Sic
1809 2704 1889 2738 per—

1160 2751 1334 2782 mutantur
1359 2748 1414 2781 hic
1439 2753 1474 2782 et
1498 2749 1577 2782 Ιιίπο
1603 2749 1672 2783 Od.
1693 2751 1729 2793 1,
1757 2749 1811 2792 17,
1837 2747 1890 2782 14.

1162 2805 1262 2849 Virg.
1281 2805 1348 2838 Ge.
1365 2805 1405 2848 2,
1423 2805 1501 2839 514.
1528 2805 1600 2838 vid.
1616 2805 1726 2839 Drak.
1750 2805 1794 2838 ad
1810 2804 1891 2838 Liv.

1161 2861 1218 2904 26,
1253 2861 1306 2903 13,
1342 2861 1396 2895 13.
1427 2880 1474 2886 —-
1505 2872 1616 2895 eneas.
1648 2861 1717 2895 Ms.
1737 2861 1840 2894 Dess.
1858 2862 1891 2894 1.

1162 2916 1270 2951 Goth.
1287 2916 1384 2962 Lips.
1401 2918 1434 2952 2.
1452 2917 1571 2951 Guelf.
1588 2919 1622 2952 2.
1639 2928 1774 2952 aeneus.
1790 2917 1892 2950 Dess.
