2028 3268
263 262 640 302 COMMENTARII
667 265 721 302 IN
744 262 968 302 HORATII
995 262 1171 302 EPIST.
1202 263 1346 302 PRIM.
1375 263 1476 302 LIB.
1505 265 1538 302 1.
1597 259 1679 301 105

136 375 255 414 Solus
273 390 359 426 rex,
387 376 496 414 solu-s·
512 376 662 424 rhetor,
680 376 790 415 eolus
797 376 1007 429 formosus
1017 404 1034 422 ,
1053 376 1198 429 jbrtis,
1221 390 1384 414 securus
1402 375 1470 414 vel
1490 376 1550 415 ad
1564 376 1680 414 aedi-

129 445 269 483 licium
284 458 451 492 manue,
465 460 601 497 purus
609 452 739 497 putus
758 452 831 484 etc.
856 451 897 483 et
924 445 1113 483 Horatius
1133 445 1220 497 ipse
1232 445 1319 495 jam
1339 445 1438 484 alias
1450 475 1461 495 ,
1492 452 1539 483 ut
1556 445 1679 497 paulo

129 520 222 552 ante
239 512 517 552 indicavimus.
543 515 604 552 Eo
623 515 745 552 etiam
759 520 912 567 spectat
930 511 1035 551 illud
1046 514 1073 552 J
1075 513 1258 551 uvenalis
1281 513 1347 564 (7,
1365 514 1482 566 192.)
1502 513 1676 552 dictum:

117 582 230 635 filix
249 589 286 619 et
305 581 481 634 pulcher
501 589 538 619 et
557 595 651 620 acer
664 598 676 619 :
711 583 826 621 Felix
843 589 880 620 et
905 581 1066 631 sapiens
1086 587 1123 617 et
1141 580 1286 619 nobilis
1306 587 1343 618 et
1363 595 1579 634 generosus
1602 589 1674 619 etc.

241 651 288 690 V.
313 649 410 692 108.
467 651 694 702 Praecipue
710 665 835 689 sanus
853 672 911 680 -—
932 656 1000 687 eet.
1062 649 1186 688 Ludit
1206 652 1272 699 H.,
1291 656 1337 687 ut
1356 651 1470 699 solet,
1490 651 1532 687 in
1547 650 1679 687 ambi-

128 719 281 771 guitate
313 731 402 758 voc.
429 732 582 765 sonu-3,
622 718 733 772 quod
754 732 850 758 cave
877 731 971 756 cum
996 717 1204 767 Landjno,
1237 719 1481 770 Doeringio,
1519 718 1609 756 aliis
1628 717 1680 755 ad

127 788 304 840 corporis
328 788 544 826 sanitatem
574 789 745 838 referas,
774 789 842 826 vel
865 794 1035 839 utroque
1063 786 1187 826 modo
1209 787 1259 825 de
1281 789 1415 826 animo
1438 794 1478 825 et
1500 801 1678 840 corpore,

127 862 174 893 ut
184 857 359 907 pituita,
391 869 484 893 cum
514 857 712 895 Lambino
738 856 910 909 aliisque
938 854 1006 892 hic
1029 854 1182 893 dictum
1202 862 1342 908 putes,
1375 869 1454 909 qua
1482 856 1680 908 interpre-

126 923 242 963 tandi
269 926 423 963 ratione
461 938 580 963 omne
610 925 832 963 sententiae
867 925 971 976 perit
1001 938 1185 962 acumen.
1242 926 1407 962 Etenim
1445 938 1525 978 quo
1558 937 1680 962 sensu

128 993 307 1031 dixerint
335 993 463 1031 Stoici
487 995 712 1045 sapientem
733 1006 907 1039 sanum,
942 999 982 1031 et
1004 1000 1195 1032 annotata
1226 992 1278 1030 ad
1302 1006 1341 1031 v.
1365 994 1462 1035 101.
1485 999 1524 1030 et
1546 994 1683 1031 irwani

127 1061 342 1113 descriptio
362 1061 448 1100 Sat.
468 1064 509 1111 2,
527 1063 567 1111 3,
588 1060 643 1103 43
656 1075 747 1115 sqq.
772 1063 840 1099 cll.
860 1063 991 1114 Epist.
1014 1062 1050 1111 1,
1078 1064 1117 1110 6,
1140 1060 1206 1102 15.
1229 1063 1325 1100 satis
1351 1060 1510 1100 docent.
1539 1064 1680 1115 Neque

126 1131 271 1168 rectius
291 1128 504 1168 dicterium
523 1132 715 1180 sentiunt,
737 1132 819 1183 qui,
842 1137 888 1168 ut
906 1129 1188 1179 Haberfeldus,
1207 1144 1354 1168 sanum
1373 1138 1480 1170 recte
1502 1129 1680 1183 quidem,

67 1217 74 1224 =
126 1200 198 1252 qui
215 1212 337 1237 sanae
358 1201 508 1238 mentis
529 1201 594 1249 sit,
620 1200 866 1251 intelligens,
881 1200 1097 1250 pituitam,
1117 1199 1363 1237 Graecorum
1382 1195 1572 1253 κορύζην,
1592 1212 1680 1238 esse

125 1268 268 1307 volunt
287 1269 517 1320 superbiam
547 1281 762 1320 rerumque
779 1280 978 1306 vanarmn
997 1267 1192 1306 studium.
1252 1267 1396 1305 Simile
1428 1267 1528 1320 quid
1554 1270 1680 1307 sensit

125 1337 350 1386 Gesnerus,
379 1335 648 1388 κορυζῶντες,
676 1336 843 1374 hebetes
871 1349 1123 1389 comparans.
1152 1337 1412 1388 Neutiquam.
1442 1337 1602 1375 Pituita
1621 1344 1681 1376 est

124 1405 197 1442 illa
221 1406 359 1443 vitiosi
395 1403 578 1444 humoris
614 1403 907 1454 redundantia,
950 1417 1054 1457 quae
1086 1417 1109 1441 a
1140 1402 1418 1456 Porphyrione
1452 1401 1682 1458 κατάρῤους

124 1479 233 1510 recte
256 1471 415 1511 dicitur.
473 1474 535 1512 ef.
562 1474 645 1512 Cic.
662 1475 787 1512 Tusc.
805 1472 856 1523 4,
887 1474 954 1522 10,
981 1472 1052 1514 23.
1109 1471 1253 1510 Irridet
1276 1474 1400 1524 igitur
1420 1475 1546 1512 Poeta
1569 1475 1680 1512 omni

123 1542 362 1587 facetiarum
390 1543 475 1581 sale
510 1542 689 1592 Stoicos,
734 1544 806 1595 qui
836 1544 1062 1594 sapientem
1095 1540 1282 1579 dicebant
1312 1555 1477 1592 sanum,
1522 1544 1680 1581 etiamsi

124 1617 362 1662 aegrotaret.
401 1611 488 1657 Qua
510 1611 553 1647 in
575 1624 618 1648 re
637 1611 815 1663 respexit
832 1612 920 1648 sine
947 1609 1069 1648 dubio
1090 1611 1390 1662 pauperrimos,
1420 1612 1572 1649 Romae
1590 1618 1680 1650 tum

123 1685 328 1718 versantes
344 1676 625 1731 philosophos,
655 1681 746 1732 qui,
772 1679 965 1731 quoniam
987 1678 1095 1716 male
1117 1679 1254 1716 vestiti
1273 1685 1407 1727 erant,
1438 1681 1584 1731 pituita
1605 1680 1680 1717 fri-

123 1760 220 1799 gore
249 1754 451 1786 contracta
473 1761 594 1800 saepe
624 1754 888 1786 tentarentur.
947 1746 1038 1786 Vid.
1070 1747 1251 1785 Turneb.
1289 1746 1394 1784 Adv.
1424 1748 1506 1796 26,
1537 1749 1606 1788 26.
1640 1755 1680 1786 et

122 1816 274 1867 Battig.
292 1816 430 1856 Sabin.
446 1830 488 1869 p.
509 1816 608 1858 285.
622 1817 721 1858 312.
740 1817 870 1854 Aliter
887 1822 1025 1853 tamen
1037 1816 1236 1866 pituitam
1254 1817 1569 1868 interpretantur
1584 1818 1679 1854 Cle-

123 1884 228 1922 ricus
247 1882 324 1936 (Le
350 1885 464 1923 Clerc
490 1886 534 1922 in
557 1886 733 1923 Histoire
759 1883 809 1922 de
830 1885 870 1922 la
885 1883 1094 1922 Medecine
1120 1898 1162 1936 p.
1181 1882 1280 1925 245.
1300 1887 1351 1922 ΙΙ.
1372 1884 1526 1938 Partie)
1547 1892 1586 1923 et
1601 1886 1680 1924 Sa-

122 1950 331 2002 uadoms,
358 1954 503 2006 quibus
524 1960 684 1991 auctore
707 1953 824 1991 Celso
845 1953 894 2002 7,
915 1953 965 2001 7,
993 1953 1060 1994 15.
1093 1951 1165 2003 (cf.
1188 1954 1240 2002 2,
1269 1953 1339 1994 23.
1363 1954 1410 2002 6,
1443 1953 1502 2007 6.)
1523 1955 1681 2004 pituita

122 2019 331 2058 oculorum
360 2020 428 2059 hic
453 2021 629 2059 indicata
660 2021 834 2060 videtur.
892 2022 960 2059 Illi
985 2022 1202 2058 assentitur
1234 2022 1281 2058 P.
1310 2022 1455 2058 Coste:
1487 2025 1681 2071 „Horace

123 2101 168 2126 se
196 2095 282 2125 met
309 2102 382 2141 par
403 2090 444 2127 la
477 2104 530 2128 au
562 2091 730 2129 nombre
761 2088 832 2127 des
861 2090 988 2140 Sages
1014 2089 1212 2127 Stoiciens
1245 2087 1343 2127 dont
1369 2090 1402 2126 il
1434 2089 1607 2141 pretend
1635 2104 1680 2129 se

120 2156 258 2207 jouer3
290 2163 330 2194 et
345 2157 385 2194 la
405 2159 579 2195 raillerie
597 2165 658 2196 est
678 2154 858 2196 d’autant
874 2159 968 2209 plus
987 2156 1086 2204 fine,
1118 2169 1275 2194 comme
1294 2169 1506 2209 remarque
1524 2160 1600 2197 Mr.
1618 2160 1681 2196 Le

130 2224 262 2270 Clerc,
288 2226 388 2278 qu'il
410 2227 563 2265 semble
586 2225 655 2278 qn'
676 2228 831 2264 Horace
852 2239 895 2263 se
914 2225 1028 2262 raille
1051 2221 1283 2261 lui-meme.
1312 2226 1370 2261 Le
1396 2225 1524 2276 Sage,
1554 2225 1679 2276 dit-il,

124 2306 177 2331 ne
205 2295 368 2332 connoit
395 2307 474 2347 que
502 2295 663 2346 Jupiter
685 2307 738 2331 au
763 2292 903 2331 dessus
938 2291 988 2329 de
1004 2292 1086 2328 lui:
1116 2292 1149 2327 il
1167 2292 1273 2341 jouit
1293 2291 1343 2329 de
1362 2299 1455 2330 tous
1481 2294 1540 2331 les
1563 2295 1678 2333 biens

124 2362 410 2413 imaginables,
437 2370 478 2400 et
497 2369 668 2410 surtout,
699 2361 822 2399 d’une
846 2360 960 2399 sante
981 2360 1174 2412 parfaite,
1204 2358 1227 2396 a
1248 2361 1380 2398 moins
1409 2361 1510 2413 qu'il
1527 2376 1580 2399 ne
1601 2365 1679 2401 soit

125 2428 361 2480 chassieux,
396 2445 553 2470 comme
579 2418 705 2468 moi.“
744 2430 946 2481 Cruquius
973 2429 1016 2464 in
1050 2425 1115 2465 his
1145 2428 1276 2465 verbis
1307 2430 1559 2480 explicandis
1590 2432 1678 2484 ipse

125 2501 292 2551 insanit,
332 2515 467 2554 neque
496 2501 631 2538 sanior
662 2505 723 2536 est
752 2498 923 2535 Daoerii
957 2497 1249 2548 Epicureorum
1280 2497 1428 2549 placita
1467 2501 1677 2539 sentientis

124 2570 414 2622 interpretatio.
470 2570 660 2607 Ceterum
681 2567 730 2605 de
751 2565 957 2619 synaeresi
976 2577 1066 2602 voc.
1079 2565 1235 2615 pituita
1256 2565 1338 2604 vid.
1351 2566 1498 2606 Heind.
1520 2567 1572 2607 ad
1591 2568 1675 2608 Sat.

125 2639 166 2687 2,
192 2639 233 2688 2,
252 2639 322 2679 76.
345 2646 384 2678 et
402 2636 609 2676 Kirchner.
632 2635 684 2675 ad
701 2637 787 2675 Sat.
804 2649 845 2688 p.
860 2635 1059 2673 XXXVII.
