2028 3268
347 262 427 303 110

913 263 1299 303 HORATII
1835 261 1861 300 4

414 378 606 424 Antenor
645 379 788 421 censet
827 374 929 420 belli
966 377 1208 436 praecidere
1225 375 1228 381 “
1245 387 1440 434 causam3

413 457 522 513 Quid
552 454 705 499 Paris?
740 458 786 498 ut
823 456 968 499 salvus
1003 462 1157 515 regnet
1187 457 1383 512 vivatque
1419 455 1582 513 beatus,
1807 452 1860 494 10

413 534 529 594 Cogi
563 547 691 592 posse
724 537 872 592 negat.

940 534 1098 580 Nestor
1133 546 1383 593 componere
1416 531 1501 575 litis

413 613 529 657 luter
561 611 737 655 Peliden
770 610 942 657 festinat
975 617 1018 658 et
1051 614 1160 658 inter
1187 611 1390 669 Atriden3

345 789 431 822 Met.
455 789 487 831 5,
504 785 584 822 363.
615 786 824 820 iracundiae
840 786 916 820 cic.
934 786 978 821 de
994 787 1075 821 Fin.

346 849 378 888 1,
397 846 435 887 8,
453 845 508 879 27.
556 843 795 887 Humanaque
818 844 959 888 gaudia
983 843 1074 877 Stat.

347 901 436 935 Silv.
459 903 494 944 2,
517 901 551 945 2,
573 901 649 935 132.
673 899 724 934 ibi
751 899 876 934 Markl.
905 900 1010 933 Plura
1033 899 1077 933 de

347 956 401 990 his
425 962 460 990 et
483 956 648 990 similibus
665 957 815 990 dicemus
832 957 875 990 ad
894 957 946 999 16,
962 956 1019 990 38.
1031 973 1075 980 ——

344 1013 390 1047 V.
417 1014 451 1047 9.
497 1014 579 1046 belli
602 1018 728 1047 censet.
766 1012 835 1046 Ms.
860 1023 918 1045 un.
942 1012 1074 1045 Bersm.

346 1074 380 1103 et
404 1069 500 1103 Feae
522 1069 625 1105 Dess.
651 1070 685 1103 3.
715 1069 772 1103 Jo.
799 1069 973 1102 sarisber.
997 1067 1021 1102 l.
1049 1068 1073 1101 l.

343 1130 459 1159 tentat
484 1125 575 1159 belli.
622 1125 780 1168 Conject.
805 1135 864 1169 ap.
887 1125 1007 1158 JoneS.

389 1180 436 1214 V.
474 1180 530 1213 10.
593 1181 696 1222 Quod
735 1180 851 1215 Paris.
908 1180 977 1214 Ms.
1015 1191 1074 1214 un.

343 1234 477 1269 Bersm.
505 1236 600 1269 Feae
624 1238 664 1281 1,
700 1248 733 1270 a.
758 1236 871 1270 Bentl.
908 1238 941 1270 1.
975 1236 1076 1280 (nihil

344 1297 456 1325 autem
473 1292 651 1326 annotavit
672 1292 909 1326 Broukhusius
932 1293 969 1326 in
992 1293 1076 1326 edit.

345 1348 469 1382 Heius.
483 1348 578 1391 612).
597 1350 631 1383 2.
649 1348 684 1382 4.
701 1349 735 1382 6.
756 1349 811 1383 14.
828 1350 885 1383 20.
905 1350 959 1393 15,
974 1360 1076 1382 unus.

346 1406 456 1439 Gesn.
489 1406 525 1439 3.
557 1404 651 1439 Pott..
684 1406 719 1440 2.
744 1405 779 1439 3.
804 1404 838 1439 6.
862 1406 896 1439 9.
931 1405 985 1439 14.
1020 1407 1074 1440 18.

344 1461 503 1495 Hoched.
535 1472 567 1494 e.
600 1461 702 1495 Dess.
738 1463 770 1495 1.
814 1461 912 1506 Lips.
942 1463 965 1496 3
988 1463 1074 1506 (qd)

345 1518 423 1550 cod.
453 1516 598 1550 Mentel.
622 1517 716 1551 Edd.
741 1517 830 1551 Ven.
856 1518 935 1551 509.
968 1519 1076 1561 (teste.

346 1573 411 1616 F.)
445 1572 550 1606 Talb.
578 1573 692 1606 Bentl.
719 1574 804 1617 (qui
827 1573 981 1619 pluribus
1014 1586 1074 1607 ex-

344 1628 472 1673 plicat)
505 1629 595 1663 Cun.
622 1629 705 1662 San.
729 1629 880 1663 Mervill.
904 1631 1073 1664 Baskerv.

343 1685 490 1728 Dorigh.
513 1685 608 1719 Sivr.
639 1685 780 1719 Wakef.
813 1685 924 1719 Hunt.
955 1686 1073 1730 Camp.

346 1740 520 1783 Meiuek„
570 1742 696 1785 probat
739 1743 784 1775 R.
817 1743 1075 1776 Meadowcourt

343 1797 380 1830 in
402 1797 591 1830 Duncomb.
615 1798 705 1831 Hor.
722 1799 770 1832 Π.
794 1811 830 1844 p.
856 1799 937 1833 601.
970 1798 1072 1842 Vulg.

344 1853 465 1898 script.
509 1854 603 1896 Quid
631 1855 760 1888 Paris?
795 1861 837 1890 ut
860 1874 905 1880 —-
934 1859 1075 1888 tuentur

346 1915 486 1956 praeter
509 1910 594 1944 alios
616 1910 745 1946 Bauer.
769 1912 793 1945 l.
811 1913 855 1945 ad
883 1923 916 1945 v.
940 1912 975 1945 4.
998 1911 1023 1944 l.
1038 1911 1072 1944 J.

345 1966 502 2000 Clericus
518 1967 555 2000 in
564 1967 736 2002 Friedem.
757 1974 791 2002 et
807 1967 957 2001 Seebod.
970 1965 1074 1999 Misc.

345 2023 438 2056 critt.
463 2023 494 2055 I.
514 2023 549 2057 3.
574 2035 610 2068 p.
634 2023 714 2058 543.
738 2023 846 2057 Zach.
884 2023 1015 2056 Pearce
1037 2022 1075 2054 in

344 2079 497 2113 Seebod.
520 2079 611 2114 Bibl.
645 2080 724 2114 crit.
751 2081 850 2115 1820.
874 2091 909 2123 p·
935 2078 1014 2112 861.
1039 2082 1076 2111 et

344 2135 524 2180 ingeniose
546 2136 609 2169 Fr.
632 2135 792 2179 Jacobs„
820 2135 882 2168 Vir
897 2135 1002 2177 Exc.,
1021 2134 1075 2167 his

344 2204 425 2227 usus
450 2192 584 2226 verbis:
619 2191 802 2235 „Bentleji
832 2190 999 2225 correctio
1022 2190 1074 2223 lo-

345 2260 421 2282 cum
445 2248 602 2291 haberet,
626 2248 657 2281 si
678 2247 852 2282 Horatius
873 2248 918 2281 de
939 2247 1076 2281 Paridis

344 2317 428 2350 erga
458 2304 624 2338 Helenam
654 2315 769 2338 amore
801 2306 944 2349 ejusque
969 2305 1075 2338 vehe-

344 2362 472 2396 mentia
491 2365 632 2405 ageret3
668 2372 758 2394 nunc
782 2360 848 2393 hoc
866 2372 967 2394 unum
991 2361 1076 2404 agit,

346 2424 384 2452 ut
407 2419 498 2452 illius
522 2417 702 2451 stultitiam
727 2417 764 2450 in
787 2417 977 2450 clarissima
999 2416 1076 2450 luce

344 2479 468 2520 ponat3
490 2475 584 2518 quod
603 2474 640 2507 in
657 2473 793 2517 vulgari
810 2472 956 2506 lectione
974 2484 1075 2517 aper-

346 2531 511 2564 tissimum
527 2535 591 2564 est.
638 2529 844 2573 Bentlejana
865 2529 969 2563 lectio
993 2541 1073 2563 acu-

346 2587 477 2621 tissime
514 2586 607 2621 dicto
647 2586 823 2630 vulgarem
871 2586 1075 2620 sententiam

345 2643 562 2677 substituit.“
611 2643 706 2686 Quid
731 2643 851 2686 Paris,
876 2648 978 2676 ut—
998 2644 1078 2676 bea-

345 2699 434 2734 tus?
461 2699 506 2732 al.
557 2700 650 2742 Quid
677 2699 799 2744 Paris,
831 2704 1075 2743 vit—negat.

345 2755 414 2788 Ed.
444 2755 524 2788 Jon.
566 2755 780 2790 confusione
811 2767 890 2790 voc.
924 2755 1010 2799 quid
1041 2761 1077 2789 et

346 2812 441 2855 quod
457 2811 542 2844 nihil
557 2811 786 2855 frequentius.
811 2812 872 2845 Sic
885 2811 1075 2846 ms-Jaeck.

346 2868 381 2901 5.
407 2867 487 2901 exh.
512 2878 548 2900 v.
565 2866 599 2900 4.
627 2869 723 2910 quod
746 2879 831 2905 non.
857 2869 902 2902 al.
934 2879 1013 2903 mss.
1038 2880 1074 2902 v.

345 2924 403 2958 38.
439 2923 495 2957 Cf.
515 2923 589 2957 Fea
612 2922 656 2957 ad
671 2923 746 2957 Sat.
764 2925 798 2969 2,
823 2925 857 2969 6,
884 2925 940 2960 13.
965 2924 1074 2960 Drak.

1131 787 1176 821 ad
1197 786 1278 820 Liv.
1302 785 1358 829 38,
1385 784 1439 828 10,
1465 783 1496 816 l.
1519 800 1565 808 -
1588 791 1699 816 sanus
1719 783 1856 826 regnet.

1130 843 1198 877 Ms.
1224 842 1343 875 Guelf.
1379 842 1412 875 1.
1451 844 1578 884 regnet
1609 839 1742 872 salvus.
1786 836 1856 870 Ms.

1131 911 1189 933 un.
1211 900 1344 933 Bersm.
1367 895 1484 931 Jaeck.
1511 895 1546 930 5.
1577 894 1695 928 Guelf.
1722 895 1757 928 2.
1787 893 1857 927 Ed.

1132 955 1281 999 Cuning.
1341 952 1478 994 Quodsi
1508 951 1593 984 fecit
1617 949 1860 984 concinnitatis

1131 1023 1246 1055 causa,
1270 1011 1343 1044 vid.
1360 1010 1498 1042 Dissen.
1523 1007 1566 1040 ad
1584 1007 1667 1040 Tib.
1693 1007 1724 1050 1,
1746 1005 1780 1049 4,
1802 1004 1859 1039 65.

1129 1072 1165 1102 et
1187 1067 1328 1101 Ramsh.
1355 1067 1420 1099 Gr.
1443 1063 1505 1098 lat.
1530 1076 1566 1108 p.
1583 1063 1663 1097 639.
1689 1062 1745 1095 ed.
1765 1062 1796 1096 1.
1817 1065 1860 1094 ut

1130 1124 1226 1157 vivat
1247 1124 1369 1157 salvus
1394 1125 1590 1166 regnetque
1613 1120 1748 1152 beatus.
1788 1116 1858 1149 Ms-

1129 1190 1190 1213 un.
1212 1179 1342 1214 Bersrn.
1365 1183 1408 1212 ut
1431 1177 1528 1211 solas
1543 1179 1682 1219 regnet.
1712 1173 1781 1207 Ms.
1798 1183 1858 1207 un.

1129 1235 1239 1269 Pulm.
1257 1234 1339 1278 aliq.
1364 1245 1421 1279 ap.
1439 1233 1548 1276 Cruq.
1573 1231 1651 1276 (qui
1671 1229 1860 1275 improbat)

1130 1293 1228 1326 Feae
1250 1292 1291 1334 2,
1314 1290 1342 1324 f.
1376 1290 1427 1332 (a.
1446 1290 1479 1324 2.
1497 1289 1574 1332 m.).
1632 1286 1726 1320 Edd.
1758 1285 1858 1319 Flor.

1129 1347 1210 1381 482.
1241 1346 1330 1379 Ven.
1356 1343 1437 1379 483.
1470 1346 1527 1389 (a.
1544 1343 1606 1387 b.)
1636 1344 1694 1378 86.
1716 1342 1775 1376 90.
1799 1341 1857 1376 92.

1131 1403 1188 1438 95.
1201 1403 1258 1437 98.
1272 1401 1349 1436 520.
1373 1401 1473 1446 Lips.
1485 1400 1565 1435 492.
1582 1400 1639 1434 99.
1650 1398 1731 1432 514.
1748 1397 1858 1431 Looh.

1130 1459 1275 1494 Ascens.
1316 1457 1441 1491 colon.
1480 1457 1559 1492 510.
1605 1453 1749 1489 Erford.
1779 1453 1859 1490 517.

1129 1516 1271 1559 vitaque
1298 1515 1432 1548 beatus.
1492 1513 1562 1547 Ed.
1593 1512 1683 1546 Ven.
1705 1510 1786 1545 481.
1816 1513 1861 1536 ··'-

1129 1572 1175 1605 V.
1195 1573 1248 1606 11.
1297 1581 1446 1614 conpon.
1479 1569 1540 1602 Sic
1556 1579 1635 1602 mss.
1651 1568 1753 1601 Dess.
1774 1567 1806 1602 1.
1821 1567 1856 1601 2.

1129 1628 1200 1661 Ed.
1222 1627 1382 1660 Praedic.
1414 1625 1497 1659 Vid.
1522 1625 1620 1658 Cort.
1646 1623 1690 1657 ad
1714 1622 1856 1657 Sallust.

1128 1685 1163 1719 J.
1187 1685 1252 1727 47,
1275 1684 1311 1718 4.
1343 1682 1448 1717 Both.
1474 1681 1519 1714 ad
1548 1680 1617 1714 od.
1644 1683 1682 1724 1,
1713 1679 1771 1723 15,
1801 1679 1856 1714 15.

1128 1741 1166 1774 in
1187 1739 1367 1773 Anuotatt.
1393 1742 1427 1772 et
1447 1737 1508 1781 qui
1530 1736 1572 1770 de
1596 1736 1661 1769 hac
1683 1735 1859 1771 scribendi

1128 1796 1264 1830 ratione
1286 1799 1380 1828 recte
1410 1794 1544 1837 judicat
1565 1792 1789 1827 Lindemann.
1814 1793 1858 1827 ad

1130 1852 1259 1886 Select.
1291 1863 1310 1884 e
1336 1850 1456 1884 Poetis
1493 1849 1575 1886 Lat.
1607 1849 1723 1882 Carm.
1746 1861 1784 1893 p.
1810 1849 1856 1881 V.

1131 1910 1188 1943 cf.
1213 1921 1249 1943 v.
1273 1909 1309 1942 7.
1333 1909 1390 1943 22.
1417 1906 1473 1940 50.
1492 1906 1549 1939 62.
1572 1924 1618 1930 -
1649 1905 1756 1938 litem.
1787 1905 1857 1940 Ma.

1131 1965 1250 2002 Guelf.
1278 1969 1328 2005 l.;
1360 1974 1428 2008 qua
1457 1963 1494 1995 in
1515 1974 1555 1996 re
1579 1961 1718 1996 silentio
1753 1973 1856 2006 prae-

1128 2022 1236 2056 terire
1259 2021 1349 2063 nolo,
1377 2029 1465 2052 omn.
1492 2021 1628 2051 nostros
1654 2028 1735 2051 mss.
1759 2017 1858 2051 exhi-

1129 2080 1214 2113 bere
1237 2078 1326 2121 lites,
1353 2087 1422 2109 non
1446 2074 1516 2108 litis
1547 2074 1605 2108 vel
1635 2074 1737 2108 liteis.
1774 2074 1858 2109 Vid.

1133 2136 1177 2170 ad
1201 2137 1232 2179 1,
1260 2136 1292 2178 1,
1307 2133 1365 2167 46.
1398 2135 1550 2164 mnestor
1572 2142 1634 2164 ms.
1663 2131 1770 2164 Goth.

1179 2191 1224 2225 V.
1251 2191 1306 2225 12.
1347 2188 1510 2224 Pelidem.
1557 2187 1619 2220 Sic
1639 2198 1720 2224 mss.
1738 2187 1858 2223 Guelf.

1133 2250 1167 2283 1.
1184 2249 1219 2283 2.
1246 2248 1312 2280 Bn.
1336 2245 1378 2279 B.
1394 2245 1438 2278 D.
1455 2244 1499 2280 E.
1516 2244 1560 2277 F.
1579 2243 1625 2276 G.
1649 2243 1749 2289 Lips.
1765 2243 1796 2277 1.
1811 2262 1859 2269 —

1131 2304 1301 2338 Atridem.
1344 2301 1430 2335 Mss.
1455 2306 1526 2334 tres
1553 2311 1609 2344 ap.
1636 2299 1766 2333 Bersm.
1788 2299 1857 2333 duo

1131 2375 1187 2408 ap.
1201 2361 1317 2396 Jaeck.
1339 2358 1373 2393 4.
1389 2358 1422 2392 5.
1452 2357 1518 2394 Bn.
1542 2356 1584 2390 Β.
1610 2356 1654 2389 D.
1677 2355 1723 2388 E.
1746 2356 1789 2390 F.
1809 2357 1855 2390 G.

1133 2419 1251 2452 Guelf.
1275 2429 1364 2450 omn.
1387 2416 1488 2448 Dess.
1513 2415 1543 2447 1.
1569 2411 1675 2446 Goth.
1702 2411 1802 2458 Lips.
1825 2415 1857 2448 1.

1130 2477 1166 2511 3.
1196 2474 1286 2508 Edd.
1310 2471 1455 2515 Dorigh.
1471 2469 1644 2505 Wieland.
1680 2469 1779 2502 Haec
1794 2481 1856 2515 pa-

1130 2530 1396 2575 tronymicorum
1414 2527 1526 2561 forma
1545 2524 1645 2558 valde
1668 2525 1775 2560 dubia
1793 2529 1858 2570 est,

1130 2598 1323 2632 quanquam
1346 2585 1382 2619 in
1398 2597 1438 2619 ea
1461 2584 1678 2619 consentiunt
1692 2583 1759 2627 alq.
1778 2593 1858 2616 mss.

1132 2643 1177 2678 ad
1202 2643 1278 2676 Sat.
1314 2644 1352 2685 1,
1377 2642 1419 2686 7,
1445 2643 1500 2676 12.
1553 2640 1635 2677 Vid,
1665 2640 1783 2684 Heyn.
1813 2639 1859 2674 ad

1132 2700 1231 2744 Virg.
1269 2699 1356 2732 Aen.
1386 2702 1403 2732 1
1418 2724 1428 2742 ,
1458 2697 1538 2732 458.
1581 2700 1615 2731 et
1653 2695 1857 2733 Schneider.

1131 2754 1304 2790 Formenl.
1327 2768 1363 2800 p.
1385 2755 1441 2789 35.
1482 2754 1646 2790 Peleiden
1659 2771 1707 2780 -·-
1722 2751 1856 2787 Atreia-

1131 2811 1223 2845 Edd.
1245 2811 1332 2844 Min.
1356 2811 1469 2847 Chab.
1493 2810 1614 2844 Heius.
1637 2808 1741 2842 aL—
1755 2808 1858 2852 festi-

1130 2873 1202 2901 net.
1247 2866 1316 2900 Ms.
1341 2866 1457 2901 Guelf.
1479 2867 1513 2900 2.
1538 2885 1585 2891 —
1615 2863 1790 2908 Bentlejus
1823 2867 1859 2900 et

1130 2924 1187 2958 hic
1208 2927 1244 2958 et
1258 2923 1334 2959 Sat.
1352 2925 1384 2968 1,
1407 2924 1440 2969 7,
1458 2923 1513 2959 11.
1549 2921 1626 2967 (ubi
1650 2919 1860 2957 conferenda
