2028 3268
7 1598 42 1811 ³⁴fp—2·⁵-·v*·'z-'„
12 1423 34 1452 μ,-
10 1395 29 1402 j
10 1298 25 1326 τ’
3 1087 37 1271 —·.·<‡*'.²'1‘255⁸„v
19 1066 22 1067 =
2 977 38 1028 ᾗ]
7 850 10 851 ’
4 761 38 831 ..ζ”ῥῑ
4 617 36 694 jai-¹?
8 521 42 555 -2'
19 397 31 475 *
11 262 39 326 T·‘
4 165 39 238 .:''1·'.„2]
27 134 30 135 ¹
35 13 38 16 .

6 1891 39 2143 ffisswwffl
16 1880 20 1881 ¹
18 1857 34 1870 u

169 260 226 302 67
619 261 762 302 LIBRI
802 262 831 300 Ι.
888 261 1155 302 EPISTOLA
1183 263 1266 304 VII.

1635 265 1723 308 339

237 385 381 443 Quam
414 387 516 432 mihi
554 388 631 434 das
668 403 834 451 aegro,
876 390 995 434 dabis
1031 391 1269 451 aegrotare
1305 391 1489 453 timenti,

231 465 497 528 MaecenaS,
534 470 731 529 veniam,
770 470 869 514 dum
902 469 1007 514 ficus
1042 471 1180 529 prima
1215 470 1419 530 calorque
1694 476 1720 518 5

229 544 573 607 Designatorem
608 549 788 594 decorat
820 549 1040 594 lictoribus
1076 551 1199 608 atris,

229 623 348 670 Dum
378 630 524 686 pueris
563 631 700 674 omnis
737 632 862 689 pater
899 632 942 674 et
976 629 1217 674 matercula
1252 630 1405 691 pallet,

233 703 526 766 officiosaque
561 709 771 754 sedulitas
810 711 854 753 et
889 710 1034 768 opella
1071 708 1257 753 forensis

228 785 420 831 Addueit
453 786 584 832 febris
623 791 668 834 et
702 791 965 834 testamenta
998 790 1216 848 resignat.

230 866 400 924 Quodsi
434 867 586 912 bruma
623 870 746 913 nives
781 868 962 912 Albanis
1000 868 1137 911 illinet
1171 867 1312 927 agriS,
1345 880 1350 885 ·
1663 870 1718 912 10

158 1025 225 1071 ιιι.)
243 1027 370 1062 Comb.
383 1027 428 1062 A.
445 1029 492 1064 F.
506 1029 599 1064 Bad.
617 1030 652 1064 1.
671 1026 730 1080 (ut
747 1028 913 1073 videtur)

159 1085 228 1120 Fe.
246 1086 280 1129 1,
296 1096 329 1119 a.
343 1097 374 1119 c.
390 1085 416 1120 i.
437 1087 469 1130 2,
483 1087 521 1120 b.
538 1099 568 1121 c.
581 1087 606 1121 f.
623 1086 658 1132 5,
676 1099 708 1122 a.
727 1089 760 1130 6,
778 1098 810 1120 a.
827 1087 862 1130 9,
880 1098 912 1120 a.

156 1142 199 1187 (a
221 1142 254 1176 1.
275 1141 341 1186 m.)
376 1147 539 1178 notatum
561 1156 605 1178 ex
624 1156 689 1179 ms.
709 1144 747 1179 in
769 1156 834 1178 ora
854 1144 912 1178 ed.

157 1198 238 1234 Ald.
256 1197 338 1234 501.
354 1199 391 1234 in
406 1201 504 1235 Bibl.
523 1202 607 1236 Vat.
624 1202 727 1236 Pott.
747 1201 783 1236 3.
801 1202 836 1236 9.
855 1201 913 1235 13.

155 1260 196 1291 et
211 1267 257 1290 ex
277 1257 413 1291 nostris
431 1257 554 1292 Guelf.
577 1261 610 1294 2.
634 1259 680 1303 [si
692 1271 747 1293 me
760 1258 810 1292 vis
824 1258 915 1292 vive-

153 1325 263 1358 reque
290 1314 407 1348 videre
427 1317 604 1350 valentem
632 1327 727 1350 corr.
747 1315 786 1349 in
813 1315 844 1349 si
861 1327 916 1349 me

153 1370 269 1405 vivere
287 1371 337 1404 vis
351 1376 511 1416 recteque
529 1373 599 1407 vid.
616 1373 703 1417 val.]
739 1372 861 1407 Berol.
879 1373 912 1407 2.

155 1428 262 1461 Gott.
301 1429 335 1463 1.
379 1429 516 1463 Graev.
553 1429 706 1464 Mentel.
743 1429 912 1463 Rudolst.

152 1483 255 1519 Mon.
288 1484 312 1518 l.
362 1485 459 1520 Edd.
491 1485 592 1520 Med.
623 1488 706 1522 476.
737 1487 796 1522 77.
828 1485 911 1522 502.

151 1540 244 1575 Ven.
257 1537 340 1576 478.
357 1542 472 1587 (teste
487 1543 584 1588 Fea)
600 1540 683 1579 479.
701 1543 759 1578 83.
776 1545 834 1578 86.
853 1544 911 1579 92.

149 1597 210 1633 98.
233 1602 284 1643 et,
304 1603 402 1633 teste
422 1600 512 1643 Fea,
533 1597 616 1635 490.
639 1599 696 1635 95.
719 1597 802 1635 514.
824 1596 907 1635 546.

147 1654 308 1701 itemque
329 1656 431 1691 Flor.
451 1654 535 1693 482.
570 1658 684 1692 Loch.
705 1653 788 1692 498.
821 1656 906 1691 Asc.

149 1710 234 1748 519.
265 1713 369 1758 Lips.
391 1711 473 1749 492.
496 1714 555 1750 98.
577 1714 635 1749 99.
657 1713 739 1750 502.
765 1714 822 1748 13.
847 1710 904 1748 14.

149 1770 209 1805 16.
239 1770 296 1805 19.
327 1770 518 1817 revocavit
548 1772 662 1806 Gesn.
694 1782 798 1816 quem
827 1782 904 1816 seq.

149 1826 279 1861 Oberl.
315 1827 442 1863 Comb.
479 1829 594 1863 Zeun.
631 1829 776 1864 Wakef.
811 1828 903 1862 Bad.

147 1883 271 1918 Wetz.
303 1884 373 1920 Fe.
394 1885 520 1920 Jaeck.
541 1886 651 1920 Both.
674 1886 775 1920 Pott.
796 1886 902 1920 Jahn.

145 1940 260 1975 Doer.
295 1941 388 1976 zell.
426 1943 546 1977 Scbm.
586 1943 753 1977 Hoched.
793 1943 905 1977 Web.

149 1997 291 2032 Groeb.
312 1998 416 2032 Pass.
437 1998 598 2033 Meinek.
618 2000 777 2033 Braunh.
798 1999 902 2044 Lips.

148 2053 232 2089 837.
256 2065 315 2099 ap.
339 2055 386 2089 G.
407 2054 506 2100 Wig.
528 2060 566 2089 et
579 2056 664 2100 Bip.
683 2057 764 2091 828.
796 2056 838 2088 Si
851 2068 906 2090 me

145 2110 197 2146 vis
217 2111 344 2154 vivum,
364 2123 512 2155 sanum,
533 2117 694 2155 recteque
711 2112 902 2145 valentem.

145 2167 218 2203 Ed.
247 2168 405 2212 Cuning.
436 2173 596 2212 recteque
618 2168 753 2214 vigere.
794 2168 901 2212 conj.

143 2224 267 2259 Bentl.
293 2223 332 2259 in
357 2225 443 2259 Cur.
469 2225 608 2259 noviss.
652 2225 694 2258 Si
715 2235 770 2258 mc
791 2224 842 2257 vis
854 2225 904 2258 vi-

143 2293 239 2324 vum,
259 2286 421 2326 recteque
435 2282 553 2316 videre
570 2281 759 2316 valentem.
794 2281 900 2325 Conj.

144 2338 300 2373 Haberf.
348 2338 577 2384 Scripturam
604 2342 789 2383 receptam
819 2337 902 2372 olim

144 2394 349 2430 vindicavit
379 2396 600 2430 Torrentius
629 2395 687 2429 cll.
718 2394 842 2439 Epist.
867 2396 900 2439 1,

146 2453 206 2497 16,
223 2454 282 2489 21.
303 2457 341 2487 et
360 2452 469 2487 hodie
484 2451 648 2487 restituit.
665 2451 827 2486 Orellius
843 2454 902 2485 ut-

141 2514 232 2555 pote
267 2509 442 2544 sermonis
473 2508 675 2556 quotidiani
703 2508 901 2543 formulam.

143 2564 332 2611 Exemplis
347 2568 392 2600 ab
410 2579 452 2601 eo
470 2567 590 2602 allatis
602 2566 694 2600 adde
705 2565 900 2600 Cic.Acad.

143 2623 178 2666 2,
199 2623 235 2667 7,
263 2623 320 2657 19.
341 2623 372 2658 εἰ
392 2635 514 2659 sensus
532 2630 565 2659 et
589 2624 670 2659 sani
686 2628 769 2657 sunt
789 2628 824 2657 et
837 2634 902 2656 va-

144 2679 267 2715 lentes.
309 2679 440 2715 Senec.
464 2681 510 2714 de
533 2682 585 2716 Ir.
610 2682 651 2724 2,
681 2678 740 2714 35.
784 2678 905 2714 Animi

142 2741 270 2779 motus,
293 2747 351 2770 eos
368 2742 531 2781 putemus
544 2737 745 2772 sanissimos
760 2735 902 2770 validis-

142 2791 316 2836 simosque
335 2793 394 2837 qui
411 2797 481 2828 etc.
521 2793 650 2828 Altera
669 2798 785 2828 autem
808 2792 898 2827 scri-

141 2851 254 2894 ptura
283 2861 304 2883 a
329 2851 496 2884 Gesnero
526 2863 598 2885 non
625 2851 717 2885 male
748 2851 898 2884 defensa

142 2914 242 2940 mera
268 2906 416 2941 videtur
441 2918 523 2941 esse
547 2907 729 2942 correctio
761 2919 896 2951 eorum,

142 2961 205 3008 qui
231 2974 292 2998 vv.
321 2974 449 2998 sanum
469 2969 504 2999 et
519 2969 612 3000 recte
627 2965 701 2999 val.
729 2976 796 3011 pro
817 2967 898 2998 tau-

42 3003 43 3006 *
67 3038 69 3042 .
142 3018 281 3065 tologia
294 3019 509 3055 habuerunt.

1015 1026 1061 1062 V.
1083 1025 1120 1061 5.
1139 1027 1234 1072 ficus
1258 1028 1342 1061 dum
1369 1038 1428 1072 pr.
1462 1026 1535 1062 Ed.
1559 1028 1715 1075 Cuning.

960 1084 1137 1128 calorque.
1173 1084 1264 1118 Mss.
1282 1084 1395 1130 Cruq.
1420 1087 1452 1128 1,
1473 1084 1714 1131 antiquissim.

960 1142 996 1176 7.
1012 1142 1044 1176 6.
1061 1141 1096 1175 3.
1133 1141 1262 1174 Oberl.
1278 1141 1321 1175 C.
1341 1142 1380 1186 (a
1400 1143 1434 1175 1.
1451 1142 1518 1186 m.)
1541 1143 1662 1179 Guelf.
1682 1146 1716 1179 1.

961 1199 1001 1242 (a
1025 1200 1059 1234 2.
1085 1198 1148 1241 m.)
1172 1199 1277 1231 Gott.
1302 1199 1335 1242 1,
1364 1199 1447 1242 (sed
1470 1210 1632 1244 superse.
1660 1201 1714 1246 a).

960 1255 1032 1289 Ed.
1055 1255 1166 1300 Cruq.
1202 1273 1250 1280 —
1283 1255 1327 1288 V.
1346 1256 1378 1290 6.
1413 1255 1715 1302 Dissignatorem.

961 1312 1035 1346 Sic.
1047 1323 1132 1346 mss,
1146 1312 1256 1346 Torr.
1269 1313 1352 1346 duo.
1383 1313 1485 1346 Pott.
1499 1325 1591 1348 omn.
1609 1326 1713 1360 prae-

959 1373 1017 1403 ter
1047 1370 1082 1404 7.
1117 1367 1173 1403 15.
1207 1370 1264 1404 16.
1298 1370 1425 1404 Jaeck.
1458 1371 1490 1405 1.
1529 1370 1644 1405 Orell.
1681 1384 1714 1406 c.

960 1428 1066 1461 Gott.
1098 1427 1132 1460 1.
1167 1425 1270 1471 Lips.
1307 1428 1340 1461 2.
1371 1427 1406 1461 3.
1442 1427 1544 1461 Mon.
1572 1429 1608 1462 b.
1639 1429 1712 1463 f.1.

959 1484 1097 1518 GraeV.
1131 1481 1414 1528 Disignatorem.
1447 1483 1519 1518 Ms.
1541 1485 1657 1520 Dorv.
1681 1487 1714 1520 1.

958 1541 1017 1575 Cf.
1035 1544 1157 1575 annot.
1175 1540 1221 1573 ad
1236 1539 1270 1583 5,
1299 1541 1357 1575 16.
1383 1544 1419 1573 et
1434 1541 1554 1575 Bentl.
1577 1543 1623 1577 ad
1640 1543 1713 1577 Od.

958 1599 991 1642 1,
1009 1597 1068 1642 35,
1085 1596 1144 1631 38.
1170 1616 1219 1621 —-—
1244 1598 1427 1631 decorant.
1463 1597 1534 1632 Ms.
1555 1599 1656 1634 Mon.
1679 1612 1713 1634 e.

953 1655 1122 1688 litoribus.
1178 1653 1250 1686 Ms.
1286 1654 1409 1687 Berol.
1445 1655 1478 1688 1.
1513 1656 1712 1691 lectoribus.

951 1711 1049 1745 Edd.
1066 1710 1159 1743 Ven.
1174 1706 1256 1744 479.
1274 1711 1332 1745 86.
1350 1711 1408 1744 90.
1426 1711 1483 1745 98.
1512 1712 1615 1746 Flor.
1626 1710 1710 1750 482.

952 1767 1034 1812 (ubi
1048 1767 1199 1801 verbum
1215 1767 1374 1812 explicat
1383 1766 1586 1813 Landinus)
1596 1770 1710 1805 Loch.

950 1821 1033 1860 498.
1094 1824 1197 1858 Glar.
1233 1821 1317 1858 543.
1370 1823 1473 1869 Lips.
1509 1824 1594 1861 513.
1650 1827 1710 1861 Cf.

951 1881 1122 1917 Beroald.
1147 1881 1186 1915 in
1211 1882 1322 1915 Grut.
1348 1881 1475 1928 Lamp.
1500 1883 1532 1918 Ι.
1564 1895 1603 1929 p.
1626 1885 1709 1920 200.

951 1939 1072 1974 Nann.
1088 1938 1179 1972 ibid.
1195 1950 1233 1983 p.
1253 1939 1357 1973 1286.

1007 1997 1053 2029 V.
1069 1996 1103 2029 9.
1132 1995 1312 2029 Adducint
1333 2013 1383 2020 —
1407 1995 1611 2041 resignant.
1634 1996 1707 2030 Ms.

951 2052 1079 2086 Comb.
1102 2052 1148 2085 G.
1163 2052 1338 2085 Adducet.
1367 2051 1458 2085 Mss.
1474 2052 1565 2086 Bad.
1584 2054 1619 2087 1.
1650 2054 1707 2087 Ik.

950 2109 984 2142 1.
1007 2108 1115 2142 Dess.
1140 2109 1174 2141 1.
1195 2108 1228 2141 2.
1254 2107 1370 2141 Dorv.
1394 2109 1427 2142 2.
1457 2107 1561 2153 Lips.
1581 2111 1613 2143 1.
1646 2110 1706 2143 Cf.

949 2166 984 2207 6,
1001 2162 1060 2199 57.
1085 2183 1134 2188 --
1161 2175 1202 2196 ac
1222 2168 1301 2197 test.
1341 2163 1439 2197 Edd.
1465 2164 1558 2199 Cun.
1584 2165 1705 2200 Merv.

947 2219 1114 2255 Francis.
1141 2219 1250 2253 Bask.
1272 2238 1322 2243 —
1345 2220 1391 2253 V.
1421 2220 1478 2254 10.
1527 2222 1646 2264 Quid?
1678 2223 1709 2257 si

947 2279 1000 2311 br.
1042 2277 1105 2311 Sic
1127 2288 1171 2310 ex
1193 2277 1401 2320 conjectura
1421 2276 1571 2322 scripsit
1586 2279 1706 2313 Groe-

946 2333 1022 2368 bel.
1055 2340 1094 2367 et,
1122 2332 1279 2378 conjecit
1311 2336 1506 2378 praeterea
1537 2335 1630 2378 Quin
1663 2335 1703 2371 εἰ.

948 2391 1090 2425 Contra
1117 2389 1303 2436 disputavi
1327 2390 1366 2424 in
1390 2390 1511 2435 ‚‚Allg.
1529 2392 1704 2426 Schulz.“

948 2448 998 2482 II.
1016 2447 1121 2483 1833.
1139 2459 1178 2492 p.
1196 2447 1300 2483 1230.
1342 2447 1512 2483 Ceterum
1533 2449 1703 2494 conjunc-

946 2505 1012 2540 tim
1026 2504 1253 2539 scribendum
1274 2507 1332 2537 est
1350 2504 1504 2550 Quodsi,
1529 2505 1605 2539 vid.
1622 2506 1703 2540 Dil-

946 2562 1114 2607 lenburg.
1139 2562 1210 2602 Qu.
1239 2561 1331 2595 Hor.
1350 2561 1380 2594 Ι.
1402 2566 1440 2595 et
1459 2562 1507 2596 ΙΙ.
1524 2574 1560 2607 p.
1583 2559 1641 2597 54.
1663 2567 1702 2597 et

947 2619 1069 2654 Kritz.
1091 2618 1137 2653 ad
1163 2617 1252 2652 Sall.
1276 2618 1359 2652 Cat.
1385 2619 1426 2662 2,
1457 2618 1494 2652 3.
1518 2639 1568 2644 —
1591 2620 1702 2654 niveis

947 2676 1026 2711 sive
1040 2675 1140 2710 nivis.
1173 2675 1270 2708 Edd.
1287 2674 1414 2709 Lamb.
1432 2675 1543 2722 Cruq.
1559 2677 1698 2711 Bersm.

948 2734 1038 2768 Cun.
1061 2732 1107 2766 al.
1145 2731 1194 2766 At
1212 2732 1250 2765 in
1265 2731 1512 2767 substantivis
1531 2733 1570 2767 in
1591 2746 1614 2768 x
1635 2734 1698 2768 de-

945 2789 1147 2826 sinentibus
1178 2788 1286 2823 dubia
1314 2792 1371 2823 est
1394 2790 1585 2824 secundum
1615 2791 1698 2825 Pri-

945 2848 1055 2883 scian.
1067 2847 1102 2890 7,
1114 2846 1171 2880 17.
1182 2846 1271 2880 haec
1281 2846 1407 2881 forma.
1439 2848 1572 2882 Sobrie
1583 2848 1697 2893 igitur

943 2904 1131 2948 Bentlejus
1148 2906 1186 2937 et
1201 2903 1402 2938 Schmidius
1418 2916 1490 2939 scr.
1505 2905 1613 2939 nives.
1637 2906 1694 2939 Cf.

942 2962 1093 2995 Kirchn.
1112 2960 1157 2994 ad
1173 2960 1252 2995 Sat.
1271 2973 1310 3007 p.
1327 2960 1532 2997 LXXXIV.
1559 2981 1608 2987 —-
1633 2964 1696 2996 Al-

942 3019 1054 3053 banos
1066 3018 1118 3052 ill.
1138 3029 1260 3063 agros.
1293 3018 1367 3052 Ms.
1395 3019 1531 3055 Bersm.
1555 3031 1614 3053 un.
1641 3037 1690 3043 --

1199 3079 1255 3120 22
1284 3079 1382 3135 (5)*
