2028 3268
8 1577 10 1581 ,
32 1567 38 1576 .

22 1822 37 1850 {⁴

15 1930 40 1996 ἲς

18 1990 31 2041 ‘k
37 1999 45 2010 Δ

21 2014 46 2135 {-

27 2134 45 2150 ί

149 277 176 320 5
618 271 757 312 LIBRI
785 271 815 311 Ι.

871 266 1135 309 EPISTOLA
1159 267 1224 307 VI.

1613 261 1698 305 273

219 398 296 461 Si,
334 398 530 458 quicquid
559 398 666 443 vidit
700 398 854 443 melius
889 400 1076 455 pejusve
1112 408 1194 439 sua
1229 406 1326 453 spe,

217 478 382 526 Defixis
419 479 556 524 oculis
594 481 822 537 animoque
851 478 895 520 et
927 489 1112 534 corpore
1146 470 1325 534 torpet?

216 559 362 604 Insani
396 560 569 618 sapiens
605 572 762 604 nomen
794 556 934 616 ferat,
977 568 1142 614 aequus
1173 554 1331 613 iniqui,
1646 550 1700 593 15

216 638 345 684 Ultra
381 653 509 698 quam
539 640 645 683 satis
682 641 750 682 est
783 638 990 680 virtutem
1023 636 1061 679 si
1095 636 1218 694 petat
1252 635 1409 693 ipsam.

215 718 239 763 1
271 733 408 779 nunc,
446 719 680 779 argentum
716 719 760 761 et
793 729 984 760 marmor
1017 717 1146 759 vetus
1183 725 1375 770 aeraque
1411 711 1456 754 et
1490 711 1596 754 artis

217 797 435 860 Suspice,
473 812 570 843 cum
606 798 789 859 gemmis
825 796 992 854 Tyrios
1027 796 1188 840 mirare
1226 793 1421 851 colores3

148 915 196 949 ad
224 926 299 949 rem
328 913 370 948 Si
385 933 443 940 —
465 913 605 959 torpet?
657 911 721 946 Sic
750 911 901 956 disting.

147 971 207 1006 ed.
233 971 368 1016 Despr.
400 990 450 996 —-
482 970 566 1015 quid
594 970 641 1003 ad
669 970 770 1003 rem?
838 967 902 1002 Sic

146 1028 231 1063 edd.
248 1029 340 1064 Ven.
363 1023 447 1063 479.
479 1028 538 1062 81.
568 1026 671 1061 Flor.
693 1023 777 1062 482.
814 1024 899 1061 Ald.

146 1084 230 1121 501.
262 1085 320 1120 19.
343 1088 382 1118 et
405 1083 506 1119 mult.
531 1082 578 1118 al.
593 1109 602 1127 ‚
635 1094 739 1129 quam
768 1082 900 1117 distin-

145 1141 303 1178 ctionem
331 1145 435 1177 recte
462 1140 685 1187 improbavit
713 1139 898 1175 Piscator.

145 1199 318 1234 Ceterum
339 1203 523 1234 metuatne
549 1197 608 1232 hic
624 1197 758 1232 dicitur
772 1202 813 1232 ut
839 1199 896 1241 11,

143 1256 182 1291 3.
223 1255 430 1300 mineram,
460 1255 594 1300 12‚17.
619 1256 814 1300 jussaene,
840 1255 897 1299 18,

146 1314 229 1348 100.
269 1317 474 1356 naturane,
516 1312 596 1347 Sat.
626 1313 660 1356 1,
681 1313 714 1355 2,
731 1311 790 1347 63.
821 1323 900 1357 pec-

143 1381 268 1414 cesne,
305 1369 395 1416 ibiq.
429 1368 552 1404 Bentl.
621 1369 681 1404 Cf.
706 1369 827 1403 Kiihn.
861 1372 900 1402 et

144 1426 269 1462 Klotz.
300 1426 348 1461 ad
386 1426 465 1461 Cic.
505 1426 619 1461 Tusc.
654 1427 699 1471 1,
735 1423 802 1470 25,
837 1426 896 1460 60.

144 1484 285 1519 Daehn.
302 1484 348 1518 ad
364 1484 463 1529 Nep.
485 1482 620 1529 Iphicr.
642 1482 678 1517 3.

201 1541 247 1575 V.
262 1541 321 1575 13.
334 1537 390 1575 14.
419 1541 460 1575 Sa·
472 1540 669 1584 quicquam.
690 1538 897 1573 Ms.Gue1f.

145 1599 180 1632 1.
204 1601 242 1631 et
260 1597 354 1632 LoV.
382 1609 442 1643 ap.
463 1598 638 1631 Bormans
661 1597 708 1631 ad
726 1597 839 1641 Prop.
863 1595 899 1639 3,

145 1655 179 1698 1,
195 1653 255 1689 59.
285 1655 445 1698 quicquid
464 1654 594 1688 videat.
655 1653 718 1687 Sic
751 1652 901 1698 scripsit

143 1710 338 1746 Buherius.
378 1711 464 1744 vidit
483 1710 653 1755 quicquid.
682 1710 755 1744 Ms.
774 1709 899 1743 Guelf.

145 1769 181 1804 2.
215 1786 264 1794 —
297 1768 420 1802 melius
439 1767 535 1801 vidit.
578 1767 649 1802 Ms.
673 1768 813 1801 Bersm.
836 1778 897 1800 un.

145 1825 252 1860 Gott.
281 1826 314 1860 1.
345 1820 430 1874 (sed
454 1835 614 1870 supersc.
640 1823 698 1867 b.)
728 1825 836 1858 Dess.
862 1825 896 1859 2.

143 1880 216 1916 Ed.
225 1881 382 1926 Cuning.
395 1881 445 1925 Si,
455 1893 562 1926 quum
573 1880 656 1925 quid
667 1881 789 1915 melias
799 1881 895 1915 vidit.

143 1937 252 1983 conj.
270 1938 425 1984 Cuning.
436 1964 447 1983 ,
473 1938 539 1973 sed
557 1937 895 1984 breviloquentiam,

146 2006 240 2041 quae
267 1999 325 2030 est
350 1995 390 2029 in
419 1995 602 2041 scriptura
634 1995 760 2040 vulg„
801 1996 896 2029 bene

127 2051 306 2098 *explicat
336 2052 500 2086 Groebel
528 2051 679 2086 laudans
709 2051 833 2096 Epist.
860 2052 893 2095 1,

145 2111 181 2153 2,
195 2105 253 2143 14.
278 2127 326 2134 —-
353 2109 507 2153 pejusve.
530 2108 621 2142 Mss.
636 2108 763 2142 Lamb.
780 2107 895 2141 Pulm.

946 910 1072 956 paucis
1094 909 1282 955 exceptis,
1315 919 1406 955 quae
1435 905 1489 941 uti
1510 904 1591 941 Ald.
1616 904 1698 940 519.

947 968 1084 1002 Mutet.
1115 967 1227 1001 Fabr.
1254 966 1349 1000 Rod.
1365 967 1534 1011 punctum
1548 967 1700 1009 ponunt,

947 1025 1030 1060 edd.
1047 1028 1141 1059 vett.
1159 1027 1198 1058 et
1213 1035 1287 1059 rec.
1332 1023 1426 1056 Post
1444 1022 1536 1056 hunc
1556 1031 1701 1054 versum

945 1082 1125 1117 Buherius
1158 1092 1220 1116 w.
1247 1075 1410 1116 28—48.
1457 1079 1498 1112 Si
1521 1079 1617 1113 latus
1646 1097 1695 1102 —

946 1139 1089 1174 omittas
1107 1138 1246 1184 posuit.

1003 1197 1049 1230 V.
1063 1194 1120 1231 15.
1140 1195 1265 1231 Insani
1277 1193 1417 1239 sapiens
1430 1203 1571 1227 nomen.
1594 1192 1701 1226 Hunc

944 1254 1138 1287 verborum
1177 1252 1339 1287 ordinem
1369 1254 1518 1284 servant
1547 1261 1631 1284 mss.
1662 1252 1702 1283 et

944 1311 1095 1345 aliorum
1129 1315 1168 1344 et
1209 1309 1327 1343 nostri
1369 1307 1494 1353 paucis
1536 1306 1701 1351 exceptis

943 1368 1101 1413 itemque
1132 1367 1310 1402 editiones
1333 1365 1413 1399 fere
1437 1376 1530 1399 omn.
1577 1363 1703 1398 Insani

944 1437 1075 1460 nomen
1094 1424 1245 1471 sapiens.
1292 1423 1384 1457 Mss.
1405 1423 1473 1457 Fe.
1502 1423 1536 1465 2,
1552 1433 1585 1455 a.
1608 1422 1643 1464 6,
1659 1421 1698 1455 b.

946 1486 1005 1526 et,
1044 1481 1117 1516 nisi
1144 1481 1239 1516 oculi
1270 1479 1343 1514 viri
1375 1479 1473 1513 illius
1499 1477 1701 1513 doctissimi

946 1543 1134 1582 errarunt,
1181 1538 1304 1572 Guelf.
1338 1549 1431 1571 omn.
1494 1536 1591 1570 Edd.
1629 1536 1697 1570 Fe.

945 1597 1071 1632 Jaeck.
1098 1596 1217 1630 Schm.
1243 1595 1352 1628 Web.
1382 1593 1522 1628 Groeb.
1538 1593 1698 1628 Braunh.

945 1653 1105 1688 Meinek.
1116 1657 1154 1687 et
1163 1653 1220 1686 ed.
1232 1652 1334 1697 Lips.
1345 1652 1426 1687 828.
1442 1649 1491 1684 At
1501 1651 1589 1685 ordo
1600 1650 1699 1695 vulg.

945 1711 1055 1745 multo
1073 1708 1275 1755 elegantior
1291 1712 1360 1752 est,
1388 1718 1493 1753 quum
1509 1719 1612 1753 quam
1626 1719 1699 1742 ma-

944 1768 1038 1803 xime
1055 1767 1136 1801 fieri
1155 1766 1274 1813 possit
1289 1765 1475 1799 contraria
1489 1765 1596 1809 juxta
1612 1764 1699 1810 poni

945 1829 1103 1859 constet.
1163 1823 1226 1857 Sic
1257 1822 1369 1857 Ovid.
1399 1823 1505 1856 Fast.
1538 1823 1581 1866 2,
1612 1822 1697 1856 717.

942 1882 1076 1917 Brutus
1090 1886 1167 1915 erat
1187 1880 1287 1914 stulti
1298 1879 1438 1925 sapiens
1451 1880 1608 1914 imitator
1624 1882 1696 1913 etc.

945 1959 994 1964 —
1019 1942 1131 1984 seret.
1161 1938 1252 1972 Mss.
1268 1937 1337 1971 Fe.
1355 1939 1388 1980 2,
1405 1938 1442 1972 b.
1460 1948 1496 1981 g.
1524 1937 1565 1981 (a
1580 1938 1613 1972 2.
1630 1936 1698 1980 m.)

942 1994 977 2039 5,
999 2007 1032 2030 e.
1064 1997 1100 2040 7,
1118 2007 1150 2029 a.
1182 1994 1222 2038 (a
1243 1995 1278 2029 2.
1299 1994 1364 2037 m.)
1397 1994 1431 2036 9,
1455 1994 1492 2027 d.
1513 1993 1637 2027 Berol.
1662 1995 1696 2027 1.

944 2054 1095 2086 Santen.
1142 2050 1244 2085 Mon.
1275 2063 1308 2084 c.
1327 2051 1355 2084 f.
1400 2050 1472 2084 Ed.
1498 2050 1582 2084 Asc.
1613 2049 1695 2084 519.

944 2109 1030 2153 (sed
1064 2108 1103 2141 in
1141 2107 1376 2141 annotatione
1403 2106 1539 2151 legitur
1558 2107 1695 2151 ferat).

144 2167 259 2211 Cruq.
275 2166 414 2200 Bersm.
443 2165 571 2199 Comb.
590 2164 718 2199 Oberl.
735 2165 836 2198 Pott.
858 2167 900 2197 ut
933 2169 1026 2210 sert.
1065 2164 1153 2198 Var.
1176 2164 1261 2198 lect.
1285 2175 1345 2208 ap.
1365 2163 1535 2197 Minoem.

143 2223 315 2258 videntur
325 2233 418 2256 omn.
435 2221 552 2256 Orell.
562 2233 655 2256 omn.
678 2220 802 2256 Berol.
814 2222 847 2254 1.
863 2222 897 2256 2.

145 2280 261 2315 Goth.
272 2280 376 2314 Gott.
395 2280 428 2313 1.
457 2279 561 2324 Lips.
580 2279 598 2312 1
625 2280 658 2315 2.
683 2278 799 2312 Dorv.
818 2278 896 2313 1.2.

144 2337 294 2372 Col-bei.
315 2335 466 2371 Mentel.
479 2337 519 2370 2!
540 2336 640 2370 Mon.
659 2347 691 2369 c.
709 2346 741 2369 e.
758 2336 785 2369 s.
803 2335 828 2368 l.
849 2346 895 2367 m.

145 2393 310 2430 Rudolst.
321 2393 418 2428 Edd.
427 2396 520 2427 vett.
530 2396 568 2426 et
576 2392 772 2427 recentior.
780 2391 896 2437 plerq.

145 2451 254 2486 etiam
267 2451 389 2485 Bentl.
413 2451 593 2496 pejusque.
630 2450 693 2484 Sic
717 2451 763 2483 ob
789 2450 898 2483 altum

146 2507 328 2543 silentium
351 2519 444 2542 omn.
460 2507 559 2541 Feae
586 2510 624 2540 et
648 2506 771 2541 Guelf.
796 2517 896 2549 mss„

147 2565 194 2599 de
205 2576 272 2610 qua
285 2576 327 2598 re
339 2564 506 2598 dubitare
517 2565 616 2608 licet,
631 2564 733 2609 Lips.
744 2564 779 2598 3.
795 2563 896 2598 Mon.

146 2623 184 2657 b.
196 2621 292 2655 Edd.
304 2620 453 2655 Minois.
462 2621 531 2656 Fe.
544 2622 647 2656 Jahn.
659 2621 778 2656 Schm.
791 2620 898 2653 Web.

148 2679 287 2713 Groeb.
324 2677 483 2712 Braunh.
523 2678 685 2713 Meinek.
740 2679 896 2724 pejusne.

67 2751 76 2759 ·
146 2735 219 2770 ΜΒ.
238 2736 374 2769 Graev.
415 2735 612 2780 Receptam
628 2734 841 2781 scripturam
855 2746 898 2767 ve

147 2796 296 2838 praeter
322 2791 427 2825 codd.
445 2792 699 2826 auctoritatem
723 2805 791 2838 pro
808 2802 898 2825 vera

146 2849 300 2884 habebis
326 2859 371 2882 ex
391 2848 573 2883 annotatis
601 2849 647 2883 ad
660 2850 784 2895 Epist.
808 2851 840 2891 1,
864 2849 897 2891 1,

147 2906 208 2942 72.
226 2907 259 2950 2,
274 2904 334 2940 51.
367 2925 416 2929 -
450 2905 495 2940 V.
514 2902 570 2941 14.
594 2906 710 2940 animo
731 2911 778 2941 et.
806 2906 897 2939 Mss.

149 2962 273 2997 Guelf.
298 2964 332 2997 1.
360 2962 485 2996 Berol.
509 2964 542 2998 1.
590 2982 637 2987 —
682 2963 720 2996 in
742 2973 900 3008 corpore.

59 3014 83 3046 ⁴-
148 3017 222 3054 ΜΒ.
246 3018 348 3054 Mon.
373 3030 406 3054 e.
453 3038 500 3044 —
547 3020 690 3065 torpet?
731 3019 793 3054 Sic
816 3018 900 3053 edd.

1000 2221 1047 2255 V.
1062 2221 1223 2255 16—19.
1259 2220 1363 2253 Ultra
1379 2231 1462 2263 qua.
1490 2219 1696 2254 Ms.Guelf.

944 2278 980 2314 3.
1016 2276 1122 2311 Ultra
1140 2278 1245 2320 quod.
1274 2276 1346 2310 Ms.
1366 2277 1476 2311 Talb.
1494 2288 1553 2310 un.
1569 2276 1695 2311 Jaeck.

942 2332 978 2370 4.
1013 2353 1062 2358 -
1093 2339 1201 2378 petet.
1229 2333 1322 2367 Mss.
1340 2333 1453 2379 Cruq.
1472 2335 1504 2378 1,
1521 2334 1589 2367 duo
1607 2334 1642 2368 7.
1658 2333 1694 2368 3.

945 2390 1061 2426 Orell.
1083 2391 1144 2424 bc.
1185 2391 1299 2424 Goth.
1319 2389 1423 2435 Lips.
1445 2392 1479 2426 2.
1520 2391 1636 2425 Dorv.
1660 2391 1694 2425 1.

945 2449 1029 2494 (sed
1051 2458 1213 2493 supersc.
1237 2447 1281 2491 i.)
1330 2446 1431 2482 Mon.
1453 2448 1495 2491 f.,
1531 2459 1602 2482 non
1630 2447 1695 2482 im-

942 2506 1077 2552 probat
1097 2504 1291 2550 Cruquius.
1325 2505 1425 2549 petit.
1452 2504 1544 2539 Mss.
1566 2505 1691 2540 Jaeck.

943 2561 978 2598 5.
1018 2561 1134 2596 Orell.
1157 2563 1197 2596 S.
1240 2580 1290 2585 --
1331 2561 1378 2595 V.
1402 2562 1460 2596 17.
1502 2567 1695 2607 argentum

943 2630 1113 2654 marmor.
1150 2618 1223 2653 Ms.
1243 2617 1313 2651 Fe.
1337 2620 1370 2663 1,
1391 2630 1425 2652 a.
1443 2618 1484 2663 (a
1502 2620 1534 2653 1.
1549 2619 1616 2663 m.)
1639 2638 1688 2644 -—

946 2687 1056 2710 arces.
1084 2673 1346 2709 Cod.Mentel.
1387 2695 1436 2700 —
1477 2676 1522 2710 V.
1540 2677 1595 2711 18.
1625 2677 1693 2710 Su-

943 2732 1045 2778 scipe.
1092 2731 1155 2766 Sic
1175 2743 1257 2766 mss.
1278 2731 1365 2776 alqt.
1390 2733 1501 2779 Cruq.
1520 2733 1644 2768 Jaeck.
1656 2731 1691 2767 5.

944 2789 1065 2823 Guelf.
1087 2791 1121 2824 2.
1149 2789 1233 2834 (sed
1252 2800 1347 2822 corr.
1366 2790 1481 2835 susp.)
1518 2790 1632 2825 Dorv.
1656 2791 1689 2825 1.

943 2847 1067 2881 Berol.
1094 2849 1127 2880 1.
1164 2846 1266 2881 Mon.
1286 2846 1324 2880 b.
1344 2847 1370 2880 f.
1397 2847 1566 2883 Rudolst.
1599 2848 1692 2881 Por-

945 2904 1052 2949 phyr.
1078 2914 1143 2938 ms.
1163 2903 1328 2947 Monac„
1358 2903 1441 2938 ubi:
1484 2904 1562 2949 „Et
1592 2910 1692 2938 artes

947 2960 1109 3005 suscipe,
1161 2963 1287 3006 potest
1320 2963 1358 2995 et
1395 2962 1538 3007 suscipe
1568 2961 1693 2996 subdi-

948 3017 1127 3062 stingui.“
1178 3017 1234 3052 An
1265 3018 1438 3064 suspice?
1475 3019 1571 3054 Edd.
1598 3020 1690 3053 Ven.
