2028 3268
149 278 206 321 91
294 274 678 317 COMMENTARII
704 277 764 316 IN
791 276 1020 318 HORATII
1048 276 1146 317 LIB.
1166 277 1197 316 Ι.
1215 276 1384 318 EPIST.
1403 278 1551 320 SEPT.
1609 278 1695 321 363

151 401 339 442 beneficia
367 399 455 440 Tua
483 401 523 439 in
550 414 612 440 me
644 403 725 453 Jam
752 401 891 442 collata
920 407 960 442 et
988 415 1035 442 ea
1062 408 1189 443 mente
1219 404 1387 454 donata,
1438 417 1488 444 ne
1528 419 1696 456 unquam

151 471 240 511 mihi
269 482 434 509 onerosa
460 469 611 520 fierent,
642 471 783 522 quippe
813 472 878 522 qui
907 472 1058 510 minime
1078 472 1210 511 similis
1238 473 1291 511 sis
1320 472 1473 511 Calabri
1497 473 1595 511 illius
1625 474 1695 512 ho-

151 539 276 591 spitis,
305 539 371 589 qui
399 537 510 577 alteri
538 539 696 578 donavit
723 551 821 591 quae
849 541 923 591 ipsi
953 545 1084 579 essent
1112 541 1265 580 oneri.“
1321 542 1418 581 Huic
1449 546 1577 580 autem
1606 554 1695 579 nar·

149 605 385 646 ratiunculae
413 606 657 659 proverbium
685 607 862 659 subesse,
898 612 940 647 ut
973 609 1142 648 Calabri
1169 610 1336 661 hospitis
1367 610 1520 656 Xenia,
1547 610 1698 662 putavit

148 673 332 715 Erasmus
360 676 399 714 in
421 674 573 727 Adagg.
603 676 646 727 3,
670 677 712 726 6,
742 674 812 716 94.
869 675 915 715 V.
943 677 1010 718 15.
1029 679 1115 730 sec.
1138 678 1392 731 locupletem,
1417 680 1586 731 proprie,
1611 680 1637 717 i.
1660 692 1696 717 e.

149 745 234 795 agri
261 743 435 795 plenum;
462 745 640 796 intelligit
666 745 767 783 enim
793 744 915 784 villam
934 746 1127 786 Sabinam.
1187 748 1302 787 Conf.
1323 748 1479 787 Mitsch.
1500 749 1550 786 ad
1569 748 1697 799 Epod.

153 813 194 862 1,
223 812 295 853 31.
327 833 378 841 —
410 811 456 850 V.
486 814 554 855 16.
613 814 710 851 Jam
738 815 840 852 satis
869 821 938 852 est.
999 816 1188 855 Scheller:
1215 817 1367 867 „Ganz
1397 830 1466 855 zur
1495 817 1699 868 Gniige!“

150 879 213 919 Ad
239 893 276 919 v.
307 887 507 932 quantum
535 882 597 920 vis
632 882 833 920 Victorius
861 886 1059 922 commode
1099 888 1295 935 comparat
1332 885 1383 934 6,
1433 883 1503 927 44.
1538 891 1700 935 partem

149 948 219 988 vel
247 948 402 987 tolleret
425 963 571 989 omnes.
629 950 777 990 Contra
810 951 857 990 V
847 951 987 1002 ulpius
1009 953 1059 990 ad
1088 953 1231 992 Catull.
1265 955 1335 1003 87,
1366 953 1407 992 6.
1437 954 1701 1005 quantumvis

152 1018 317 1070 explicat
343 1017 535 1066 abunde,
582 1021 695 1057 satis.
757 1019 1056 1058 Praeferendum
1085 1029 1283 1073 quantum
1319 1022 1406 1069 vis,
1452 1023 1540 1073 quia
1574 1023 1613 1060 in
1641 1022 1701 1060 his

152 1086 301 1126 duabus
336 1087 493 1126 vocibus
533 1088 620 1140 plus
654 1090 756 1127 inest
801 1088 962 1127 stolidae
990 1088 1247 1129 humanitatis.
1284 1113 1342 1119 —
1384 1091 1597 1142 Benigne,
1645 1091 1702 1129 uti

150 1162 279 1202 recte,
307 1160 368 1195 est
395 1158 572 1196 modeste
601 1158 811 1196 recusantis
841 1162 881 1196 et
906 1159 1048 1208 gratias
1076 1160 1251 1210 agentiS,
1294 1158 1358 1197 ubi
1387 1159 1527 1197 Graeci
1555 1160 1702 1206 καλῶς,

150 1220 364 1273 κάλλιστα,
408 1223 564 1266 ἐπαινῶ
595 1227 739 1265 dicunt.
796 1224 882 1265 Vid.
907 1225 1046 1265 Lamb.
1076 1232 1116 1266 et
1142 1227 1307 1268 Schmid.
1335 1228 1385 1266 ad
1413 1228 1450 1266 h.
1477 1228 1502 1266 l.
1533 1232 1573 1267 et
1599 1227 1701 1266 conf.

150 1291 266 1344 Vulp.
292 1293 340 1331 ad
368 1293 508 1332 Catull.
532 1295 603 1344 72,
634 1295 674 1336 3.
732 1293 886 1333 Ruhnk.
913 1295 964 1332 ad
989 1294 1147 1335 Terent.
1172 1296 1270 1334 Eun.
1293 1298 1334 1346 2,
1363 1296 1405 1346 3,
1436 1295 1506 1338 50.
1565 1297 1703 1335 Kiess-

151 1359 245 1412 ling.
278 1361 329 1399 ad
358 1360 527 1400 Theocr.
560 1362 632 1408 15,
671 1362 712 1403 3.
771 1362 911 1400 Wund.
942 1363 993 1400 ad
1022 1363 1142 1415 Soph.
1171 1363 1270 1402 Phil.
1302 1365 1399 1406 871.
1459 1364 1573 1402 Conf.
1603 1364 1703 1402 infra

152 1442 189 1468 v.
220 1430 290 1472 62.
329 1452 389 1459 —
426 1430 476 1469 V.
511 1432 579 1472 17.
624 1430 881 1468 munuscula.
943 1430 1114 1482 Dubito,
1163 1445 1254 1470 num
1287 1436 1392 1470 recte
1422 1432 1482 1470 hic
1514 1433 1704 1483 intelligat

153 1497 384 1548 Mar-cilius,
415 1500 474 1537 cui
500 1500 710 1538 assentitur
737 1499 939 1537 Dae-erius
967 1501 1121 1539 nomine
1150 1501 1316 1538 auctoris
1343 1501 1500 1550 omisso,
1529 1500 1704 1551 apopho-

152 1571 238 1604 reta
258 1579 305 1605 ex
334 1567 513 1605 conviviis
543 1568 677 1606 referri
707 1567 833 1618 solita,
862 1569 911 1606 de
939 1568 1075 1619 quibus
1104 1569 1233 1607 laudat
1256 1569 1393 1608 Isidor.
1426 1570 1536 1620 Orig.
1562 1569 1632 1618 20,
1662 1566 1703 1609 4.

152 1634 322 1674 Martial.
354 1634 432 1686 14,
470 1637 519 1686 1,
550 1636 591 1676 6.
650 1637 757 1674 Suet.
786 1636 905 1688 Vesp.
937 1636 1012 1678 19.*
1062 1637 1126 1676 Cf.
1155 1638 1284 1676 Brem.
1310 1638 1360 1675 ad
1386 1637 1494 1675 Suet.
1526 1636 1610 1675 Cal.
1636 1635 1705 1677 55.

154 1702 273 1755 Vesp.
307 1703 374 1745 19.
414 1727 472 1733 —-
515 1703 562 1742 V.
598 1706 663 1745 18.
732 1705 832 1742 Tam
869 1712 1002 1742 teneor
1038 1705 1170 1750 dono,
1220 1719 1358 1757 quam.
1415 1705 1539 1743 Recte
1575 1704 1705 1742 Schol.

154 1770 295 1823 Cruq.:
330 1771 473 1823 „Tam
499 1772 603 1811 valet
630 1773 718 1810 mihi
745 1774 891 1811 animus
921 1777 1031 1823 tuus,
1065 1785 1180 1823 quam
1206 1774 1238 1811 si
1267 1786 1313 1811 ea
1341 1774 1527 1823 feram,“
1557 1778 1599 1811 ut
1629 1786 1707 1811 non

155 1852 253 1891 opus
282 1841 334 1879 sit
369 1840 572 1879 Groebelic‘
600 1842 675 1880 ista
705 1842 962 1891 distinctione,
993 1854 1106 1893 quam
1134 1841 1160 1879 l.
1193 1855 1308 1892 supra
1335 1841 1361 1879 l.
1392 1843 1486 1880 satis
1516 1843 1708 1880 refutasse

154 1908 246 1947 mihi
273 1910 418 1952 videor.
458 1910 627 1960 „Neque
653 1911 799 1960 enim,“
828 1911 882 1949 ait
895 1910 942 1949 V.
959 1911 1014 1960 d.,
1045 1910 1193 1960 „don0,
1225 1911 1326 1960 quod
1347 1924 1427 1948 non
1444 1911 1605 1962 accipio,
1637 1911 1708 1948 sed

156 1977 323 2014 donandi
349 1977 546 2016 voluntate
572 1984 721 2017 teneor.
733 1980 761 2003 ‘⁶
821 1979 937 2017 Conf.
978 1978 1178 2016 Orellium
1221 1982 1355 2016 contra
1382 1981 1545 2018 eundem
1574 1979 1706 2029 dispu-

155 2046 317 2082 tantem.
349 2064 398 2072 -
427 2044 473 2082 V.
507 2045 573 2086 19.
604 2046 817 2098 relinques.
878 2046 982 2084 Male
1006 2050 1148 2096 agunt,
1200 2047 1263 2096 qui
1293 2045 1494 2084 Praesenti
1525 2047 1707 2096 majorem

157 2112 323 2162 cogendi
354 2113 430 2151 vim
459 2113 643 2152 tribuunt.
701 2115 941 2152 Sententiam
970 2115 1070 2152 enim
1108 2113 1207 2151 bene
1238 2114 1418 2152 enodavit
1452 2112 1705 2150 Lambinus.-

156 2180 230 2230 „Si
254 2180 392 2230 tolles,
422 2180 566 2219 levabis
593 2195 654 2220 me
680 2182 872 2232 pirorum,
903 2194 1001 2231 quae
1030 2181 1119 2219 mihi
1145 2181 1251 2218 oneri
1280 2186 1393 2230 sunt,
1435 2193 1606 2231 quaeque
1635 2194 1707 2232 pro

156 2249 271 2288 nihilo
301 2249 420 2300 duco,
450 2263 544 2302 prae
572 2249 832 2288 multitudine:
874 2250 933 2287 sin
961 2249 1176 2298 relinques,
1204 2249 1452 2286 comedentur
1481 2261 1503 2285 a
1531 2247 1707 2298 porcis.“

158 2316 389 2357 Addendum
419 2318 604 2357 comicum
630 2317 740 2355 illud:
779 2317 923 2363 hodie,
962 2317 1094 2367 „heut
1121 2316 1232 2353 noch.
1245 2316 1273 2339 ‘⁶
1330 2315 1391 2354 De
1421 2316 1604 2354 formula:
1654 2316 1708 2353 Ut

158 2385 259 2424 libet
267 2413 284 2432 ,
335 2399 450 2437 quam
477 2399 555 2424 non
583 2385 683 2424 male
712 2383 946 2435 Rappoltus
973 2398 1013 2435 p.
1043 2382 1137 2426 624.
1166 2385 1300 2422 vertit:
1347 2397 1496 2434 „wenn
1526 2385 1576 2421 du
1603 2384 1709 2422 nicht

157 2454 287 2505 willst‚
313 2467 358 2492 so
387 2455 466 2493 lass
488 2453 577 2504 es,“
606 2454 781 2492 dixerunt
800 2451 985 2490 Hoehed.
1009 2452 1058 2489 ad
1075 2451 1114 2490 h.
1136 2452 1163 2490 l.
1185 2457 1224 2491 et
1248 2451 1481 2489 Schmidius
1500 2453 1549 2490 ad
1569 2452 1615 2490 V.
1637 2452 1706 2493 70.

273 2522 319 2562 V.
353 2524 421 2567 20.
436 2547 494 2554 --
509 2520 579 2565 24.
639 2521 847 2573 Prodigus
875 2543 932 2551 —
961 2521 1157 2563 merentis,
1214 2521 1436 2558 Sententiae
1474 2532 1559 2558 cum
1597 2523 1707 2558 ante-

160 2591 385 2630 cedentibus
419 2594 476 2631 sic
504 2595 796 2630 connectuntur:
836 2616 865 2640 „
878 2589 1111 2640 Prodigus,
1155 2589 1219 2638 qui
1246 2589 1349 2626 idem
1376 2587 1523 2625 stultus
1549 2592 1631 2638 est,
1669 2589 1709 2626 in

159 2658 323 2698 alterum
347 2659 594 2711 (quicumque
624 2659 702 2711 est)
732 2671 778 2697 ea
805 2657 979 2706 confert,
1027 2669 1125 2707 quae
1162 2657 1263 2694 hunc
1291 2670 1370 2695 non
1403 2662 1482 2696 tam
1514 2658 1707 2709 adjuvent,

162 2741 277 2780 quam
306 2727 442 2778 quibus
464 2728 548 2779 ipse
579 2741 708 2767 carere
737 2727 797 2765 vel
826 2727 951 2778 possit
969 2724 1029 2762 vel
1051 2724 1163 2771 velit3
1187 2725 1276 2762 inde
1294 2728 1373 2762 tam
1392 2725 1500 2765 multi
1520 2727 1709 2765 exsistunt

159 2797 312 2848 ingrati,
343 2796 407 2847 qui
434 2795 573 2835 talibus
599 2796 818 2835 muneribus
839 2808 882 2833 se
904 2794 1094 2845 obligatos
1115 2791 1187 2829 sibi
1206 2805 1282 2830 non
1301 2794 1547 2844 persuadent.
1603 2793 1708 2833 Rur-

160 2877 228 2903 sus
258 2865 339 2903 viro
370 2862 470 2901 bono
497 2868 537 2903 et
554 2865 728 2916 sapienti
754 2865 794 2903 in
819 2864 992 2902 homines
1015 2860 1242 2899 liberalitate
1269 2860 1406 2913 dignos
1435 2876 1504 2901 sua
1533 2863 1708 2901 conferre

161 2932 348 2972 beneficia
374 2944 528 2984 semper
553 2933 793 2984 propositum
822 2937 895 2982 est,
927 2944 1052 2982 neque
1078 2934 1208 2968 tamen
1239 2942 1326 2968 eum
1357 2930 1396 2968 in
1417 2943 1458 2968 re
1478 2931 1562 2982 ipsa
1582 2929 1708 2968 danda

160 3000 261 3052 fugit
287 3002 344 3040 rei
372 3001 577 3040 discrimen
603 3005 719 3052 atque
747 3002 896 3040 moduS.
955 2999 1123 3051 Dignum
1143 2997 1258 3049 igitur
1280 3010 1340 3037 me
1365 2999 1479 3038 etiam
1500 2997 1707 3052 praestabo
