2028 3268
192 270 248 313 85
305 271 679 310 COMMENTARII
708 274 763 311 ΙΝ
791 272 1014 311 HORATII
1041 271 1211 311 EPIST.
1237 271 1459 310 SECUND.
1486 273 1589 312 LIB.
1608 273 1642 311 1.
1674 268 1757 312 141

193 385 358 424 buisset.
415 385 546 425 Vultis
570 383 709 424 hanc?
739 386 906 425 Habetis
928 398 1072 425 vocem
1101 383 1259 425 melius.
1315 386 1406 423 Huc
1435 382 1615 434 accedit,
1646 386 1757 438 quod

194 452 464 508 Chrysippus,
494 455 566 507 qui
590 461 692 493 teste
721 455 914 492 Cicerone
943 450 1065 509 (Rep.
1088 453 1130 504 3,
1163 452 1224 505 8.)
1260 454 1396 492 omnia
1423 453 1640 492 verborum
1664 467 1758 492 mo-

192 523 340 562 mentis
354 552 366 572 ,
394 535 478 562 non
496 535 631 561 rerum
649 522 896 576 ponderibus
924 522 1174 560 examinavit
1205 528 1246 559 et
1269 520 1319 560 de
1335 519 1596 575 philosophia
1620 522 1758 574 jejune

194 597 237 630 et
252 592 414 631 exiliter
431 590 653 644 disputavit
673 591 743 645 (de
763 592 873 631 Orat.
896 591 934 641 1,
957 590 1025 640 11,
1045 587 1148 641 50-)‚
1166 589 1318 628 molem
1337 590 1533 629 librorum
1552 591 1638 634 705
1656 593 1757 631 voll.

194 665 236 698 et
261 660 433 699 Crantor
450 661 608 710 30‚000
630 673 823 701 versuum
847 660 1190 711 conscripserunt3
1222 671 1302 712 qua
1325 672 1368 696 re
1390 660 1635 698 contrarium
1663 673 1758 699 cum

194 727 372 782 quadam
391 729 588 768 irrisionis
607 737 704 768 nota
724 730 782 767 ita
811 726 1015 782 procedit:
1044 726 1212 765 Homeri
1236 730 1427 779 poemata
1454 726 1668 767 hominum
1690 730 1756 768 vi-

191 802 278 834 tam
289 795 456 848 plenia-5²
479 797 509 835 i.
534 811 570 835 e.
594 798 746 849 majore
776 798 893 850 copia
922 809 1057 835 rerum
1085 794 1350 834 honestarum
1373 808 1593 850 earumque
1614 798 1757 850 cogni-

191 864 305 903 tione
339 863 667 916 dignissimarum
691 873 812 920 atque
841 865 894 904 ad
922 877 1063 904 omnes
1096 865 1204 903 vitae
1228 870 1362 916 partes
1393 865 1687 916 pertinentium
1717 872 1758 904 et

195 932 338 971 melius
367 934 397 971 i.
429 947 466 972 e.
501 935 654 986 majore
679 935 965 988 perspicuitate
1002 940 1125 986 atque
1155 933 1198 971 vi
1225 933 1510 984 exemplorum
1538 935 1756 984 instruunt,

195 1014 320 1055 quam
349 1003 479 1040 multa
504 1004 576 1041 illa
606 1003 777 1041 istorum
808 1001 1146 1056 philosophorum
1174 1001 1398 1042 volumina.
1465 1003 1602 1042 Simili
1633 1003 1757 1044 modo

195 1069 247 1108 de
266 1072 442 1109 Homero
466 1072 604 1110 scribit
623 1070 851 1124 Xenophon
874 1071 1036 1126 (Symp.
1060 1069 1101 1122 4,
1123 1069 1206 1123 6.):
1238 1068 1453 1124 o“'01.mqoog
1475 1069 1501 1112 o‘
1522 1067 1758 1123 σοφώτατος

191 1139 389 1191 πεποίηκε
408 1137 550 1192 σχεδόν
577 1139 670 1193 περὶ
690 1138 856 1182 πάντων
882 1143 966 1182 τῶν
988 1135 1280 1195 ἀνθρωπίνων.
1337 1139 1439 1179 Vide
1470 1152 1572 1192 quos
1596 1140 1646 1179 de
1669 1143 1757 1180 Ηο-

191 1220 325 1257 mero,
355 1210 541 1248 omnium
567 1206 840 1248 doctrinarum
867 1211 1002 1259 fonte,
1032 1207 1202 1247 laudant
1225 1209 1398 1261 interpp.
1430 1207 1483 1247 ad
1504 1209 1663 1256 Quinct.
1688 1210 1756 1259 10,

195 1277 234 1326 1,
254 1274 326 1317 46.
355 1275 414 1329 (p.
439 1275 510 1318 45.
542 1276 606 1316 ed.
630 1277 832 1330 Frotsch.)
862 1279 1018 1317 Fabric.
1037 1278 1146 1316 Bibl.
1166 1277 1235 1315 Gr.
1253 1278 1295 1326 2,
1317 1279 1371 1327 6.,
1399 1278 1572 1330 Dionys.
1591 1278 1685 1316 Hal.
1705 1275 1757 1315 de

193 1345 382 1398 Compos.
402 1346 514 1384 verb.
532 1347 676 1395 XXIV,
708 1346 766 1399 (p.
786 1347 885 1388 370.
907 1346 971 1385 ed.
991 1345 1173 1398 Schaef.)
1190 1375 1201 1395 ,
1230 1343 1416 1383 Eustath.
1441 1346 1483 1382 in
1502 1359 1681 1398 prooem.
1704 1344 1757 1383 ad

193 1412 340 1466 Odyss-
359 1427 403 1466 p.
435 1414 584 1463 1379„
616 1415 757 1453 Manil.
787 1415 948 1455 Astron.
967 1417 1008 1465 2,
1041 1416 1104 1465 8.,
1137 1414 1283 1468 quibus
1304 1412 1428 1452 addas
1449 1415 1559 1466 Lips.
1581 1413 1634 1452 ad
1653 1415 1756 1454 vell.

191 1483 347 1520 Paterc-
370 1483 407 1532 1,
427 1482 480 1533 5.‚
499 1484 604 1521 Plin.
628 1485 680 1522 H.
691 1485 741 1524 N.
756 1482 825 1532 25,
845 1485 887 1525 2.
907 1485 1020 1535 Gisp.
1037 1483 1184 1535 Cuperi
1199 1480 1351 1534 Apoth.
1368 1484 1534 1520 Homeri
1556 1484 1600 1520 in
1611 1483 1757 1521 Polen.

193 1549 320 1590 Thes.
338 1551 390 1587 Π.
410 1563 451 1602 p.
473 1551 568 1593 100.
589 1551 689 1594 303.
705 1580 716 1601 ,
761 1553 891 1603 Ilgen.
912 1553 1058 1605 Opusc.
1076 1550 1221 1604 philol.
1244 1553 1275 1588 I.
1302 1565 1342 1603 p.
1365 1553 1463 1593 106.
1522 1552 1687 1590 Astium
1705 1550 1757 1590 de

190 1620 296 1657 Plat.
317 1617 490 1660 Phaedr.
512 1633 554 1671 p.
576 1617 659 1669 54„
689 1621 996 1672 Baumgarten-
1009 1620 1123 1658 Crus.
1147 1620 1190 1656 in
1211 1617 1353 1658 Jahnii
1372 1618 1542 1658 Jahrbb.
1556 1620 1587 1657 f.
1602 1618 1754 1658 Philol.

190 1701 232 1726 u.
251 1680 428 1739 Paedag.
450 1687 574 1728 1827.
598 1690 631 1726 Ι.
653 1689 695 1729 2.
717 1701 760 1740 p.
776 1686 847 1730 40.
903 1690 959 1728 At
978 1702 1030 1726 ne
1058 1688 1149 1740 quis
1171 1686 1220 1724 de
1243 1689 1441 1726 sermonis
1462 1687 1757 1727 consuetudine

192 1755 371 1806 dubitet,
410 1756 521 1807 legat
550 1756 740 1808 exempla
775 1757 948 1794 similia:
976 1755 1093 1795 Ovid.
1126 1757 1225 1793 Met.
1257 1757 1325 1804 10,
1362 1756 1461 1797 290.
1527 1757 1632 1794 Tam
1664 1770 1756 1794 vero

192 1825 382 1877 Paphius
389 1824 628 1876 plenissima
646 1825 822 1876 concipit
839 1825 955 1863 heros
978 1823 1131 1871 Verba,
1153 1822 1301 1876 quibus
1325 1823 1473 1862 Veneri
1486 1831 1626 1877 grates
1636 1832 1752 1877 agat.

192 1895 307 1932 Caes.
327 1894 377 1931 B.
406 1893 492 1931 civ.
525 1894 564 1943 1,
594 1892 663 1934 53.
721 1894 843 1931 Haec
858 1893 1119 1945 —pleniora
1143 1900 1266 1945 atque
1284 1892 1468 1931 uberiora
1495 1895 1676 1932 Romam
1700 1894 1760 1932 ad

191 1976 284 2001 suos
301 1960 619 2014 per-scribebant.
681 1962 764 2000 Cic.
794 1963 905 2001 Brut.
938 1961 1008 2011 44,
1040 1960 1137 2004 164.
1167 1963 1306 2013 capita
1331 1976 1466 2000 rerum
1499 1970 1536 2000 et
1565 1964 1757 2000 orationis

192 2031 522 2069 commentarium
543 2029 674 2080 paulo
693 2030 873 2081 plenius.
906 2032 1074 2079 Quintil.
1097 2033 1195 2070 Inst.
1225 2032 1293 2081 10,
1323 2033 1361 2082 1,
1385 2032 1453 2072 91.
1482 2031 1635 2069 ,Dicent
1655 2029 1757 2068 haee

186 2098 353 2150 plenius
359 2097 514 2149 satura
531 2097 709 2136 saecula.
745 2099 814 2138 Sic
832 2101 985 2138 Lucan.
1007 2102 1049 2149 7,
1070 2099 1170 2140 738.
1206 2099 1386 2137 Victoria
1403 2099 1542 2150 plena.
1570 2100 1752 2137 Lactant-

190 2169 291 2206 Inst.
309 2165 350 2216 5,
374 2167 441 2215 17,
464 2167 505 2206 2.
527 2179 682 2216 parum
695 2166 818 2217 plene
835 2167 1071 2218 respondere
1090 2174 1131 2205 et
1149 2165 1191 2217 4,
1210 2167 1279 2216 30,
1301 2166 1368 2208 14.
1385 2175 1528 2219 postea
1539 2167 1707 2218 plenius
1717 2163 1754 2215 ¹⁸¹)

283 2299 324 2344 ³¹⁸)
347 2298 462 2333 Aliter
495 2302 613 2334 tamen
639 2311 683 2337 ac
715 2310 780 2334 nos
810 2299 1019 2344 Dorighello
1041 2299 1299 2345 interpretatur
1329 2311 1410 2335 voc.
1443 2299 1615 2346 plenius,
1647 2310 1754 2346 quum

190 2357 297 2394 dicit:
322 2356 506 2404 „exempla
522 2358 565 2392 ab
582 2357 738 2392 Homero
762 2356 870 2392 allata
893 2357 997 2392 altius
1018 2357 1120 2402 infigi
1142 2356 1332 2401 legentium
1357 2358 1493 2402 animis,
1516 2368 1621 2403 quam
1636 2357 1752 2404 philo·

190 2415 382 2464 sophorum
395 2421 588 2463 praecepta
603 2415 704 2451 arida
720 2418 756 2450 et
769 2414 975 2450 inornata.“
1021 2414 1193 2449 Similiter
1209 2414 1334 2448 Bauer
1349 2413 1374 2448 l.
1391 2414 1416 2448 l.
1443 2415 1602 2460 „Nescio
1618 2419 1750 2462 tamen,

190 2474 366 2520 quomodo
386 2473 532 2519 plenius
555 2472 772 2519 praeplacet,
797 2477 838 2508 ut
863 2478 900 2508 et
925 2473 1065 2518 dignius
1081 2473 1183 2519 copia
1198 2472 1327 2518 poetae
1351 2476 1388 2507 et
1409 2471 1694 2517 magnificentia,
1718 2476 1754 2507 et

191 2531 303 2577 magis
327 2532 505 2566 diversum
531 2529 799 2577 philosophicae
825 2531 1009 2577 jejunitati
1034 2530 1131 2575 exili,
1164 2541 1231 2564 nec
1262 2530 1377 2565 minus
1410 2534 1532 2576 aptum
1564 2530 1688 2576 copiae
1716 2534 1753 2564 et

193 2589 359 2623 varietati
381 2589 540 2634 Homeri,
562 2600 634 2634 qua
656 2599 899 2635 personarum,
923 2599 993 2634 qua
1015 2600 1211 2633 causarum,
1243 2599 1314 2634 qua
1336 2598 1502 2623 sensuum
1523 2592 1631 2633 atque
1645 2598 1750 2633 prae-

194 2651 389 2692 ceptorum.
434 2646 535 2687 Quid
567 2648 660 2682 enim
688 2645 922 2691 frequentius,
946 2646 1114 2681 Ciceroni
1137 2656 1291 2691 quoque,
1327 2656 1444 2691 quam,
1478 2650 1520 2680 ut
1546 2645 1749 2680 oratoribus

194 2708 325 2749 quanto
351 2715 435 2748 ergo
469 2704 578 2749 magis
601 2705 739 2750 poetis!
768 2704 948 2739 tribuatur
972 2716 1011 2738 os
1031 2705 1194 2749 plenum,
1228 2703 1371 2737 ubertas
1400 2702 1569 2738 dicendi?
1593 2722 1642 2729 -—-
1670 2702 1751 2739 Nec

194 2766 311 2796 tamen
330 2760 477 2806 plenius
501 2772 579 2795 cum
595 2762 749 2798 Baxtero
774 2761 953 2797 retulerim
978 2762 1024 2796 ad
1046 2759 1319 2806 magnitudinem
1341 2759 1435 2804 libri,
1461 2772 1530 2806 qua
1546 2766 1750 2808 superatum

192 2820 238 2854 ab
264 2817 467 2864 Chrysippo
491 2822 528 2853 et
552 2818 729 2855 Crantore
750 2820 885 2855 scribat
908 2819 1113 2854 Homerum.
1161 2819 1254 2852 Nam
1279 2828 1394 2862 neque
1416 2817 1479 2853 hos
1496 2819 1619 2864 utique
1635 2818 1748 2852 nomi-

193 2876 302 2912 natim
322 2875 439 2911 innuit
459 2875 642 2922 Horatius,
664 2877 781 2923 immo,
805 2889 869 2913 suo
894 2889 1001 2923 more,
1026 2889 1091 2923 pro
1117 2886 1248 2921 genere
1270 2874 1436 2910 universo
1459 2875 1747 2923 philosophorum

192 2934 314 2981 ponit3
344 2944 460 2978 neque
487 2933 689 2978 magnitudo
715 2935 800 2970 libri
821 2936 972 2981 plenum
1003 2945 1082 2968 eum
1110 2932 1326 2978 reddiderit,
1371 2933 1571 2980 copiosum,
1606 2935 1747 2968 uberem

192 2993 299 3027 rebus
315 2996 352 3026 et
374 2990 578 3033 sementim
598 2991 700 3027 immo
724 2993 962 3039 prolixitatem
985 2991 1098 3036 magis
1119 2990 1316 3037 arguerit.“
1330 3010 1378 3017 -—

1264 3046 1470 3103 m*ffio
