2028 3268
328 252 408 294 148
436 256 801 294 COMMENTARII
823 257 877 292 IN
894 255 1111 292 HORATH
1133 255 1306 294 Ems'r.
1336 256 1552 296 SECUND.
1580 258 1730 298 1.113.1.
1787 255 1840 301 42

326 370 386 406 Ita
406 369 487 406 Cic.
505 369 627 406 Tusc.
649 367 687 415 5,
707 366 746 414 3,
767 368 809 406 7.
866 366 1008 416 Itaque
1027 372 1064 402 et
1083 365 1173 403 illos
1194 372 1364 416 septem,
1392 368 1462 417 qui
1475 380 1503 404 a
1529 367 1693 406 Graecis
1710 367 1843 418 σοφοί,

326 437 519 486 sapientes
551 448 579 471 a
603 434 744 470 nostris
771 439 807 468 et
830 431 1077 470 habebantur
1103 441 1141 470 et
1174 432 1505 480 nominabantur,
1533 442 1570 471 et
1593 435 1728 472 multis
1751 441 1844 472 ante

325 502 494 539 saeculis
523 502 779 551 lycurgum,
815 501 930 546 cujus
962 499 1197 550 temporibus
1221 502 1419 537 Homerus
1453 501 1570 538 etiam
1587 503 1721 553 fuisse
1753 508 1844 538 ante

326 569 432 606 lianc
454 567 589 606 urbem
617 566 816 603 conditam
845 567 1041 612 traditur,
1070 568 1188 604 etiam
1208 567 1372 604 heroicis
1398 567 1594 605 aetatibus
1623 569 1776 605 Ulixem
1809 575 1846 604 et

327 636 556 679 Nestorem,
583 633 807 682 accepimus
832 640 868 669 et
884 633 1018 684 fuisse
1043 640 1079 670 et
1096 633 1252 670 habitos
1277 647 1356 671 esse
1381 635 1584 684 sapientes.
1617 641 1658 672 et
1678 635 1842 683 Seneca,

327 702 456 754 (cujus
486 701 620 738 locum
647 700 768 750 paulo
794 700 897 738 infra
922 714 959 738 v.
984 701 1048 741 18.
1073 699 1287 751 dabimus).
1344 702 1471 748 Quam
1488 702 1566 738 late
1584 702 1754 754 patuerit
1778 713 1844 738 sa-

326 769 496 820 pientiae
510 796 521 816 ,
551 765 715 817 σοφίας,
743 780 910 816 nomen,
939 766 1088 804 indicat
1109 769 1231 806 Poeta
1255 769 1297 804 in
1314 769 1362 804 A.
1378 769 1423 804 P.
1443 769 1526 808 396
1548 781 1633 820 sqq.
1662 769 1720 808 Cf.
1748 768 1844 804 Mil-

325 834 481 872 hauser.
516 834 564 871 de
594 833 869 884 Sophistcirum
893 835 1133 872 Graecorum
1150 835 1312 885 origine.
1353 836 1461 886 Lips.
1484 834 1602 875 1834.
1630 849 1671 886 p.
1696 836 1723 875 9
1754 846 1842 886 sqq.

325 903 455 940 Beier.
479 899 529 938 ad
551 901 632 938 cic.
652 899 701 938 de
720 900 821 939 offic.
842 901 882 949 3,
902 899 942 948 4,
963 902 1031 940 16.
1070 901 1206 939 Virtus
1230 900 1273 939 h.
1298 902 1327 938 l.
1347 902 1580 952 intelligitur
1607 902 1845 938 Graecorum

325 964 510 1022 ἄνδρεία;
548 974 595 1005 ut
621 974 775 1005 notum.
804 989 857 995 —-
898 969 943 1006 V.
975 967 1042 1007 18.
1095 968 1199 1005 Utile
1231 975 1364 1005 autem
1394 967 1496 1005 dixit
1523 970 1617 1006 Hor.
1647 967 1846 1018 exemplar

324 1037 506 1084 Ulixem,
535 1035 681 1086 quippe
704 1036 773 1087 qui
792 1034 843 1072 ad
860 1033 1098 1071 imitandum
1119 1035 1219 1072 bene
1243 1035 1357 1074 nobis
1386 1035 1606 1086 propositus
1632 1041 1757 1082 esset,
1785 1038 1843 1081 ut,

325 1103 360 1141 si
382 1115 474 1140 eum
494 1114 750 1153 sequeremur
769 1101 934 1150 ducem,
960 1113 1148 1152 magnam
1165 1100 1258 1138 inde
1277 1101 1329 1139 ad
1348 1103 1425 1140 alte
1445 1100 1705 1154 spectandum
1728 1107 1767 1138 et
1793 1098 1845 1136 ad

326 1183 387 1208 res
416 1169 588 1207 humiles
619 1167 850 1219 fugiendas,
878 1168 1152 1219 imprimisque
1180 1167 1231 1205 ad
1251 1181 1312 1207 res
1329 1168 1511 1207 adversas
1533 1170 1685 1207 fortiter
1703 1180 1844 1218 perpe·-

325 1235 479 1275 tiendas
509 1248 737 1287 caperemus
770 1236 994 1272 utilitatem.
1049 1235 1118 1273 Sic
1147 1235 1280 1273 Cicero
1301 1234 1351 1272 de
1370 1237 1538 1287 Republ.
1558 1237 1595 1285 1,
1621 1235 1659 1275 1.
1687 1235 1742 1271 Μ.
1766 1234 1844 1270 Ca-

325 1311 460 1343 tonem
487 1301 624 1340 laudat
651 1316 765 1351 eum,
806 1316 883 1354 quo
914 1315 1046 1339 omnes
1066 1323 1118 1330 —-
1139 1303 1256 1353 quasi
1285 1303 1498 1353 exemplari
1521 1303 1579 1340 ad
1608 1301 1846 1339 industriam

326 1373 584 1422 virtutemque
597 1371 782 1408 ducimur
788 1384 805 1418 ,·
834 1368 913 1408 vid.
933 1370 991 1407 ibi
1007 1370 1165 1416 Moser„
1183 1375 1221 1405 et
1238 1369 1423 1407 Horatius
1441 1371 1491 1408 A.
1512 1371 1559 1407 P.
1570 1369 1667 1409 317.
1686 1367 1846 1405 doctum

324 1439 565 1476 imitatorem
591 1438 801 1488 Respicere
828 1437 1026 1487 exemplar
1043 1437 1149 1474 vitae
1169 1449 1397 1486 morumque
1415 1436 1548 1486 jubet3
1570 1436 1621 1474 cf.
1643 1436 1719 1486 Ep.
1739 1435 1781 1482 2,
1805 1433 1846 1482 1,

327 1505 396 1546 58.
450 1503 600 1552 Quodsi
625 1505 842 1543 Lambinus
870 1503 1019 1542 attendi
1043 1503 1156 1553 jubet
1184 1502 1242 1554 (et
1272 1510 1376 1540 recte
1401 1502 1580 1556 quidem)
1606 1502 1846 1541 vocabulum
1867 1506 1870 1507 ’

328 1573 582 1622 exemplaris,
612 1585 692 1624 quo
722 1574 774 1609 H.
796 1584 891 1609 usus
915 1572 987 1620 sit,
1015 1583 1096 1608 11011
1126 1570 1292 1620 exempli
1301 1597 1319 1614 ,
1346 1582 1482 1607 vereor
1503 1576 1659 1618 tamen,
1687 1575 1733 1606 ut
1754 1567 1846 1605 ubi-

327 1651 405 1691 que
431 1645 608 1676 servetur
633 1637 711 1677 hoc
739 1639 944 1690 utriusque
975 1637 1159 1675 vocabuli
1189 1635 1414 1674 fflscrimen.
1470 1636 1561 1676 vid.
1585 1647 1683 1688 quos
1709 1634 1846 1672 laudat

327 1706 457 1743 Beier.
484 1704 536 1742 ad
558 1706 639 1742 Cic.
659 1705 736 1743 Off.
758 1706 799 1753 3,
822 1706 887 1753 17,
907 1703 976 1744 69.
993 1710 1032 1741 et
1054 1704 1105 1740 cf.
1122 1704 1267 1754 Grysar
1287 1702 1461 1741 Theorie
1477 1702 1545 1741 des
1565 1703 1633 1740 lat.
1651 1702 1759 1753 Styls
1773 1708 1846 1739 etc.

327 1787 368 1824 p.
394 1773 490 1812 285.
544 1773 618 1809 Est
643 1772 782 1809 Ulixes
810 1783 863 1808 ex
886 1777 1019 1807 mente
1047 1771 1200 1807 Horatii
1227 1771 1420 1820 specimen
1453 1768 1654 1820 quoddam
1679 1767 1846 1806 humani

328 1841 484 1891 generis
507 1852 554 1876 eo
576 1839 659 1875 fere
685 1850 827 1886 sensu,
857 1849 936 1889 quo
969 1837 1103 1874 Cicero
1130 1837 1252 1874 Tusc.
1284 1836 1343 1888 (1,
1376 1835 1441 1884 15,
1472 1836 1542 1876 32.
1568 1836 1665 1887 ibiq.
1695 1834 1846 1887 Klotz.)

328 1908 522 1958 specimen
543 1912 711 1942 naturae
733 1906 826 1954 capi
849 1904 980 1941 decere
1000 1904 1111 1940 docet
1132 1917 1178 1940 ex
1199 1910 1361 1953 optuma
1383 1916 1539 1954 quaque
1564 1909 1724 1940 natura.
1782 1901 1848 1940 Ad

330 1987 414 2012 rem
431 1996 487 2002 -—
507 1973 682 2018 Seneca,
711 1970 819 2024 quod
846 1972 890 2008 in
922 1971 1100 2022 Sapien‘t.
1128 1983 1210 2007 11011
1240 1970 1342 2008 cadit
1367 1971 1484 2019 injur.
1515 1982 1550 2006 c.
1580 1971 1622 2008 2.
1662 1968 1848 2005 Catonem

329 2048 460 2078 autem
482 2040 622 2076 certius
640 2039 839 2088 exemplar
864 2038 1052 2087 sapientis
1072 2038 1150 2074 viri
1173 2036 1283 2073 nobis
1309 2037 1399 2074 deos
1420 2034 1658 2072 immortales
1681 2034 1848 2082 dedisse,

330 2121 452 2159 quam
488 2107 642 2143 Ulixem
676 2112 715 2142 et
748 2104 965 2141 Herculem
1000 2102 1202 2154 prioribus
1238 2102 1418 2140 saeculis.
1477 2103 1568 2140 Hos
1597 2103 1701 2139 enim
1726 2102 1850 2139 Stoici

331 2175 456 2213 nostri
491 2174 685 2223 sapientes
708 2173 1093 2222 pronuntiaverunt,
1129 2171 1294 2207 invictos
1317 2169 1545 2215 laboribus,
1574 2175 1849 2218 contemptores

331 2241 548 2292 voluptatis
584 2246 622 2276 et
652 2240 814 2277 victores
839 2239 1016 2275 omnium
1052 2245 1257 2278 terrarum.
1323 2239 1507 2275 Ceterum
1538 2236 1667 2273 Ulixis
1699 2247 1847 2272 errores

333 2309 639 2358 omnitempore
657 2305 887 2356 exemplum
908 2306 1068 2342 fuerunt
1095 2306 1199 2342 vitae
1222 2311 1260 2341 et
1283 2306 1392 2342 varia
1415 2305 1572 2342 fortuna
1592 2309 1631 2339 et
1654 2302 1846 2339 erroribus

334 2382 464 2422 actae3
491 2373 574 2412 vid.
599 2375 675 2411 Dio
699 2371 839 2424 Chrys.
866 2373 936 2409 XI.
958 2386 998 2423 p.
1027 2371 1124 2412 320.
1150 2371 1312 2409 Lucian.
1335 2373 1424 2410 Ver.
1445 2372 1546 2408 Hist.
1577 2369 1614 2418 1,
1640 2369 1679 2408 3.
1707 2369 1846 2420 Eurip.

333 2441 483 2480 Troad.
502 2439 598 2481 448.
627 2440 689 2478 Cf.
709 2442 826 2491 Prop.
845 2438 886 2487 3,
905 2439 972 2487 10,
989 2439 1044 2479 23
1059 2450 1146 2490 sqq.
1172 2440 1310 2477 Burm.
1342 2435 1398 2488 (3,
1423 2437 1488 2485 11,
1507 2435 1576 2477 23.
1595 2433 1725 2488 Pald.)
1754 2435 1846 2474 Tib.

335 2507 375 2558 4,
399 2511 435 2558 1,
460 2507 514 2548 49
533 2519 621 2560 sqq.

445 2577 493 2614 V.
511 2575 563 2615 19
578 2596 628 2602 -
641 2574 710 2614 20.
742 2573 823 2622 Qui
835 2571 1001 2609 domitor
1012 2571 1258 2620 —inspexit.
1316 2569 1500 2606 Domitor
1525 2569 1591 2606 Tr.
1615 2567 1642 2606 i.
1660 2581 1695 2605 e.
1715 2568 1849 2608 πτολί-

336 2645 510 2694 πορθος,
546 2641 639 2693 quia
673 2640 768 2692 equi
803 2639 926 2690 lignei
955 2637 1186 2675 aedificandi
1221 2642 1355 2674 auctor
1383 2636 1482 2682 fuit3
1517 2633 1599 2672 vid.
1631 2632 1849 2672 Mitscherl.

338 2709 390 2746 ad
417 2707 488 2746 Od.
512 2709 548 2756 1,
582 2707 648 2755 15,
675 2706 772 2755 23.;
804 2707 855 2744 cf.
881 2703 1021 2756 Odyss.
1043 2703 1084 2753 4,
1108 2705 1202 2743 271.
1234 2705 1368 2754 ibique
1395 2699 1568 2739 Nitzsoh.
1592 2707 1631 2738 et
1652 2701 1720 2749 22,
1751 2701 1848 2741 230.

337 2777 445 2825 Virg.
466 2776 565 2811 Aen.
587 2775 627 2821 2,
653 2774 751 2813 261.
805 2771 1011 2823 Expressit
1028 2769 1167 2822 Odyss.
1196 2771 1233 2819 1,
1259 2772 1300 2810 2.
1319 2768 1402 2810 ἐπεὶ
1429 2769 1572 2822 Τροίης
1593 2765 1700 2820 ἱερόν
1715 2768 1849 2807 πτολί-

341 2847 463 2894 εθρον
493 2839 652 2892 ἔπερσεν
662 2868 673 2888 ‚
702 2840 837 2891 ibique
862 2835 1054 2885 Nitzsoh.‚
1084 2837 1135 2878 cf.
1161 2837 1201 2886 8,
1224 2835 1305 2877 494
1332 2850 1386 2874 ss.
1440 2838 1502 2874 lta
1533 2836 1614 2872 cic.
1640 2835 1768 2886 Epist.
1796 2834 1848 2872 ad

340 2911 450 2947 Fam.
476 2908 541 2955 10,
565 2905 633 2946 13·
672 2907 731 2943 Tu
748 2913 921 2944 contexes
939 2911 1107 2942 extrema
1123 2905 1380 2954 cumprimis.
1447 2903 1527 2954 Qui
1544 2902 1646 2939 enim
1664 2902 1729 2939 M.
1754 2900 1850 2939 An-
