2028 3268
301 257 692 298 COMMENTARH.
720 259 775 296 IN
794 257 1017 296 HORATII
1043 255 1215 295 EPIST.
1250 256 1394 294 PRIM.
1421 256 1524 294 LIB.
1551 257 1584 294 1.
1644 251 1723 294 101

167 370 236 412 hic
254 370 357 411 ludit
375 373 428 410 H.
447 371 491 409 in
513 371 776 423 ambiguitate
794 384 883 409 voc.
910 371 1108 408 insaniae.
1171 370 1298 409 Stoici
1316 369 1394 421 ipsi
1418 370 1522 406 inter
1535 367 1724 420 furorem

167 442 234 481 vel
251 441 491 479 dementiam
503 447 543 478 et
559 441 764 478 insaniam
773 440 840 477 vel
857 438 1072 477 stultitiam
1085 452 1169 477 non
1186 439 1364 476 multum
1378 438 1573 476 interesse
1592 443 1722 475 statu-

165 510 299 560 ebant,
321 510 357 548 si
382 508 522 548 audies
544 509 742 548 Senecam
752 504 933 560 Ep.94.:
959 507 1071 545 Inter
1091 508 1296 544 insaniam
1308 505 1524 558 publicam
1539 512 1576 542 et
1595 504 1722 550 hane,

164 591 271 632 quae
289 578 452 616 medicis
474 578 666 623 traditur,
694 576 803 615 nihil
817 577 978 613 interest
990 591 1002 612 .·
1038 577 1120 613 nisi
1137 576 1246 627 quod
1263 575 1364 613 haec
1386 574 1522 614 morbo
1542 572 1722 619 laborat,

163 646 242 685 illa
262 645 519 698 opinionibus
523 647 668 698 falsis.
730 644 878 682 Altera
895 658 1040 682 caasa-s
1058 645 1220 696 fiiroris
1248 646 1372 683 traxit
1396 659 1444 683 ex
1474 642 1722 688 valetudine,

162 714 294 754 altera
313 716 444 754 animi
458 714 572 752 mala
590 713 779 752 valetudo
797 721 866 751 est.
929 713 992 751 Cf.
1012 712 1160 752 Heind.
1178 712 1232 751 ad
1254 714 1340 752 Sat.
1365 715 1414 762 2,
1434 713 1475 762 3,
1496 713 1596 754 220.
1619 711 1720 752 301.

161 790 205 822 et
223 785 358 823 Klotz.
382 783 435 822 ad
457 784 539 821 Cic.
566 783 692 820 Tusc.
707 782 754 832 3,
773 782 814 823 5.
843 783 1026 820 Alteram
1046 782 1240 820 curabant
1257 781 1404 820 medici
1424 783 1490 820 vel
1510 779 1720 832 sanguinis

161 853 356 892 missione
375 853 558 904 (Rupert.
580 850 632 888 ad
648 852 744 889 Juv.
765 852 805 900 6,
829 849 919 904 46.)
938 852 1005 890 vel
1023 849 1232 889 helleboro
1255 849 1357 902 (vid.
1381 849 1530 888 Heiud.
1556 848 1608 887 ad
1632 847 1719 887 Sat.

157 922 213 971 2,
233 922 262 962 3
275 951 286 971 ,
315 922 385 963 82.
409 927 449 959 et
467 918 650 959 Schmid.
672 918 724 957 ad
744 921 875 972 Epist.
893 921 921 960 2
935 949 946 969 ,
977 920 1005 960 2
1018 948 1029 968 ,
1059 918 1167 968 137.,
1196 919 1342 972 quibus
1364 918 1468 957 adde
1490 920 1534 958 S.
1550 916 1719 957 Halme-

161 990 303 1028 manni
326 989 536 1027 Dissertat.
562 985 670 1025 med.
698 985 748 1025 de
769 989 1066 1027 Helleborismo
1086 994 1288 1037 veterum,
1315 989 1428 1040 Lips.
1460 988 1586 1029 1812.
1610 987 1718 1040 typis

158 1059 374 1110 repetitam
394 1058 438 1095 in
470 1055 651 1108 ejusdem
689 1057 871 1106 „Kleiue
895 1056 1042 1095 medic.
1073 1055 1292 1095 Schriften.
1351 1057 1601 1096 Gesammelt
1632 1053 1719 1094 und

156 1123 492 1178 herausgegeben
522 1139 603 1164 von
629 1126 700 1162 Dr.
730 1127 830 1164 Ern.
847 1125 978 1176 Stapf.
1036 1124 1182 1163 Dresd.
1204 1139 1247 1163 u.
1274 1127 1412 1178 Leipz.
1443 1125 1568 1166 1829.
1595 1125 1647 1162 ΙΙ.
1674 1137 1718 1176 p.

159 1194 216 1236 89
241 1207 355 1248 sqq.,
395 1192 477 1235 148
499 1193 608 1248 sqq.)
643 1195 814 1231 alteram
841 1191 1077 1246 philosophi
1102 1193 1268 1231 decretis
1301 1202 1342 1233 et
1363 1195 1608 1246 praecepti-5,
1632 1191 1716 1245 vid.

104 1309 106 1311 v
158 1261 306 1301 Senec.
325 1264 356 1302 1.
366 1263 397 1301 l.
423 1269 464 1300 et
485 1262 568 1300 Cic.
588 1264 617 1300 l.
635 1263 665 1300 l.
695 1262 763 1300 Ita
774 1261 859 1310 sit,
895 1268 942 1299 ut
963 1262 1164 1312 sapientia
1182 1264 1339 1301 sanila-s·
1359 1266 1414 1302 sit
1431 1263 1584 1311 animi,
1616 1261 1717 1299 insi-

152 1332 311 1383 pientia
332 1337 468 1369 autem
491 1331 612 1382 quasi
628 1331 829 1368 insanitas
849 1330 1062 1382 quaedam.
1126 1331 1188 1369 Cf.
1216 1331 1315 1370 ibid.
1338 1332 1388 1376 3.
1415 1332 1457 1373 3.
1480 1328 1530 1380 4,
1560 1331 1632 1371 27.
1658 1351 1716 1359 —-

159 1400 357 1437 curatori-5·
373 1413 402 1437 a
412 1405 596 1450 praetore
614 1398 714 1436 clati.
777 1400 850 1438 His
873 1399 1007 1437 verbis
1028 1398 1277 1450 declaratur,
1308 1401 1380 1453 qui
1402 1400 1528 1437 animi
1547 1398 1715 1437 morbus

155 1466 449 1519 intelligendus
469 1468 522 1506 sit
537 1479 549 1516 3
567 1467 731 1518 furioso
758 1469 867 1505 enim
888 1475 929 1505 et
952 1468 1126 1506 dementi
1143 1477 1301 1508 curator
1317 1470 1434 1522 isque
1454 1481 1527 1520 per
1550 1474 1715 1520 praeto-

156 1549 244 1576 rem
264 1535 474 1575 deficiente
494 1536 678 1586 legitimo
702 1534 871 1574 dabatur
899 1549 952 1573 ex
972 1537 1065 1588 lege
1086 1540 1174 1576 XII.
1203 1538 1455 1586 tabularum,
1482 1538 1625 1574 insano
1646 1536 1715 1574 vel

153 1605 277 1644 stulto
301 1606 330 1646 i.
346 1619 383 1644 e.
416 1603 511 1643 dem
528 1602 846 1656 Blo‘dsinnigen,
888 1606 976 1643 solo
1003 1608 1199 1658 praetoris
1227 1605 1373 1644 edicto.
1432 1606 1525 1657 Ulp.
1546 1606 1708 1656 Fragm.

153 1676 253 1725 XII,
284 1671 410 1716 1—4.
466 1674 690 1726 Utramque
726 1686 814 1711 rem
853 1674 1026 1712 miscent
1053 1675 1315 1727 interpretes,
1356 1673 1429 1712 sed
1460 1672 1543 1712 vid.
1572 1673 1714 1710 Reinii

153 1744 271 1782 Rom.
288 1743 458 1781 Privatr.
477 1755 520 1794 p.
539 1742 639 1783 260.
667 1748 706 1779 et
732 1755 834 1794 quos
851 1742 909 1779 ibi
936 1742 1091 1782 laudat.
1151 1745 1214 1782 Cf.
1237 1743 1385 1782 Heind.
1415 1741 1468 1780 ad
1489 1741 1574 1780 Sat.
1595 1742 1646 1790 2,
1667 1741 1711 1790 3,

152 1813 252 1853 217.
279 1818 320 1849 et
346 1812 578 1848 Zimmerm.
613 1808 855 1849 GeschIchte
891 1810 962 1849 des
990 1813 1108 1850 Ro'm.
1127 1814 1298 1851 Privatr.
1318 1815 1351 1851 Ι.
1376 1826 1418 1864 Ρ.
1438 1810 1522 1852 886
1540 1823 1630 1862 sqq.
1652 1830 1710 1839 —-

149 1881 351 1920 Similiter
363 1881 459 1919 Juv.
476 1877 543 1928 14,
563 1878 647 1920 287
665 1892 756 1932 sqq.
787 1880 945 1918 Pareat
955 1882 1103 1919 tunicis
1121 1882 1214 1919 lic-et
1224 1889 1346 1934 atque
1358 1881 1550 1925 lacernis,
1575 1879 1707 1916 Cura-—

151 1949 250 1988 ''tori‘e
268 1955 372 2002 eget,
405 1949 477 2001 qui
497 1961 642 1985 navem
666 1947 865 1986 mercibus
883 1948 1025 2000 implet
1042 1949 1122 1988 Ad
1140 1965 1343 1988 summum
1370 1950 1478 1987 latus
1507 1954 1543 1985 et
1564 1946 1709 1985 tabula

151 2015 416 2069 distinguitur
446 2017 572 2055 unda.
633 2015 902 2069 Demophilus
934 2031 999 2069 ap.
1032 2019 1155 2056 Orell.
1186 2020 1220 2056 I.
1252 2033 1292 2072 p.
1329 2017 1399 2060 48.
1461 2012 1545 2069 Οὗχ
1579 2014 1709 2065 οὕτως

151 2087 237 2134 τοῖς
254 2080 451 2138 ὀρφανοῖς
463 2084 618 2132 παισὶν,
641 2083 696 2133 ὥς
714 2088 799 2133 τοῖς
816 2080 1005 2137 ἀνοήτοις
1021 2081 1221 2139 ἀνδράσιν
1240 2083 1466 2141 ἐπιτρόπων
1477 2084 1559 2127 ἐστὶ
1577 2084 1704 2138 χρεία.

264 2154 314 2192 V.
347 2152 528 2194 103—5.
559 2167 694 2190 reram
714 2152 841 2190 tutela
866 2174 924 2181 —-
943 2154 1079 2191 amici.
1142 2156 1218 2191 Hic
1248 2156 1362 2193 locus
1387 2153 1572 2192 nondum
1596 2161 1705 2191 recte

147 2221 202 2260 ab
227 2222 513 2274 interpretibus
545 2228 731 2273 acceptus
761 2221 985 2259 Kirelznero
1020 2221 1201 2271 videtur,
1231 2235 1359 2275 quum
1378 2236 1447 2261 eos
1472 2224 1516 2259 in
1542 2223 1705 2269 Quaest-

149 2292 291 2330 Horat.
318 2305 360 2343 p.
380 2290 452 2331 36.
473 2289 574 2328 haec
597 2291 762 2328 ultima:
796 2318 832 2336 ‚,
843 2289 934 2327 Nec
959 2290 1105 2327 medici
1122 2311 1180 2319 -—-—
1207 2304 1341 2327 rerum
1374 2290 1500 2327 tutela
1522 2302 1705 2328 mearum

157 2359 293 2411 Quum
309 2359 374 2411 (tu
392 2357 494 2410 ipse)
515 2360 607 2396 sals-‘⁶
637 2371 731 2396 cum
745 2360 931 2411 sequenti
949 2359 1184 2396 enunciato:
1215 2366 1291 2404 „et
1304 2372 1435 2410 prave
1452 2365 1602 2396 sectum
1620 2365 1704 2396 sto-

148 2428 347 2467 macheria
371 2426 420 2465 ob
446 2432 660 2479 unguem“
688 2441 764 2465 nec
797 2426 851 2465 ad
877 2429 1192 2480 explicationem
1220 2440 1296 2464 nec
1324 2426 1375 2464 ad
1406 2428 1702 2479 oppositionem

148 2503 246 2550 apto
274 2497 459 2549 junxisse
491 2495 609 2546 dicitt,
668 2509 791 2549 quare
822 2497 893 2535 Vir
926 2496 1182 2534 doctissimus
1214 2496 1258 2532 in
1287 2496 1482 2547 scriptura
1518 2502 1702 2535 veterum

148 2566 305 2618 aliquot
313 2564 552 2604 Editionum
561 2566 716 2603 innisus
729 2578 894 2603 sensmn
912 2566 992 2603 loci
1007 2572 1046 2602 et
1064 2565 1402 2603 constructionem
1414 2563 1466 2602 ad
1476 2565 1700 2617 genuinum

143 2646 269 2672 suum
284 2634 479 2682 nitorem,
509 2632 765 2673 distinctione
780 2640 872 2686 post
888 2634 943 2670 sis
961 2633 1067 2670 facta
1079 2662 1090 2682 ‚
1121 2633 1198 2670 sibi
1217 2634 1327 2672 visus
1349 2640 1409 2672 est
1427 2635 1636 2673 restituere
1654 2636 1699 2673 in

145 2699 258 2740 hunc
278 2699 470 2740 modum:
506 2702 597 2740 Nec
615 2725 674 2731 —
698 2702 814 2750 dati,
843 2716 978 2739 rerum
996 2724 1054 2730 -—
1079 2701 1214 2751 Quum
1240 2702 1319 2749 δίε,-
1349 2709 1387 2738 et
1393 2715 1525 2753 prave
1547 2710 1698 2742 sectum

145 2769 410 2808 stomacharis
422 2769 654 2823 obtinguem
662 2772 730 2809 De
739 2779 775 2808 te
778 2771 993 2822 prudentis
994 2799 1012 2817 ,
1028 2778 1064 2808 te
1071 2770 1313 2820 respicientis
1327 2771 1461 2809 amici.
1472 2773 1530 2820 „Q
1536 2773 1697 2826 uippe‚“

146 2837 304 2891 inquit,
343 2837 423 2886 „in
448 2839 769 2878 enuntiatorum:
808 2839 899 2877 Nec·
921 2838 1047 2876 credis
1063 2861 1121 2867 -—
1140 2851 1269 2890 egere,
1298 2845 1336 2875 et
1356 2840 1619 2879 stomacharis
1638 2864 1696 2870 —-

143 2906 438 2959 compositione
455 2908 652 2959 particula
672 2916 708 2946 et
723 2908 1017 2947 adversativam
1030 2908 1115 2944 vim
1135 2906 1271 2956 habet,
1298 2908 1327 2944 i.
1348 2920 1389 2960 q.
1405 2907 1494 2955 sed,
1508 2915 1554 2947 ut
1574 2922 1695 2961 saepe

146 2980 240 3027 post
257 2975 515 3028 negationem
530 2976 586 3025 (v.
605 2975 689 3017 Th.
708 2975 890 3018 Schmid.
911 2975 964 3015 ad
983 2977 1113 3029 Epist.
1138 2978 1186 3025 2,
1206 2978 1229 3018 1
1245 3006 1255 3026 ,
1277 2977 1370 3027 53„
1399 2975 1525 3017 Jahn.
1544 2977 1596 3015 ad
1618 2976 1693 3017 Od.
