2028 3268
393 255 446 298 74
534 260 895 298 COMMENTARH
921 263 974 298 IN
1002 261 1218 298 HORA'rn
1247 261 1417 298 EPIST.
1442 262 1581 299 PRIM.
1607 264 1705 299 ΜΒ.
1734 264 1765 300 1.

391 383 626 420 „properem
653 370 865 417 ditesceret,
901 371 968 422 qui
991 371 1033 407 in
1051 372 1167 422 plebe
1185 384 1392 409 mansurus
1421 372 1516 420 sim,
1549 373 1584 409 si
1601 373 1773 424 equestri
1791 385 1903 411 sum-

389 449 479 472 mae
503 436 878 487 quadringentorum
906 439 1079 476 millium
1103 441 1168 476 vel
1195 439 1407 474 minimum
1439 437 1575 475 desit“
1608 445 1682 476 etc.
1738 441 1791 477 At
1811 447 1903 477 sunt

391 504 520 553 potius
544 504 662 539 verba
687 505 858 551 Horatii,
903 506 971 555 qui
1000 518 1103 543 novo
1134 511 1364 556 argumento
1393 511 1510 555 atque
1543 507 1725 556 exemplo
1756 506 1904 544 ordinis

391 570 582 620 equestris
603 583 740 606 vocem
760 572 896 607 illam:
933 572 969 609 O
988 573 1091 608 cives
1111 579 1182 609 etc.
1203 585 1273 608 seu
1295 584 1430 607 veram
1449 584 1519 608 seu
1538 574 1799 610 necessariam
1819 586 1904 610 esse

393 635 526 683 docet3
563 638 708 687 quippe
743 650 842 688 quae
878 638 942 674 vel
968 639 1058 688 lege
1087 638 1259 690 quadam
1290 639 1500 674 sanciatur.
1556 639 1717 675 Etenim
1730 641 1772 676 in
1807 653 1898 676 eum

391 703 571 740 ordinem
593 716 644 739 ex
666 705 754 754 lege
776 705 923 741 tribuni
943 705 1069 755 plebis
1087 707 1132 743 L.
1151 707 1282 743 Roscii
1305 703 1468 742 Othonis
1494 702 1590 754 (vid.
1607 717 1645 741 v.
1666 705 1756 756 62.)
1786 719 1904 743 nemo

391 771 663 821 cooptabatur,
698 771 730 806 si
759 784 896 808 census
923 773 1030 809 illius
1052 774 1181 809 minor
1202 778 1282 808 erat
1307 771 1603 822 quadringentis
1624 772 1801 809 millibus
1820 785 1905 810 ses—

389 839 573 884 tertium,
607 838 633 873 i.
663 850 698 872 e.
724 844 879 874 auctore
901 838 1082 887 Budaeo,
1113 838 1250 875 decem
1272 839 1448 875 millibus
1469 845 1743 875 coronatorum
1762 839 1830 876 vel
1854 852 1905 876 ex

390 905 604 941 rationibus
626 917 648 940 a
665 903 894 940 Wielandio
914 903 1040 943 ductis
1062 906 1225 959 16666}
1234 903 1387 953 thalem,
1416 906 1557 941 rectius
1581 905 1746 942 fortasse
1766 907 1906 947 20000

389 970 486 1007 thal.
524 969 614 1008 Vid.
634 970 759 1007 Rome
779 969 827 1006 de
854 970 962 1007 l'Isle
982 973 1190 1022 metrolog.
1218 973 1364 1009 Tafeln
1388 991 1442 1000 --
1467 984 1536 1008 zur
1560 969 1787 1022 Erklarung
1807 973 1906 1009 alter

390 1037 674 1075 Schriftsteller
697 1037 888 1073 iibersetzt
918 1051 997 1075 von
1027 1039 1193 1087 Grosse,
1222 1041 1296 1076 mit
1323 1040 1480 1089 einigen
1507 1035 1842 1089 Berichtigungen
1865 1052 1904 1076 v.

389 1107 502 1142 Ilofr.
530 1106 716 1142 thstner.
763 1103 1015 1140 Braunschw.
1049 1105 1169 1144 1792.
1194 1119 1232 1156 p.
1257 1106 1351 1146 308.
1410 1105 1469 1142 cf.
1502 1105 1678 1143 Hoched.
1712 1105 1762 1143 ad
1795 1107 1843 1143 A.
1862 1108 1907 1143 P.

388 1173 505 1218 383„
534 1169 699 1207 Eckhel.
725 1172 773 1206 D.
799 1173 847 1207 N.
874 1173 974 1209 Vett.
1004 1173 1050 1210 V.
1084 1185 1122 1221 p.
1144 1173 1211 1211 23.
1235 1173 1302 1212 28.
1336 1179 1374 1209 et
1403 1185 1501 1223 quos
1528 1172 1576 1210 de
1610 1186 1729 1210 censu
1757 1173 1905 1211 ordinis

390 1239 580 1289 equestris
597 1239 704 1274 vario
732 1237 869 1274 laudat
895 1238 1058 1274 Creuzer
1075 1239 1117 1274 in
1135 1237 1281 1276 Abriss
1299 1239 1368 1275 der
1383 1239 1522 1275 Roem.
1546 1240 1689 1291 Antiq.
1715 1237 1751 1291 ᾗ.
1772 1240 1838 1280 88.
1866 1253 1904 1290 p.

392 1304 499 1352 125.,
535 1303 635 1340 adde
655 1305 790 1341 Catan.
813 1303 863 1341 ad
878 1305 981 1341 Plin.
1004 1304 1128 1354 Epist.
1150 1307 1171 1344 1
1188 1333 1199 1352 ,
1229 1306 1302 1354 19,
1322 1305 1360 1345 3.
1392 1305 1452 1342 ed.
1479 1307 1582 1343 Cort.
1611 1308 1658 1343 In
1682 1319 1768 1343 rem
1796 1318 1906 1343 com-

389 1383 482 1421 para
505 1372 596 1408 Juv.
623 1371 667 1418 5,
707 1371 786 1410 132
814 1384 900 1422 sqq.
966 1371 1268 1422 Quadringenta
1289 1372 1361 1409 tibi
1379 1374 1415 1409 si
1441 1373 1530 1423 quis
1561 1373 1656 1410 deu-s·
1675 1379 1748 1409 aut
1765 1372 1906 1410 similis

390 1438 451 1473 dis
470 1438 526 1473 Ec
545 1436 792 1486 meliorsatis
812 1438 975 1474 donaret
991 1437 1199 1475 homuncio
1213 1454 1224 1474 .·
1256 1446 1430 1489 quantas
1453 1440 1517 1475 Ex
1533 1439 1660 1476 nihilo
1669 1440 1792 1488 fieres
1811 1446 1882 1476 ete.
1890 1467 1905 1485 ,

390 1511 429 1539 et
453 1504 506 1539 ib.
534 1503 606 1551 14,
634 1503 716 1543 323
733 1517 820 1555 sqq.
851 1505 955 1554 ffce
976 1518 1172 1541 summam
1190 1506 1267 1542 Bis
1289 1513 1432 1555 septem
1455 1506 1674 1552 ordinibus,
1704 1520 1824 1558 quam
1844 1506 1906 1543 lex

389 1571 581 1620 dignatur
609 1570 772 1607 Othonis
794 1593 850 1599 -—
870 1572 919 1608 cf.
942 1574 980 1619 1,
1005 1573 1098 1611 106.
1121 1574 1168 1619 2,
1190 1574 1283 1612 117.
1305 1572 1351 1620 3,
1376 1571 1456 1613 154
1476 1586 1563 1625 sqq.
1580 1595 1636 1601 -—
1652 1573 1765 1620 Quod
1782 1575 1905 1611 Lam-

390 1637 519 1683 binus,
541 1649 700 1673 suasore
723 1638 883 1674 Juliano
907 1637 1097 1685 Mediceo,
1121 1637 1310 1688 distingui
1331 1641 1440 1676 vult:
1478 1641 1525 1677 Si
1543 1641 1685 1691 quadr.
1715 1653 1798 1685 sex,
1816 1653 1904 1689 sep—-

391 1710 466 1738 lem
484 1724 540 1730 —
560 1704 587 1738 i.
602 1716 636 1738 e.
660 1705 694 1740 si
720 1703 1015 1754 quadringentis
1036 1705 1213 1742 millibus
1236 1705 1345 1742 deest
1362 1720 1488 1743 unum
1506 1709 1631 1755 mille,
1648 1708 1798 1743 factum
1814 1708 1905 1744 nol—

390 1771 485 1806 lem.
515 1771 722 1819 Reperitur
742 1777 780 1807 et
798 1771 900 1807 illud
921 1770 1139 1821 asyndeton
1164 1771 1269 1821 apud
1291 1774 1402 1820 alios,
1425 1781 1468 1810 ut
1488 1774 1600 1811 Ovid.
1618 1775 1713 1811 Met.
1735 1775 1773 1821 6,
1795 1773 1903 1821 133·‚

390 1837 551 1873 Terent.
573 1837 674 1871 Eun.
703 1838 750 1882 2,
777 1837 823 1884 3,
859 1835 927 1878 40.
965 1839 1045 1874 Cic.
1069 1837 1118 1874 ad
1146 1839 1265 1875 Attic.
1296 1841 1370 1887 10,
1399 1842 1437 1880 8.
1457 1842 1662 1878 Praeterea
1679 1841 1816 1891 partic.
1837 1841 1908 1877 sed

391 1917 482 1940 cujn
508 1905 660 1939 Bauero
691 1902 740 1939 ad
762 1903 893 1940 Sanct.
924 1906 1021 1942 Min.
1044 1907 1094 1941 II.
1124 1918 1165 1955 p.
1195 1906 1291 1945 328.
1317 1921 1397 1944 non
1423 1909 1723 1958 explicaverim:
1753 1914 1822 1952 at,
1850 1908 1899 1944 si.

395 1970 477 2007 Sed
493 1971 598 2006 enim
615 1983 694 2006 non
722 1972 906 2020 opponit,
936 1971 1007 2008 sed
1030 1972 1196 2022 apponit
1222 1972 1287 2020 id,
1317 1974 1424 2024 quod
1447 1973 1770 2024 distinguendum
1791 1973 1905 2010 vide-

390 2044 475 2083 tur,
506 2043 550 2072 ut
568 2037 693 2086 Epist.
715 2037 736 2075 1
753 2065 762 2083 ,
788 2038 859 2084 16,
887 2035 977 2086 44.,
1008 2038 1088 2074 vid.
1113 2038 1241 2075 Hand.
1266 2041 1384 2076 Turs.
1409 2043 1440 2077 Ι.
1470 2054 1510 2091 p.
1539 2039 1634 2080 425.
1656 2048 1695 2078 et
1715 2042 1834 2077 Kritz·
1854 2040 1904 2077 ad

391 2104 490 2140 Sall.
508 2104 548 2140 J.
567 2102 633 2149 85,
664 2103 730 2142 15.
761 2103 907 2141 Sensus
939 2107 1060 2155 igitur
1090 2112 1171 2142 est:
1203 2106 1284 2153 „Si
1312 2106 1362 2142 ad
1387 2114 1473 2143 tuas
1496 2109 1681 2155 virtutes,
1712 2115 1905 2158 quotquot

391 2169 525 2216 habes,
547 2168 696 2205 accedit
718 2171 883 2220 exiguae
907 2184 1085 2208 summae
1105 2171 1282 2209 defectus
1297 2173 1503 2211 facultates
1524 2181 1720 2226 equestres
1737 2176 1904 2224 explen-

390 2239 439 2273 tis
451 2238 475 2257 “
497 2237 602 2273 sive:
634 2244 759 2283 „sunt
777 2244 867 2273 tuae
886 2239 959 2275 tibi
977 2241 1139 2275 virtutes
1152 2267 1162 2286 ,
1187 2241 1243 2276 ita
1262 2246 1396 2276 tamen
1409 2270 1419 2288 ‚
1448 2248 1492 2277 ut
1510 2262 1559 2268 —
1576 2261 1633 2269 —-·
1651 2241 1767 2277 Plebs
1785 2242 1903 2277 eris.“

391 2307 475 2350 Qua
505 2318 545 2340 re
576 2316 768 2354 perpensa
796 2312 935 2354 sponte
965 2307 1180 2343 exsultabit
1204 2308 1397 2357 particula
1428 2309 1464 2344 si
1488 2321 1511 2344 a
1538 2309 1739 2344 nonnullis
1765 2321 1804 2344 v.
1832 2307 1901 2347 58.

391 2377 553 2407 retenta.
612 2371 783 2421 cruquio
808 2378 951 2420 autem,
981 2386 1106 2424 quum
1129 2380 1297 2424 quatuor
1311 2372 1430 2421 haec,
1468 2373 1574 2425 quod
1595 2373 1644 2410 ad
1664 2375 1819 2411 lucrum
1838 2375 1901 2411 sa-

392 2437 575 2474 ciendum
601 2445 638 2474 et
659 2445 854 2475 mercatus
872 2441 1031 2489 negotia
1049 2439 1373 2487 desiderarentur,
1401 2441 1518 2476 allata
1538 2440 1725 2488 affirmat,
1746 2441 1903 2478 credere

390 2506 486 2541 noli.
544 2504 634 2542 Vid.
654 2503 716 2541 ed.
742 2507 773 2541 I.
800 2518 840 2555 p.
869 2505 937 2546 54.
967 2508 1086 2543 Recte
1115 2514 1249 2543 autem
1271 2505 1510 2544 scholiastes
1534 2507 1696 2558 Cruquii
1723 2508 1842 2544 verba
1862 2521 1902 2545 v.

392 2571 484 2611 59.:
527 2570 647 2607 Plebs
672 2572 746 2606 eris
756 2598 771 2615 ,
800 2573 1097 2623 interpretatur:
1137 2573 1389 2609 contemneris·
1400 2601 1416 2618 ,
1448 2574 1548 2609 inter
1561 2573 1719 2623 plebem
1743 2582 1904 2624 reputa-

393 2638 492 2674 beris
511 2645 547 2673 et
559 2639 602 2673 in
621 2639 916 2687 quatuordecim
933 2638 1135 2676 ordinibus
1151 2653 1230 2675 non
1247 2637 1407 2675 sedebis.
1439 2641 1542 2676 Nam
1563 2653 1615 2676 ex
1628 2654 1673 2678 eo
1691 2640 1783 2677 inde
1798 2648 1902 2678 tem-—

392 2717 487 2755 pore
524 2705 717 2754 imprimis
759 2705 1026 2744 Gracchorum
1072 2704 1284 2758 (Mamer-t.
1317 2704 1366 2742 de
1399 2707 1610 2756 Equitibus
1643 2709 1830 2744 Romanis
1863 2705 1901 2759 §.

392 2767 587 2812 28-34.
601 2798 612 2818 ‚
640 2771 771 2808 Bac-h.
801 2775 948 2811 Histor.
965 2775 1051 2812 Jur.
1069 2774 1184 2810 Rom.
1205 2771 1267 2809 ed.
1287 2771 1326 2811 5.
1346 2785 1387 2822 p.
1407 2772 1461 2811 87
1476 2773 1603 2825 sqq.),
1634 2787 1712 2826 quo
1746 2775 1899 2825 equites

392 2835 612 2875 secundum
649 2850 740 2873 vere
775 2839 996 2877 efficiebant
1024 2840 1171 2876 civium
1201 2840 1469 2876 Romanorum
1507 2840 1706 2889 ordinem,
1745 2841 1899 2892 plebejo

393 2917 518 2955 paene
537 2909 582 2940 ut
601 2904 721 2954 vulgo
742 2903 970 2944 inhaerebat
990 2907 1100 2945 notio
1128 2905 1322 2959 quaedam
1341 2907 1501 2944 vilitatis
1527 2914 1645 2959 atque
1665 2914 1900 2946 contemtus.
