<?xml version="1.0" encoding="UTF-8"?>
<!DOCTYPE html PUBLIC "-//W3C//DTD XHTML 1.0 Transitional//EN"
    "http://www.w3.org/TR/xhtml1/DTD/xhtml1-transitional.dtd">
<html xmlns="http://www.w3.org/1999/xhtml" xml:lang="en" lang="en">
 <head>
  <title>
</title>
<meta http-equiv="Content-Type" content="text/html;charset=utf-8" />
  <meta name='ocr-system' content='tesseract 3.04.00' />
  <meta name='ocr-capabilities' content='ocr_page ocr_carea ocr_par ocr_line ocrx_word'/>
</head>
<body>
  <div class='ocr_page' id='page_1' title='image "./epistolascomment01horauoft_0321.png"; bbox 0 0 2028 3268; ppageno 0'>
   <div class='ocr_carea' id='block_1_1' title="bbox 105 252 1663 302">
    <p class='ocr_par' dir='ltr' id='par_1_1' title="bbox 105 252 1663 302">
     <span class='ocr_line' id='line_1_1' title="bbox 105 252 1663 302; baseline -0.003 -4"><span class='ocrx_word' id='word_1_1' title='bbox 105 257 166 302; x_wconf 72' lang='lat'><em>27</em></span> <span class='ocrx_word' id='word_1_2' title='bbox 266 252 647 296; x_wconf 81' lang='lat' dir='ltr'><strong>COMMENTARII</strong></span> <span class='ocrx_word' id='word_1_3' title='bbox 673 254 729 295; x_wconf 90' lang='lat' dir='ltr'><em>1N</em></span> <span class='ocrx_word' id='word_1_4' title='bbox 748 253 974 295; x_wconf 84' lang='lat' dir='ltr'><strong>HORATII</strong></span> <span class='ocrx_word' id='word_1_5' title='bbox 993 253 1093 296; x_wconf 91' lang='lat' dir='ltr'><strong>LlB.</strong></span> <span class='ocrx_word' id='word_1_6' title='bbox 1109 255 1140 296; x_wconf 93' lang='grc' dir='ltr'><em>Ι.</em></span> <span class='ocrx_word' id='word_1_7' title='bbox 1161 252 1333 295; x_wconf 91' lang='lat' dir='ltr'><strong>EPIST.</strong></span> <span class='ocrx_word' id='word_1_8' title='bbox 1348 252 1503 297; x_wconf 90' lang='lat' dir='ltr'><strong>SEXT.</strong></span> <span class='ocrx_word' id='word_1_9' title='bbox 1577 252 1663 295; x_wconf 84' lang='lat'><em>295</em></span> 
     </span>
    </p>
   </div>
   <div class='ocr_carea' id='block_1_2' title="bbox 7 379 1670 1737">
    <p class='ocr_par' dir='ltr' id='par_1_2' title="bbox 8 379 1666 777">
     <span class='ocr_line' id='line_1_2' title="bbox 223 379 1666 432; baseline -0.001 -12"><span class='ocrx_word' id='word_1_10' title='bbox 223 379 270 420; x_wconf 85' lang='lat' dir='ltr'><em>V.</em></span> <span class='ocrx_word' id='word_1_11' title='bbox 300 381 342 423; x_wconf 87' lang='lat'><em>3.</em></span> <span class='ocrx_word' id='word_1_12' title='bbox 398 381 528 418; x_wconf 84' lang='lat' dir='ltr'><em>Hunc</em></span> <span class='ocrx_word' id='word_1_13' title='bbox 560 380 754 418; x_wconf 81' lang='lat' dir='ltr'><em>solem—</em></span> <span class='ocrx_word' id='word_1_14' title='bbox 775 381 998 422; x_wconf 87' lang='lat' dir='ltr'><em>momentis.</em></span> <span class='ocrx_word' id='word_1_15' title='bbox 1054 381 1184 419; x_wconf 86' lang='lat' dir='ltr'><em>Hunc</em></span> <span class='ocrx_word' id='word_1_16' title='bbox 1212 380 1335 420; x_wconf 82' lang='lat' dir='ltr'><em>solem</em></span> <span class='ocrx_word' id='word_1_17' title='bbox 1363 382 1389 420; x_wconf 87' lang='lat' dir='ltr'><em>i.</em></span> <span class='ocrx_word' id='word_1_18' title='bbox 1418 393 1454 423; x_wconf 83' lang='lat' dir='ltr'><em>e.</em></span> <span class='ocrx_word' id='word_1_19' title='bbox 1473 379 1534 421; x_wconf 82' lang='lat' dir='ltr'><em>vel</em></span> <span class='ocrx_word' id='word_1_20' title='bbox 1553 393 1666 432; x_wconf 87' lang='lat' dir='ltr'><em>quem</em></span> 
     </span>
     <span class='ocr_line' id='line_1_3' title="bbox 109 446 1666 501; baseline -0.001 -13"><span class='ocrx_word' id='word_1_21' title='bbox 109 451 359 498; x_wconf 66' lang='lat' dir='ltr'><em>admiramur,</em></span> <span class='ocrx_word' id='word_1_22' title='bbox 386 448 445 487; x_wconf 85' lang='lat' dir='ltr'><em>vel</em></span> <span class='ocrx_word' id='word_1_23' title='bbox 479 462 591 500; x_wconf 89' lang='lat' dir='ltr'><em>quem</em></span> <span class='ocrx_word' id='word_1_24' title='bbox 624 450 836 497; x_wconf 84' lang='lat' dir='ltr'><em>cernimus;</em></span> <span class='ocrx_word' id='word_1_25' title='bbox 860 450 916 487; x_wconf 87' lang='lat' dir='ltr'><em>sic</em></span> <span class='ocrx_word' id='word_1_26' title='bbox 953 449 1035 492; x_wconf 87' lang='lat' dir='ltr'><em>Cic.</em></span> <span class='ocrx_word' id='word_1_27' title='bbox 1070 449 1124 489; x_wconf 87' lang='lat' dir='ltr'><em>N.</em></span> <span class='ocrx_word' id='word_1_28' title='bbox 1154 449 1205 492; x_wconf 92' lang='lat' dir='ltr'><em>D.</em></span> <span class='ocrx_word' id='word_1_29' title='bbox 1239 452 1288 501; x_wconf 84' lang='lat'><strong>2,</strong></span> <span class='ocrx_word' id='word_1_30' title='bbox 1328 450 1379 501; x_wconf 87' lang='lat'><em>2,</em></span> <span class='ocrx_word' id='word_1_31' title='bbox 1413 446 1454 492; x_wconf 85' lang='lat'><em>4.</em></span> <span class='ocrx_word' id='word_1_32' title='bbox 1511 448 1666 500; x_wconf 78' lang='lat' dir='ltr'><em>Aspice</em></span> 
     </span>
     <span class='ocr_line' id='line_1_4' title="bbox 8 514 1664 570; baseline 0 -14"><span class='ocrx_word' id='word_1_33' title='bbox 8 522 32 558; x_wconf 57' lang='grc' dir='ltr'>Ε</span> <span class='ocrx_word' id='word_1_34' title='bbox 109 518 184 560; x_wconf 74' lang='lat' dir='ltr'><em>hoc</em></span> <span class='ocrx_word' id='word_1_35' title='bbox 221 516 392 556; x_wconf 81' lang='lat' dir='ltr'><em>sublime</em></span> <span class='ocrx_word' id='word_1_36' title='bbox 428 517 630 564; x_wconf 83' lang='lat' dir='ltr'><em>candens,</em></span> <span class='ocrx_word' id='word_1_37' title='bbox 670 530 789 570; x_wconf 86' lang='lat' dir='ltr'><em>quem</em></span> <span class='ocrx_word' id='word_1_38' title='bbox 827 518 1020 555; x_wconf 75' lang='lat' dir='ltr'><em>invocant</em></span> <span class='ocrx_word' id='word_1_39' title='bbox 1053 517 1200 557; x_wconf 88' lang='lat' dir='ltr'><em>Jovem.</em></span> <span class='ocrx_word' id='word_1_40' title='bbox 1257 519 1316 558; x_wconf 90' lang='lat' dir='ltr'><em>Id.</em></span> <span class='ocrx_word' id='word_1_41' title='bbox 1365 518 1388 558; x_wconf 89' lang='lat'>1</span> <span class='ocrx_word' id='word_1_42' title='bbox 1403 543 1416 568; x_wconf 93' lang='lat'><strong>,</strong></span> <span class='ocrx_word' id='word_1_43' title='bbox 1461 514 1542 569; x_wconf 84' lang='lat'><strong>34,</strong></span> <span class='ocrx_word' id='word_1_44' title='bbox 1593 516 1664 558; x_wconf 87' lang='lat'><em>95.</em></span> 
     </span>
     <span class='ocr_line' id='line_1_5' title="bbox 107 585 1666 640; baseline -0.002 -13.234"><span class='ocrx_word' id='word_1_45' title='bbox 107 585 303 640; x_wconf 83' lang='lat' dir='ltr'><em>(Heind.)</em></span> <span class='ocrx_word' id='word_1_46' title='bbox 337 600 408 624; x_wconf 87' lang='lat' dir='ltr'><em>cur</em></span> <span class='ocrx_word' id='word_1_47' title='bbox 444 594 521 624; x_wconf 87' lang='lat' dir='ltr'><em>aut</em></span> <span class='ocrx_word' id='word_1_48' title='bbox 561 587 605 624; x_wconf 90' lang='lat' dir='ltr'><em>in</em></span> <span class='ocrx_word' id='word_1_49' title='bbox 634 586 756 624; x_wconf 84' lang='lat' dir='ltr'><em>solem</em></span> <span class='ocrx_word' id='word_1_50' title='bbox 784 586 904 624; x_wconf 87' lang='lat' dir='ltr'><em>illum</em></span> <span class='ocrx_word' id='word_1_51' title='bbox 932 593 1007 625; x_wconf 82' lang='lat' dir='ltr'><em>ant</em></span> <span class='ocrx_word' id='word_1_52' title='bbox 1051 586 1096 624; x_wconf 86' lang='lat' dir='ltr'><em>in</em></span> <span class='ocrx_word' id='word_1_53' title='bbox 1138 586 1248 625; x_wconf 79' lang='lat' dir='ltr'><em>hunc</em></span> <span class='ocrx_word' id='word_1_54' title='bbox 1284 586 1484 624; x_wconf 83' lang='lat' dir='ltr'><em>mundum</em></span> <span class='ocrx_word' id='word_1_55' title='bbox 1524 585 1666 628; x_wconf 85' lang='lat' dir='ltr'><em>cadere</em></span> 
     </span>
     <span class='ocr_line' id='line_1_6' title="bbox 109 654 1666 709; baseline -0.002 -14.173"><span class='ocrx_word' id='word_1_56' title='bbox 109 669 191 695; x_wconf 86' lang='lat' dir='ltr'><em>non</em></span> <span class='ocrx_word' id='word_1_57' title='bbox 216 654 375 707; x_wconf 81' lang='lat' dir='ltr'><em>potest?</em></span> <span class='ocrx_word' id='word_1_58' title='bbox 428 654 510 696; x_wconf 89' lang='lat' dir='ltr'><em>Cic.</em></span> <span class='ocrx_word' id='word_1_59' title='bbox 544 668 604 706; x_wconf 88' lang='lat' dir='ltr'><em>pr.</em></span> <span class='ocrx_word' id='word_1_60' title='bbox 630 654 712 697; x_wconf 86' lang='lat' dir='ltr'><strong>Mil.</strong></span> <span class='ocrx_word' id='word_1_61' title='bbox 739 654 798 697; x_wconf 87' lang='lat'><em>30</em></span> <span class='ocrx_word' id='word_1_62' title='bbox 807 683 822 706; x_wconf 93' lang='lat'><strong>,</strong></span> <span class='ocrx_word' id='word_1_63' title='bbox 853 656 922 697; x_wconf 87' lang='lat'><em>83.</em></span> <span class='ocrx_word' id='word_1_64' title='bbox 967 668 1086 708; x_wconf 84' lang='lat' dir='ltr'><em>quem</em></span> <span class='ocrx_word' id='word_1_65' title='bbox 1113 678 1171 686; x_wconf 89' lang='lat'><em>—-</em></span> <span class='ocrx_word' id='word_1_66' title='bbox 1198 669 1325 709; x_wconf 83' lang='lat' dir='ltr'><em>neque</em></span> <span class='ocrx_word' id='word_1_67' title='bbox 1358 656 1419 694; x_wconf 81' lang='lat' dir='ltr'><em>sol</em></span> <span class='ocrx_word' id='word_1_68' title='bbox 1456 654 1555 702; x_wconf 86' lang='lat' dir='ltr'><em>ille,</em></span> <span class='ocrx_word' id='word_1_69' title='bbox 1591 667 1666 693; x_wconf 88' lang='lat' dir='ltr'><em>nec</em></span> 
     </span>
     <span class='ocr_line' id='line_1_7' title="bbox 108 723 1666 777; baseline -0.001 -14.121"><span class='ocrx_word' id='word_1_70' title='bbox 108 724 210 764; x_wconf 83' lang='lat' dir='ltr'><em>coeli</em></span> <span class='ocrx_word' id='word_1_71' title='bbox 236 725 522 776; x_wconf 83' lang='lat' dir='ltr'><em>signorumque</em></span> <span class='ocrx_word' id='word_1_72' title='bbox 550 730 681 761; x_wconf 81' lang='lat' dir='ltr'><em>motus</em></span> <span class='ocrx_word' id='word_1_73' title='bbox 693 751 712 770; x_wconf 89' lang='lat'><strong>,</strong></span> <span class='ocrx_word' id='word_1_74' title='bbox 748 737 822 761; x_wconf 83' lang='lat' dir='ltr'><em>nec</em></span> <span class='ocrx_word' id='word_1_75' title='bbox 858 724 1155 764; x_wconf 70' lang='lat' dir='ltr'><em>vicissitudines</em></span> <span class='ocrx_word' id='word_1_76' title='bbox 1191 738 1326 762; x_wconf 85' lang='lat' dir='ltr'><em>rerum</em></span> <span class='ocrx_word' id='word_1_77' title='bbox 1359 732 1481 777; x_wconf 83' lang='lat' dir='ltr'><em>atque</em></span> <span class='ocrx_word' id='word_1_78' title='bbox 1508 723 1666 762; x_wconf 81' lang='lat' dir='ltr'><em>ordines</em></span> 
     </span>
    </p>

    <p class='ocr_par' dir='ltr' id='par_1_3' title="bbox 7 787 1670 1737">
     <span class='ocr_line' id='line_1_8' title="bbox 108 787 1668 843; baseline -0.002 -11"><span class='ocrx_word' id='word_1_79' title='bbox 108 792 295 832; x_wconf 73' lang='lat' dir='ltr'><em>movent?</em></span> <span class='ocrx_word' id='word_1_80' title='bbox 338 791 462 832; x_wconf 87' lang='lat' dir='ltr'><em>Plaut.</em></span> <span class='ocrx_word' id='word_1_81' title='bbox 495 791 637 830; x_wconf 85' lang='lat' dir='ltr'><strong>Bacch.</strong></span> <span class='ocrx_word' id='word_1_82' title='bbox 671 789 721 841; x_wconf 97' lang='lat'><strong>4,</strong></span> <span class='ocrx_word' id='word_1_83' title='bbox 750 789 804 843; x_wconf 87' lang='grc'><em>4,</em></span> <span class='ocrx_word' id='word_1_84' title='bbox 840 787 912 834; x_wconf 84' lang='grc'><em>48.</em></span> <span class='ocrx_word' id='word_1_85' title='bbox 948 793 986 829; x_wconf 85' lang='lat' dir='ltr'><em>si</em></span> <span class='ocrx_word' id='word_1_86' title='bbox 1027 799 1073 830; x_wconf 84' lang='lat' dir='ltr'><em>tu</em></span> <span class='ocrx_word' id='word_1_87' title='bbox 1112 793 1234 831; x_wconf 87' lang='lat' dir='ltr'><em>illum</em></span> <span class='ocrx_word' id='word_1_88' title='bbox 1271 793 1395 831; x_wconf 86' lang='lat' dir='ltr'><em>solem</em></span> <span class='ocrx_word' id='word_1_89' title='bbox 1431 791 1510 830; x_wconf 83' lang='lat' dir='ltr'><em>sibi</em></span> <span class='ocrx_word' id='word_1_90' title='bbox 1545 792 1668 830; x_wconf 81' lang='lat' dir='ltr'><em>solem</em></span> 
     </span>
     <span class='ocr_line' id='line_1_9' title="bbox 7 842 1663 920; baseline -0.003 -18"><span class='ocrx_word' id='word_1_91' title='bbox 7 842 29 920; x_wconf 43' lang='grc' dir='ltr'><em>’Ξ</em></span> <span class='ocrx_word' id='word_1_92' title='bbox 107 876 189 900; x_wconf 84' lang='lat' dir='ltr'><em>esse</em></span> <span class='ocrx_word' id='word_1_93' title='bbox 209 862 366 900; x_wconf 74' lang='lat' dir='ltr'><em>clix-eris.</em></span> <span class='ocrx_word' id='word_1_94' title='bbox 401 861 483 900; x_wconf 88' lang='lat' dir='ltr'><em>Cic.</em></span> <span class='ocrx_word' id='word_1_95' title='bbox 500 859 618 899; x_wconf 88' lang='lat' dir='ltr'><em>Tusc.</em></span> <span class='ocrx_word' id='word_1_96' title='bbox 638 861 688 910; x_wconf 86' lang='lat'><strong>1,</strong></span> <span class='ocrx_word' id='word_1_97' title='bbox 709 859 787 910; x_wconf 83' lang='lat'><strong>25,</strong></span> <span class='ocrx_word' id='word_1_98' title='bbox 805 858 874 901; x_wconf 89' lang='grc'><em>60.</em></span> <span class='ocrx_word' id='word_1_99' title='bbox 905 859 982 898; x_wconf 77' lang='lat' dir='ltr'><em>hoe</em></span> <span class='ocrx_word' id='word_1_100' title='bbox 1006 859 1195 899; x_wconf 85' lang='lat' dir='ltr'><em>nebuloso</em></span> <span class='ocrx_word' id='word_1_101' title='bbox 1225 869 1263 899; x_wconf 80' lang='lat' dir='ltr'><em>et</em></span> <span class='ocrx_word' id='word_1_102' title='bbox 1289 861 1514 913; x_wconf 76' lang='lat' dir='ltr'><em>caliginoso</em></span> <span class='ocrx_word' id='word_1_103' title='bbox 1542 859 1663 898; x_wconf 83' lang='lat' dir='ltr'><em>coelo.</em></span> 
     </span>
     <span class='ocr_line' id='line_1_10' title="bbox 11 922 1669 981; baseline -0.001 -11"><span class='ocrx_word' id='word_1_104' title='bbox 11 922 29 981; x_wconf 59' lang='grc' dir='ltr'><em>ἓξ</em></span> <span class='ocrx_word' id='word_1_105' title='bbox 109 932 171 972; x_wconf 82' lang='lat' dir='ltr'><em>cf.</em></span> <span class='ocrx_word' id='word_1_106' title='bbox 210 930 358 971; x_wconf 79' lang='lat' dir='ltr'><em>ochsn.</em></span> <span class='ocrx_word' id='word_1_107' title='bbox 393 929 442 968; x_wconf 75' lang='lat' dir='ltr'><em>ad</em></span> <span class='ocrx_word' id='word_1_108' title='bbox 472 929 554 968; x_wconf 76' lang='lat' dir='ltr'><em>cic.</em></span> <span class='ocrx_word' id='word_1_109' title='bbox 590 927 728 980; x_wconf 79' lang='lat' dir='ltr'><strong>Eclog.</strong></span> <span class='ocrx_word' id='word_1_110' title='bbox 759 940 799 979; x_wconf 83' lang='lat' dir='ltr'><em>p.</em></span> <span class='ocrx_word' id='word_1_111' title='bbox 829 927 898 968; x_wconf 85' lang='lat'><em>61.</em></span> <span class='ocrx_word' id='word_1_112' title='bbox 935 932 975 967; x_wconf 80' lang='lat' dir='ltr'><em>et</em></span> <span class='ocrx_word' id='word_1_113' title='bbox 1005 927 1145 980; x_wconf 82' lang='lat' dir='ltr'><strong>Wagn.</strong></span> <span class='ocrx_word' id='word_1_114' title='bbox 1175 929 1253 976; x_wconf 83' lang='lat' dir='ltr'><em>Qu.</em></span> <span class='ocrx_word' id='word_1_115' title='bbox 1282 929 1393 981; x_wconf 86' lang='lat' dir='ltr'><em>virg.</em></span> <span class='ocrx_word' id='word_1_116' title='bbox 1426 928 1522 980; x_wconf 87' lang='lat' dir='ltr'><strong>xx,</strong></span> <span class='ocrx_word' id='word_1_117' title='bbox 1559 930 1669 971; x_wconf 88' lang='grc'><strong>1.-</strong></span> 
     </span>
     <span class='ocr_line' id='line_1_11' title="bbox 12 992 1667 1049; baseline 0.001 -11"><span class='ocrx_word' id='word_1_118' title='bbox 12 992 28 1029; x_wconf 65' lang='grc' dir='ltr'><em>Ῐῑ</em></span> <span class='ocrx_word' id='word_1_119' title='bbox 108 1001 331 1039; x_wconf 85' lang='lat' dir='ltr'><em>momentis.</em></span> <span class='ocrx_word' id='word_1_120' title='bbox 387 998 452 1036; x_wconf 85' lang='lat' dir='ltr'><em>Sic</em></span> <span class='ocrx_word' id='word_1_121' title='bbox 488 997 572 1049; x_wconf 87' lang='lat'><strong>10,</strong></span> <span class='ocrx_word' id='word_1_122' title='bbox 618 997 685 1038; x_wconf 86' lang='lat'><em>16.</em></span> <span class='ocrx_word' id='word_1_123' title='bbox 720 1002 1001 1049; x_wconf 84' lang='lat' dir='ltr'><em>momentaque</em></span> <span class='ocrx_word' id='word_1_124' title='bbox 1034 996 1172 1036; x_wconf 85' lang='lat' dir='ltr'><em>leonis.</em></span> <span class='ocrx_word' id='word_1_125' title='bbox 1231 997 1312 1036; x_wconf 88' lang='lat' dir='ltr'><em>Cic.</em></span> <span class='ocrx_word' id='word_1_126' title='bbox 1343 997 1463 1036; x_wconf 88' lang='lat' dir='ltr'><em>Tusc.</em></span> <span class='ocrx_word' id='word_1_127' title='bbox 1501 998 1553 1047; x_wconf 88' lang='lat'><strong>1,</strong></span> <span class='ocrx_word' id='word_1_128' title='bbox 1594 997 1667 1047; x_wconf 81' lang='grc'><em>17,</em></span> 
     </span>
     <span class='ocr_line' id='line_1_12' title="bbox 9 1031 1667 1122; baseline -0.002 -15"><span class='ocrx_word' id='word_1_129' title='bbox 9 1031 29 1122; x_wconf 55' lang='grc' dir='ltr'><em>Ξ</em></span> <span class='ocrx_word' id='word_1_130' title='bbox 106 1067 179 1110; x_wconf 81' lang='grc'><em>40.</em></span> <span class='ocrx_word' id='word_1_131' title='bbox 210 1067 367 1120; x_wconf 83' lang='lat' dir='ltr'><strong>(Wolf.)</strong></span> <span class='ocrx_word' id='word_1_132' title='bbox 386 1074 434 1104; x_wconf 91' lang='lat' dir='ltr'><em>ut</em></span> <span class='ocrx_word' id='word_1_133' title='bbox 460 1067 580 1118; x_wconf 81' lang='lat' dir='ltr'><em>quasi</em></span> <span class='ocrx_word' id='word_1_134' title='bbox 602 1064 780 1103; x_wconf 78' lang='lat' dir='ltr'><em>habeant</em></span> <span class='ocrx_word' id='word_1_135' title='bbox 797 1066 960 1116; x_wconf 80' lang='lat' dir='ltr'><em>partita</em></span> <span class='ocrx_word' id='word_1_136' title='bbox 999 1066 1104 1103; x_wconf 90' lang='lat' dir='ltr'><em>inter</em></span> <span class='ocrx_word' id='word_1_137' title='bbox 1134 1079 1178 1104; x_wconf 82' lang='lat' dir='ltr'><em>se</em></span> <span class='ocrx_word' id='word_1_138' title='bbox 1204 1079 1255 1104; x_wconf 90' lang='lat' dir='ltr'><em>ac</em></span> <span class='ocrx_word' id='word_1_139' title='bbox 1289 1065 1422 1103; x_wconf 73' lang='lat' dir='ltr'><em>divisa</em></span> <span class='ocrx_word' id='word_1_140' title='bbox 1451 1073 1667 1103; x_wconf 83' lang='lat' dir='ltr'><em>momenta.</em></span> 
     </span>
     <span class='ocr_line' id='line_1_13' title="bbox 11 1118 1670 1186; baseline 0 -13"><span class='ocrx_word' id='word_1_141' title='bbox 11 1118 31 1166; x_wconf 72' lang='grc' dir='ltr'><em>ιθ</em></span> <span class='ocrx_word' id='word_1_142' title='bbox 106 1135 237 1176; x_wconf 82' lang='lat' dir='ltr'><em>Manil.</em></span> <span class='ocrx_word' id='word_1_143' title='bbox 269 1135 321 1186; x_wconf 88' lang='grc'><em>3,</em></span> <span class='ocrx_word' id='word_1_144' title='bbox 354 1134 452 1177; x_wconf 85' lang='grc'><strong>289.</strong></span> <span class='ocrx_word' id='word_1_145' title='bbox 478 1133 650 1185; x_wconf 84' lang='lat' dir='ltr'><em>paribus</em></span> <span class='ocrx_word' id='word_1_146' title='bbox 674 1147 749 1185; x_wconf 83' lang='lat' dir='ltr'><em>per</em></span> <span class='ocrx_word' id='word_1_147' title='bbox 776 1140 957 1185; x_wconf 80' lang='lat' dir='ltr'><em>tempora</em></span> <span class='ocrx_word' id='word_1_148' title='bbox 986 1147 1103 1173; x_wconf 70' lang='lat' dir='ltr'><em>versa</em></span> <span class='ocrx_word' id='word_1_149' title='bbox 1131 1135 1353 1173; x_wconf 84' lang='lat' dir='ltr'><em>Momentis</em></span> <span class='ocrx_word' id='word_1_150' title='bbox 1381 1133 1562 1172; x_wconf 81' lang='lat' dir='ltr'><em>redeunt.</em></span> <span class='ocrx_word' id='word_1_151' title='bbox 1623 1133 1670 1173; x_wconf 88' lang='lat' dir='ltr'><em>In</em></span> 
     </span>
     <span class='ocr_line' id='line_1_14' title="bbox 106 1200 1669 1255; baseline -0.004 -10.33"><span class='ocrx_word' id='word_1_152' title='bbox 106 1205 334 1245; x_wconf 73' lang='lat' dir='ltr'><em>sententiam</em></span> <span class='ocrx_word' id='word_1_153' title='bbox 365 1204 487 1255; x_wconf 81' lang='lat' dir='ltr'>ipsam</span> <span class='ocrx_word' id='word_1_154' title='bbox 513 1202 672 1242; x_wconf 88' lang='lat' dir='ltr'><em>Lucret.</em></span> <span class='ocrx_word' id='word_1_155' title='bbox 707 1202 758 1254; x_wconf 83' lang='lat'><strong>5,</strong></span> <span class='ocrx_word' id='word_1_156' title='bbox 791 1200 917 1243; x_wconf 83' lang='lat'><strong>1436.</strong></span> <span class='ocrx_word' id='word_1_157' title='bbox 953 1203 1027 1242; x_wconf 81' lang='lat' dir='ltr'><em>Sol</em></span> <span class='ocrx_word' id='word_1_158' title='bbox 1055 1210 1094 1240; x_wconf 85' lang='lat' dir='ltr'><em>et</em></span> <span class='ocrx_word' id='word_1_159' title='bbox 1120 1203 1222 1241; x_wconf 86' lang='lat' dir='ltr'><em>luna</em></span> <span class='ocrx_word' id='word_1_160' title='bbox 1251 1217 1323 1242; x_wconf 88' lang='lat' dir='ltr'><em>suo</em></span> <span class='ocrx_word' id='word_1_161' title='bbox 1352 1203 1571 1240; x_wconf 78' lang='lat' dir='ltr'><em>lustrantes</em></span> <span class='ocrx_word' id='word_1_162' title='bbox 1601 1202 1669 1240; x_wconf 80' lang='lat' dir='ltr'><em>lu-</em></span> 
     </span>
     <span class='ocr_line' id='line_1_15' title="bbox 106 1270 1668 1324; baseline -0.001 -13.055"><span class='ocrx_word' id='word_1_163' title='bbox 106 1274 214 1312; x_wconf 84' lang='lat' dir='ltr'><em>mine</em></span> <span class='ocrx_word' id='word_1_164' title='bbox 230 1274 382 1311; x_wconf 85' lang='lat' dir='ltr'><em>circum</em></span> <span class='ocrx_word' id='word_1_165' title='bbox 397 1270 645 1310; x_wconf 81' lang='lat' dir='ltr'><em>Perdocuere</em></span> <span class='ocrx_word' id='word_1_166' title='bbox 664 1270 841 1309; x_wconf 75' lang='lat' dir='ltr'><em>homines</em></span> <span class='ocrx_word' id='word_1_167' title='bbox 853 1299 871 1318; x_wconf 84' lang='lat'><strong>,</strong></span> <span class='ocrx_word' id='word_1_168' title='bbox 900 1285 1102 1310; x_wconf 85' lang='lat' dir='ltr'><em>annorum</em></span> <span class='ocrx_word' id='word_1_169' title='bbox 1122 1279 1300 1324; x_wconf 78' lang='lat' dir='ltr'><em>tempora</em></span> <span class='ocrx_word' id='word_1_170' title='bbox 1321 1273 1426 1311; x_wconf 69' lang='lat' dir='ltr'><em>vorti</em></span> <span class='ocrx_word' id='word_1_171' title='bbox 1434 1301 1451 1319; x_wconf 81' lang='grc'><em>,</em></span> <span class='ocrx_word' id='word_1_172' title='bbox 1475 1272 1535 1309; x_wconf 86' lang='lat' dir='ltr'><em>Et</em></span> <span class='ocrx_word' id='word_1_173' title='bbox 1559 1279 1668 1310; x_wconf 81' lang='lat' dir='ltr'><em>certa</em></span> 
     </span>
     <span class='ocr_line' id='line_1_16' title="bbox 11 1327 1666 1403; baseline -0.002 -22"><span class='ocrx_word' id='word_1_174' title='bbox 11 1327 34 1403; x_wconf 46' lang='lat' dir='ltr'>g</span> <span class='ocrx_word' id='word_1_175' title='bbox 105 1343 260 1381; x_wconf 78' lang='lat' dir='ltr'><em>ratione</em></span> <span class='ocrx_word' id='word_1_176' title='bbox 275 1341 367 1393; x_wconf 84' lang='lat' dir='ltr'><em>geri</em></span> <span class='ocrx_word' id='word_1_177' title='bbox 391 1354 476 1379; x_wconf 88' lang='lat' dir='ltr'><em>rem</em></span> <span class='ocrx_word' id='word_1_178' title='bbox 501 1347 624 1392; x_wconf 84' lang='lat' dir='ltr'><em>atque</em></span> <span class='ocrx_word' id='word_1_179' title='bbox 651 1339 788 1399; x_wconf 78' lang='lat' dir='ltr'><em>ordine</em></span> <span class='ocrx_word' id='word_1_180' title='bbox 818 1347 934 1381; x_wconf 80' lang='lat' dir='ltr'><em>certo.</em></span> <span class='ocrx_word' id='word_1_181' title='bbox 978 1340 1036 1380; x_wconf 89' lang='lat' dir='ltr'><em>Id.</em></span> <span class='ocrx_word' id='word_1_182' title='bbox 1068 1343 1117 1392; x_wconf 90' lang='lat'><em>2,</em></span> <span class='ocrx_word' id='word_1_183' title='bbox 1157 1340 1398 1383; x_wconf 75' lang='lat'><strong>1030—-39.</strong></span> <span class='ocrx_word' id='word_1_184' title='bbox 1436 1340 1576 1379; x_wconf 81' lang='lat' dir='ltr'><em>catull.</em></span> <span class='ocrx_word' id='word_1_185' title='bbox 1595 1339 1666 1390; x_wconf 85' lang='lat'><em>65,</em></span> 
     </span>
     <span class='ocr_line' id='line_1_17' title="bbox 16 1407 1666 1466; baseline 0 -17"><span class='ocrx_word' id='word_1_186' title='bbox 16 1410 41 1466; x_wconf 51' lang='grc' dir='ltr'><strong><em>ᾖ</em></strong></span> <span class='ocrx_word' id='word_1_187' title='bbox 103 1411 207 1464; x_wconf 89' lang='grc'>[66],</span> <span class='ocrx_word' id='word_1_188' title='bbox 240 1409 282 1451; x_wconf 85' lang='grc'><em>4.</em></span> <span class='ocrx_word' id='word_1_189' title='bbox 321 1409 391 1461; x_wconf 88' lang='lat' dir='ltr'><em>(ibi</em></span> <span class='ocrx_word' id='word_1_190' title='bbox 421 1407 557 1461; x_wconf 90' lang='lat' dir='ltr'><strong>Vulp.)</strong></span> <span class='ocrx_word' id='word_1_191' title='bbox 623 1409 679 1446; x_wconf 80' lang='lat' dir='ltr'><em>Ut</em></span> <span class='ocrx_word' id='word_1_192' title='bbox 707 1409 854 1447; x_wconf 83' lang='lat' dir='ltr'><em>cedant</em></span> <span class='ocrx_word' id='word_1_193' title='bbox 881 1410 999 1448; x_wconf 78' lang='lat' dir='ltr'><em>certis</em></span> <span class='ocrx_word' id='word_1_194' title='bbox 1033 1410 1167 1448; x_wconf 82' lang='lat' dir='ltr'><em>sidera</em></span> <span class='ocrx_word' id='word_1_195' title='bbox 1195 1408 1451 1461; x_wconf 77' lang='lat' dir='ltr'><em>temporibus.</em></span> <span class='ocrx_word' id='word_1_196' title='bbox 1510 1409 1599 1447; x_wconf 88' lang='lat' dir='ltr'><em>Tib.</em></span> <span class='ocrx_word' id='word_1_197' title='bbox 1625 1410 1666 1459; x_wconf 84' lang='lat'><strong>1,</strong></span> 
     </span>
     <span class='ocr_line' id='line_1_18' title="bbox 12 1467 1667 1535; baseline 0 -18"><span class='ocrx_word' id='word_1_198' title='bbox 12 1467 49 1535; x_wconf 52' lang='lat' dir='ltr'><em>{a</em></span> <span class='ocrx_word' id='word_1_199' title='bbox 104 1477 159 1531; x_wconf 77' lang='lat'><strong>4,</strong></span> <span class='ocrx_word' id='word_1_200' title='bbox 189 1479 259 1523; x_wconf 83' lang='lat'><em>20.</em></span> <span class='ocrx_word' id='word_1_201' title='bbox 317 1478 473 1516; x_wconf 85' lang='lat' dir='ltr'><em>Annus</em></span> <span class='ocrx_word' id='word_1_202' title='bbox 499 1478 591 1530; x_wconf 80' lang='lat' dir='ltr'><em>agit</em></span> <span class='ocrx_word' id='word_1_203' title='bbox 623 1484 733 1515; x_wconf 87' lang='lat' dir='ltr'><em>certa</em></span> <span class='ocrx_word' id='word_1_204' title='bbox 761 1477 902 1515; x_wconf 80' lang='lat' dir='ltr'><em>lucida</em></span> <span class='ocrx_word' id='word_1_205' title='bbox 928 1480 1052 1531; x_wconf 81' lang='lat' dir='ltr'><em>signa</em></span> <span class='ocrx_word' id='word_1_206' title='bbox 1081 1480 1181 1516; x_wconf 74' lang='lat' dir='ltr'><em>vice.</em></span> <span class='ocrx_word' id='word_1_207' title='bbox 1244 1480 1326 1518; x_wconf 90' lang='lat' dir='ltr'><em>Cic.</em></span> <span class='ocrx_word' id='word_1_208' title='bbox 1362 1477 1413 1516; x_wconf 90' lang='lat' dir='ltr'><em>N.</em></span> <span class='ocrx_word' id='word_1_209' title='bbox 1444 1477 1494 1516; x_wconf 92' lang='lat' dir='ltr'><em>D.</em></span> <span class='ocrx_word' id='word_1_210' title='bbox 1523 1480 1572 1527; x_wconf 86' lang='lat'><strong>2,</strong></span> <span class='ocrx_word' id='word_1_211' title='bbox 1595 1477 1667 1527; x_wconf 85' lang='lat'><em>38,</em></span> 
     </span>
     <span class='ocr_line' id='line_1_19' title="bbox 105 1546 1668 1599; baseline -0.003 -12"><span class='ocrx_word' id='word_1_212' title='bbox 105 1546 178 1590; x_wconf 83' lang='lat'><em>97.</em></span> <span class='ocrx_word' id='word_1_213' title='bbox 250 1548 388 1599; x_wconf 81' lang='lat' dir='ltr'><em>Quum</em></span> <span class='ocrx_word' id='word_1_214' title='bbox 425 1552 510 1584; x_wconf 85' lang='lat' dir='ltr'><em>tam</em></span> <span class='ocrx_word' id='word_1_215' title='bbox 547 1553 672 1583; x_wconf 86' lang='lat' dir='ltr'><em>certos</em></span> <span class='ocrx_word' id='word_1_216' title='bbox 708 1546 809 1584; x_wconf 80' lang='lat' dir='ltr'><em>coeli</em></span> <span class='ocrx_word' id='word_1_217' title='bbox 833 1554 987 1597; x_wconf 86' lang='lat' dir='ltr'><em>motus,</em></span> <span class='ocrx_word' id='word_1_218' title='bbox 1025 1555 1111 1586; x_wconf 83' lang='lat' dir='ltr'><em>tam</em></span> <span class='ocrx_word' id='word_1_219' title='bbox 1138 1553 1247 1585; x_wconf 88' lang='lat' dir='ltr'><em>ratos</em></span> <span class='ocrx_word' id='word_1_220' title='bbox 1277 1554 1478 1584; x_wconf 86' lang='lat' dir='ltr'><em>astrorum</em></span> <span class='ocrx_word' id='word_1_221' title='bbox 1509 1546 1668 1584; x_wconf 84' lang='lat' dir='ltr'><em>ordines</em></span> 
     </span>
     <span class='ocr_line' id='line_1_20' title="bbox 104 1613 1666 1666; baseline -0.004 -8"><span class='ocrx_word' id='word_1_222' title='bbox 104 1617 264 1656; x_wconf 50' lang='lat' dir='ltr'><em>viderit·</em></span> <span class='ocrx_word' id='word_1_223' title='bbox 327 1615 422 1654; x_wconf 81' lang='lat' dir='ltr'><em>Ibid·</em></span> <span class='ocrx_word' id='word_1_224' title='bbox 453 1618 500 1666; x_wconf 89' lang='grc'><em>2,</em></span> <span class='ocrx_word' id='word_1_225' title='bbox 544 1617 623 1665; x_wconf 84' lang='grc'><em>21,</em></span> <span class='ocrx_word' id='word_1_226' title='bbox 667 1614 736 1656; x_wconf 85' lang='grc'><em>55.</em></span> <span class='ocrx_word' id='word_1_227' title='bbox 783 1615 864 1666; x_wconf 87' lang='grc'><em>37,</em></span> <span class='ocrx_word' id='word_1_228' title='bbox 897 1615 967 1656; x_wconf 87' lang='lat'><em>95.</em></span> <span class='ocrx_word' id='word_1_229' title='bbox 1007 1614 1088 1666; x_wconf 88' lang='grc'><em>46,</em></span> <span class='ocrx_word' id='word_1_230' title='bbox 1123 1613 1220 1656; x_wconf 89' lang='grc'><em>119.</em></span> <span class='ocrx_word' id='word_1_231' title='bbox 1260 1618 1340 1666; x_wconf 89' lang='grc'><em>62,</em></span> <span class='ocrx_word' id='word_1_232' title='bbox 1387 1615 1484 1656; x_wconf 88' lang='grc'><strong>155.</strong></span> <span class='ocrx_word' id='word_1_233' title='bbox 1545 1615 1666 1654; x_wconf 92' lang='lat' dir='ltr'><em>Tusc.</em></span> 
     </span>
     <span class='ocr_line' id='line_1_21' title="bbox 107 1681 1667 1737; baseline -0.002 -12"><span class='ocrx_word' id='word_1_234' title='bbox 107 1687 159 1737; x_wconf 87' lang='lat'><strong>1,</strong></span> <span class='ocrx_word' id='word_1_235' title='bbox 189 1686 268 1736; x_wconf 86' lang='lat'><em>28,</em></span> <span class='ocrx_word' id='word_1_236' title='bbox 299 1686 368 1727; x_wconf 87' lang='lat'><em>68.</em></span> <span class='ocrx_word' id='word_1_237' title='bbox 405 1684 456 1735; x_wconf 86' lang='lat'><strong>5,</strong></span> <span class='ocrx_word' id='word_1_238' title='bbox 491 1681 570 1734; x_wconf 87' lang='lat'><em>24,</em></span> <span class='ocrx_word' id='word_1_239' title='bbox 604 1682 675 1724; x_wconf 89' lang='lat'><em>69.</em></span> <span class='ocrx_word' id='word_1_240' title='bbox 713 1687 753 1721; x_wconf 85' lang='lat' dir='ltr'><em>et</em></span> <span class='ocrx_word' id='word_1_241' title='bbox 779 1682 889 1722; x_wconf 87' lang='lat' dir='ltr'><em>Arat.</em></span> <span class='ocrx_word' id='word_1_242' title='bbox 923 1683 1106 1724; x_wconf 87' lang='lat'><strong>10—13.</strong></span> <span class='ocrx_word' id='word_1_243' title='bbox 1143 1685 1192 1723; x_wconf 90' lang='lat' dir='ltr'><em>de</em></span> <span class='ocrx_word' id='word_1_244' title='bbox 1219 1684 1368 1724; x_wconf 88' lang='lat' dir='ltr'><em>Invent.</em></span> <span class='ocrx_word' id='word_1_245' title='bbox 1400 1686 1453 1735; x_wconf 90' lang='lat'><strong>1,</strong></span> <span class='ocrx_word' id='word_1_246' title='bbox 1482 1682 1565 1734; x_wconf 79' lang='lat'><strong>34,</strong></span> <span class='ocrx_word' id='word_1_247' title='bbox 1596 1683 1667 1724; x_wconf 84' lang='lat'><em>59.</em></span> 
     </span>
    </p>
   </div>
   <div class='ocr_carea' id='block_1_3' title="bbox 0 0 82 485">
    <p class='ocr_par' dir='ltr' id='par_1_4' title="bbox 0 0 86 485">
     <span class='ocr_line' id='line_1_22' title="bbox 0 0 82 182; baseline 0 0"><span class='ocrx_word' id='word_1_248' title='bbox 0 0 82 182; x_wconf 45' lang='lat' dir='ltr'>t</span> 
     </span>
     <span class='ocr_line' id='line_1_23' title="bbox 4 139 47 175; baseline -0.023 0"><span class='ocrx_word' id='word_1_249' title='bbox 4 147 11 175; x_wconf 40' lang='grc' dir='ltr'><em>ω’</em></span> <span class='ocrx_word' id='word_1_250' title='bbox 20 139 39 174; x_wconf 42' lang='lat'><strong>03.</strong></span> <span class='ocrx_word' id='word_1_251' title='bbox 46 171 47 174; x_wconf 46' lang='lat'>1</span> 
     </span>
     <span class='ocr_line' id='line_1_24' title="bbox 7 173 35 227; baseline 0 -25"><span class='ocrx_word' id='word_1_252' title='bbox 7 173 35 227; x_wconf 41' lang='grc' dir='ltr'>ί,</span> 
     </span>
     <span class='ocr_line' id='line_1_25' title="bbox 13 339 33 376; baseline 0 -5"><span class='ocrx_word' id='word_1_253' title='bbox 13 339 33 376; x_wconf 51' lang='grc' dir='ltr'><em>,ιε</em></span> 
     </span>
     <span class='ocr_line' id='line_1_26' title="bbox 0 379 22 404; baseline 0.091 -2"><span class='ocrx_word' id='word_1_254' title='bbox 0 379 7 402; x_wconf 60' lang='grc' dir='ltr'>ἶ</span> <span class='ocrx_word' id='word_1_255' title='bbox 14 380 22 404; x_wconf 82' lang='grc'><em>’,</em></span> 
     </span>
     <span class='ocr_line' id='line_1_27' title="bbox 9 427 33 483; baseline 0 0"><span class='ocrx_word' id='word_1_256' title='bbox 9 427 33 483; x_wconf 56' lang='lat' dir='ltr'><em>ff}</em></span> 
     </span>
     <span class='ocr_line' id='line_1_28' title="bbox 8 470 20 485; baseline 0 0"><span class='ocrx_word' id='word_1_257' title='bbox 8 470 20 485; x_wconf 53' lang='lat'><em>&#39;¹1</em></span> 
     </span>
    </p>
   </div>
   <div class='ocr_carea' id='block_1_4' title="bbox 24 1751 1670 3037">
    <p class='ocr_par' dir='ltr' id='par_1_5' title="bbox 105 1751 1666 1874">
     <span class='ocr_line' id='line_1_29' title="bbox 105 1751 1666 1805; baseline -0.003 -11"><span class='ocrx_word' id='word_1_258' title='bbox 105 1754 169 1794; x_wconf 87' lang='lat' dir='ltr'><em>Cf.</em></span> <span class='ocrx_word' id='word_1_259' title='bbox 188 1755 304 1794; x_wconf 87' lang='lat' dir='ltr'><em>Voss.</em></span> <span class='ocrx_word' id='word_1_260' title='bbox 327 1758 368 1793; x_wconf 90' lang='lat' dir='ltr'><em>et</em></span> <span class='ocrx_word' id='word_1_261' title='bbox 389 1752 529 1803; x_wconf 83' lang='lat' dir='ltr'><strong>Wagn.</strong></span> <span class='ocrx_word' id='word_1_262' title='bbox 557 1753 609 1791; x_wconf 86' lang='lat' dir='ltr'><em>ad</em></span> <span class='ocrx_word' id='word_1_263' title='bbox 636 1751 746 1803; x_wconf 88' lang='lat' dir='ltr'><em>Virg.</em></span> <span class='ocrx_word' id='word_1_264' title='bbox 774 1751 848 1790; x_wconf 87' lang='lat' dir='ltr'><em>Ge.</em></span> <span class='ocrx_word' id='word_1_265' title='bbox 868 1753 919 1802; x_wconf 88' lang='lat'><strong>1,</strong></span> <span class='ocrx_word' id='word_1_266' title='bbox 940 1751 1040 1794; x_wconf 85' lang='lat'><strong>335.</strong></span> <span class='ocrx_word' id='word_1_267' title='bbox 1082 1751 1209 1804; x_wconf 81' lang='lat' dir='ltr'><em>Heyn.</em></span> <span class='ocrx_word' id='word_1_268' title='bbox 1238 1754 1289 1792; x_wconf 89' lang='lat' dir='ltr'><em>ad</em></span> <span class='ocrx_word' id='word_1_269' title='bbox 1311 1755 1361 1804; x_wconf 84' lang='lat'><strong>1,</strong></span> <span class='ocrx_word' id='word_1_270' title='bbox 1387 1754 1429 1794; x_wconf 91' lang='lat'><strong>6.</strong></span> <span class='ocrx_word' id='word_1_271' title='bbox 1488 1753 1666 1805; x_wconf 87' lang='lat' dir='ltr'><em>Xenoph.</em></span> 
     </span>
     <span class='ocr_line' id='line_1_30' title="bbox 105 1818 534 1874; baseline -0.012 -11"><span class='ocrx_word' id='word_1_272' title='bbox 105 1823 222 1863; x_wconf 80' lang='lat' dir='ltr'><strong>Mem.</strong></span> <span class='ocrx_word' id='word_1_273' title='bbox 239 1819 292 1874; x_wconf 84' lang='lat'><strong>4,</strong></span> <span class='ocrx_word' id='word_1_274' title='bbox 320 1822 372 1873; x_wconf 84' lang='lat'><strong>3,</strong></span> <span class='ocrx_word' id='word_1_275' title='bbox 404 1818 534 1862; x_wconf 87' lang='lat'><strong>3—9.</strong></span> 
     </span>
    </p>

    <p class='ocr_par' dir='ltr' id='par_1_6' title="bbox 22 1886 1670 2828">
     <span class='ocr_line' id='line_1_31' title="bbox 221 1886 1669 1942; baseline -0.001 -12"><span class='ocrx_word' id='word_1_276' title='bbox 221 1890 272 1930; x_wconf 91' lang='lat' dir='ltr'><strong>V.</strong></span> <span class='ocrx_word' id='word_1_277' title='bbox 307 1886 348 1930; x_wconf 88' lang='lat'><em>4.</em></span> <span class='ocrx_word' id='word_1_278' title='bbox 413 1889 547 1936; x_wconf 82' lang='lat' dir='ltr'><em>Sunt,</em></span> <span class='ocrx_word' id='word_1_279' title='bbox 577 1890 651 1941; x_wconf 83' lang='lat' dir='ltr'><em>qui</em></span> <span class='ocrx_word' id='word_1_280' title='bbox 680 1909 740 1918; x_wconf 91' lang='lat'><em>--</em></span> <span class='ocrx_word' id='word_1_281' title='bbox 773 1894 961 1940; x_wconf 82' lang='lat' dir='ltr'><em>spectent.</em></span> <span class='ocrx_word' id='word_1_282' title='bbox 1017 1888 1239 1928; x_wconf 85' lang='lat' dir='ltr'><em>Sententia:</em></span> <span class='ocrx_word' id='word_1_283' title='bbox 1272 1915 1303 1940; x_wconf 87' lang='lat'>„</span> <span class='ocrx_word' id='word_1_284' title='bbox 1317 1889 1437 1940; x_wconf 84' lang='lat' dir='ltr'><em>Sunt,</em></span> <span class='ocrx_word' id='word_1_285' title='bbox 1475 1891 1539 1942; x_wconf 91' lang='lat' dir='ltr'><em>qui</em></span> <span class='ocrx_word' id='word_1_286' title='bbox 1576 1902 1669 1942; x_wconf 89' lang='lat' dir='ltr'><em>spe-</em></span> 
     </span>
     <span class='ocr_line' id='line_1_32' title="bbox 105 1956 1668 2011; baseline 0.001 -12"><span class='ocrx_word' id='word_1_287' title='bbox 105 1959 246 2000; x_wconf 77' lang='lat' dir='ltr'><em>ctando</em></span> <span class='ocrx_word' id='word_1_288' title='bbox 270 1957 493 1996; x_wconf 83' lang='lat' dir='ltr'><em>coelestium</em></span> <span class='ocrx_word' id='word_1_289' title='bbox 520 1956 654 1996; x_wconf 83' lang='lat' dir='ltr'><em>ordine</em></span> <span class='ocrx_word' id='word_1_290' title='bbox 687 1957 792 1996; x_wconf 89' lang='lat' dir='ltr'><em>nullo</em></span> <span class='ocrx_word' id='word_1_291' title='bbox 824 1958 1036 1997; x_wconf 85' lang='lat' dir='ltr'><em>afficiantur</em></span> <span class='ocrx_word' id='word_1_292' title='bbox 1069 1958 1206 1996; x_wconf 87' lang='lat' dir='ltr'><em>timore</em></span> <span class='ocrx_word' id='word_1_293' title='bbox 1235 1957 1367 2010; x_wconf 85' lang='lat' dir='ltr'><em>(Epist</em></span> <span class='ocrx_word' id='word_1_294' title='bbox 1393 1960 1441 2009; x_wconf 88' lang='grc'><em>1,</em></span> <span class='ocrx_word' id='word_1_295' title='bbox 1474 1959 1550 2010; x_wconf 89' lang='grc'><em>16,</em></span> <span class='ocrx_word' id='word_1_296' title='bbox 1579 1959 1668 2011; x_wconf 84' lang='grc'>53),</span> 
     </span>
     <span class='ocr_line' id='line_1_33' title="bbox 24 2006 1670 2080; baseline -0.001 -14"><span class='ocrx_word' id='word_1_297' title='bbox 24 2006 51 2064; x_wconf 53' lang='lat'><em>53</em></span> <span class='ocrx_word' id='word_1_298' title='bbox 105 2029 248 2080; x_wconf 84' lang='lat' dir='ltr'><em>quippe</em></span> <span class='ocrx_word' id='word_1_299' title='bbox 279 2027 345 2078; x_wconf 90' lang='lat' dir='ltr'><em>qui</em></span> <span class='ocrx_word' id='word_1_300' title='bbox 375 2038 502 2064; x_wconf 87' lang='lat' dir='ltr'><em>rerum</em></span> <span class='ocrx_word' id='word_1_301' title='bbox 536 2026 761 2066; x_wconf 80' lang='lat' dir='ltr'><em>naturalium</em></span> <span class='ocrx_word' id='word_1_302' title='bbox 794 2027 904 2078; x_wconf 87' lang='lat' dir='ltr'><em>gnari</em></span> <span class='ocrx_word' id='word_1_303' title='bbox 936 2026 1078 2066; x_wconf 87' lang='lat' dir='ltr'><em>nullam</em></span> <span class='ocrx_word' id='word_1_304' title='bbox 1107 2027 1154 2064; x_wconf 87' lang='lat' dir='ltr'><em>iis</em></span> <span class='ocrx_word' id='word_1_305' title='bbox 1186 2027 1345 2065; x_wconf 85' lang='lat' dir='ltr'><em>credant</em></span> <span class='ocrx_word' id='word_1_306' title='bbox 1367 2040 1455 2065; x_wconf 87' lang='lat' dir='ltr'><em>esse</em></span> <span class='ocrx_word' id='word_1_307' title='bbox 1487 2028 1526 2065; x_wconf 87' lang='lat' dir='ltr'><em>in</em></span> <span class='ocrx_word' id='word_1_308' title='bbox 1554 2029 1670 2066; x_wconf 86' lang='lat' dir='ltr'><em>vitam</em></span> 
     </span>
     <span class='ocr_line' id='line_1_34' title="bbox 105 2094 1668 2147; baseline -0.001 -12.101"><span class='ocrx_word' id='word_1_309' title='bbox 105 2103 148 2139; x_wconf 81' lang='lat' dir='ltr'><em>et</em></span> <span class='ocrx_word' id='word_1_310' title='bbox 172 2110 236 2135; x_wconf 89' lang='lat' dir='ltr'><em>res</em></span> <span class='ocrx_word' id='word_1_311' title='bbox 255 2096 439 2134; x_wconf 85' lang='lat' dir='ltr'><em>humanas</em></span> <span class='ocrx_word' id='word_1_312' title='bbox 457 2095 533 2132; x_wconf 85' lang='lat' dir='ltr'><em>vim</em></span> <span class='ocrx_word' id='word_1_313' title='bbox 559 2094 919 2146; x_wconf 85' lang='lat' dir='ltr'><em>potestatemque.“</em></span> <span class='ocrx_word' id='word_1_314' title='bbox 977 2095 1166 2147; x_wconf 78' lang='lat' dir='ltr'><em>Constat,</em></span> <span class='ocrx_word' id='word_1_315' title='bbox 1203 2100 1385 2145; x_wconf 87' lang='lat' dir='ltr'><em>quantum</em></span> <span class='ocrx_word' id='word_1_316' title='bbox 1414 2099 1565 2134; x_wconf 84' lang='lat' dir='ltr'><em>veteres</em></span> <span class='ocrx_word' id='word_1_317' title='bbox 1584 2096 1668 2134; x_wconf 83' lang='lat' dir='ltr'><em>Ro-</em></span> 
     </span>
     <span class='ocr_line' id='line_1_35' title="bbox 105 2160 1669 2215; baseline -0.004 -8.282"><span class='ocrx_word' id='word_1_318' title='bbox 105 2165 206 2206; x_wconf 76' lang='lat' dir='ltr'><em>mani</em></span> <span class='ocrx_word' id='word_1_319' title='bbox 223 2163 424 2203; x_wconf 84' lang='lat' dir='ltr'><em>tribuerint</em></span> <span class='ocrx_word' id='word_1_320' title='bbox 451 2163 634 2202; x_wconf 86' lang='lat' dir='ltr'><em>scientiae</em></span> <span class='ocrx_word' id='word_1_321' title='bbox 663 2163 840 2200; x_wconf 88' lang='lat' dir='ltr'><em>diuturna</em></span> <span class='ocrx_word' id='word_1_322' title='bbox 860 2160 1128 2201; x_wconf 85' lang='lat' dir='ltr'><em>observatione</em></span> <span class='ocrx_word' id='word_1_323' title='bbox 1149 2164 1317 2202; x_wconf 88' lang='lat' dir='ltr'><em>siderum</em></span> <span class='ocrx_word' id='word_1_324' title='bbox 1335 2168 1468 2215; x_wconf 86' lang='lat' dir='ltr'><em>partae</em></span> <span class='ocrx_word' id='word_1_325' title='bbox 1481 2191 1493 2214; x_wconf 87' lang='lat'><strong>,</strong></span> <span class='ocrx_word' id='word_1_326' title='bbox 1513 2163 1669 2214; x_wconf 79' lang='lat' dir='ltr'><em>„qua“‚</em></span> 
     </span>
     <span class='ocr_line' id='line_1_36' title="bbox 26 2230 1669 2283; baseline -0.002 -10"><span class='ocrx_word' id='word_1_327' title='bbox 26 2234 52 2273; x_wconf 89' lang='lat'>3</span> <span class='ocrx_word' id='word_1_328' title='bbox 105 2237 149 2272; x_wconf 83' lang='lat' dir='ltr'><em>ut</em></span> <span class='ocrx_word' id='word_1_329' title='bbox 174 2233 228 2271; x_wconf 81' lang='lat' dir='ltr'><em>ait</em></span> <span class='ocrx_word' id='word_1_330' title='bbox 255 2231 392 2270; x_wconf 83' lang='lat' dir='ltr'><em>Cicero</em></span> <span class='ocrx_word' id='word_1_331' title='bbox 423 2232 473 2270; x_wconf 85' lang='lat' dir='ltr'><em>de</em></span> <span class='ocrx_word' id='word_1_332' title='bbox 505 2230 632 2270; x_wconf 86' lang='lat' dir='ltr'><em>Divin.</em></span> <span class='ocrx_word' id='word_1_333' title='bbox 668 2232 723 2280; x_wconf 92' lang='grc'><em>1,</em></span> <span class='ocrx_word' id='word_1_334' title='bbox 759 2231 810 2280; x_wconf 93' lang='grc'><em>1,</em></span> <span class='ocrx_word' id='word_1_335' title='bbox 846 2231 912 2280; x_wconf 85' lang='grc'><em>2.,</em></span> <span class='ocrx_word' id='word_1_336' title='bbox 956 2256 985 2281; x_wconf 88' lang='grc'><em>,,</em></span> <span class='ocrx_word' id='word_1_337' title='bbox 997 2231 1164 2281; x_wconf 82' lang='lat' dir='ltr'><em>praedici</em></span> <span class='ocrx_word' id='word_1_338' title='bbox 1196 2236 1358 2283; x_wconf 84' lang='lat' dir='ltr'><em>posset,</em></span> <span class='ocrx_word' id='word_1_339' title='bbox 1404 2233 1494 2283; x_wconf 90' lang='lat' dir='ltr'><em>quid</em></span> <span class='ocrx_word' id='word_1_340' title='bbox 1534 2233 1669 2283; x_wconf 88' lang='lat' dir='ltr'><em>cuique</em></span> 
     </span>
     <span class='ocr_line' id='line_1_37' title="bbox 106 2299 1669 2351; baseline -0.002 -9.171"><span class='ocrx_word' id='word_1_341' title='bbox 106 2305 329 2343; x_wconf 74' lang='lat' dir='ltr'><em>eventurum</em></span> <span class='ocrx_word' id='word_1_342' title='bbox 365 2304 405 2338; x_wconf 86' lang='lat' dir='ltr'><em>et</em></span> <span class='ocrx_word' id='word_1_343' title='bbox 437 2312 514 2351; x_wconf 92' lang='lat' dir='ltr'><em>quo</em></span> <span class='ocrx_word' id='word_1_344' title='bbox 554 2300 715 2351; x_wconf 90' lang='lat' dir='ltr'><em>quisque</em></span> <span class='ocrx_word' id='word_1_345' title='bbox 743 2299 824 2338; x_wconf 82' lang='lat' dir='ltr'><em>fato</em></span> <span class='ocrx_word' id='word_1_346' title='bbox 858 2303 969 2337; x_wconf 85' lang='lat' dir='ltr'><em>natus</em></span> <span class='ocrx_word' id='word_1_347' title='bbox 998 2299 1152 2338; x_wconf 74' lang='lat' dir='ltr'><em>esset.“</em></span> <span class='ocrx_word' id='word_1_348' title='bbox 1207 2299 1362 2338; x_wconf 85' lang='lat' dir='ltr'><em>Mitsch.</em></span> <span class='ocrx_word' id='word_1_349' title='bbox 1399 2305 1439 2340; x_wconf 86' lang='lat' dir='ltr'><em>et</em></span> <span class='ocrx_word' id='word_1_350' title='bbox 1469 2300 1590 2339; x_wconf 86' lang='lat' dir='ltr'><em>Orell.</em></span> <span class='ocrx_word' id='word_1_351' title='bbox 1617 2300 1669 2339; x_wconf 87' lang='lat' dir='ltr'><em>ad</em></span> 
     </span>
     <span class='ocr_line' id='line_1_38' title="bbox 30 2351 1666 2430; baseline 0 -23"><span class='ocrx_word' id='word_1_352' title='bbox 30 2351 61 2430; x_wconf 60' lang='grc' dir='ltr'><strong><em>ἓ</em></strong></span> <span class='ocrx_word' id='word_1_353' title='bbox 108 2369 186 2410; x_wconf 72' lang='lat' dir='ltr'><em>od.</em></span> <span class='ocrx_word' id='word_1_354' title='bbox 219 2371 268 2420; x_wconf 95' lang='grc'><em>1,</em></span> <span class='ocrx_word' id='word_1_355' title='bbox 297 2370 377 2418; x_wconf 87' lang='grc'><em>11,</em></span> <span class='ocrx_word' id='word_1_356' title='bbox 413 2370 437 2410; x_wconf 88' lang='lat'>2</span> <span class='ocrx_word' id='word_1_357' title='bbox 466 2381 556 2418; x_wconf 81' lang='lat' dir='ltr'><strong>sqq.</strong></span> <span class='ocrx_word' id='word_1_358' title='bbox 587 2370 642 2417; x_wconf 86' lang='lat'><strong>2,</strong></span> <span class='ocrx_word' id='word_1_359' title='bbox 675 2369 754 2418; x_wconf 85' lang='lat'><strong>17,</strong></span> <span class='ocrx_word' id='word_1_360' title='bbox 787 2363 970 2410; x_wconf 82' lang='lat'><strong>17—24.</strong></span> <span class='ocrx_word' id='word_1_361' title='bbox 1029 2367 1263 2407; x_wconf 58' lang='lat' dir='ltr'><em>selmana</em></span> <span class='ocrx_word' id='word_1_362' title='bbox 1282 2366 1407 2419; x_wconf 73' lang='lat' dir='ltr'><em>Epist.</em></span> <span class='ocrx_word' id='word_1_363' title='bbox 1426 2371 1476 2419; x_wconf 78' lang='lat'><strong>2,</strong></span> <span class='ocrx_word' id='word_1_364' title='bbox 1501 2371 1542 2419; x_wconf 81' lang='lat'><em>2,</em></span> <span class='ocrx_word' id='word_1_365' title='bbox 1568 2370 1666 2410; x_wconf 87' lang='lat'><strong>187.</strong></span> 
     </span>
     <span class='ocr_line' id='line_1_39' title="bbox 106 2435 1662 2491; baseline 0 -15"><span class='ocrx_word' id='word_1_366' title='bbox 106 2438 267 2491; x_wconf 74' lang='lat' dir='ltr'><em>Rupert.</em></span> <span class='ocrx_word' id='word_1_367' title='bbox 299 2439 348 2477; x_wconf 87' lang='lat' dir='ltr'><em>ad</em></span> <span class='ocrx_word' id='word_1_368' title='bbox 377 2437 464 2475; x_wconf 88' lang='lat' dir='ltr'><strong>Juv.</strong></span> <span class='ocrx_word' id='word_1_369' title='bbox 495 2437 544 2486; x_wconf 88' lang='grc'><em>6,</em></span> <span class='ocrx_word' id='word_1_370' title='bbox 577 2436 660 2477; x_wconf 83' lang='lat'><em>533</em></span> <span class='ocrx_word' id='word_1_371' title='bbox 694 2449 783 2487; x_wconf 91' lang='lat' dir='ltr'><em>sqq.</em></span> <span class='ocrx_word' id='word_1_372' title='bbox 812 2436 863 2474; x_wconf 87' lang='lat' dir='ltr'><em>ad</em></span> <span class='ocrx_word' id='word_1_373' title='bbox 891 2435 1018 2474; x_wconf 83' lang='lat' dir='ltr'><em>Tacit.</em></span> <span class='ocrx_word' id='word_1_374' title='bbox 1054 2438 1102 2486; x_wconf 88' lang='grc'><em>2,</em></span> <span class='ocrx_word' id='word_1_375' title='bbox 1140 2435 1210 2478; x_wconf 81' lang='grc'><em>27.</em></span> <span class='ocrx_word' id='word_1_376' title='bbox 1269 2437 1436 2476; x_wconf 84' lang='lat' dir='ltr'><em>Casaub.</em></span> <span class='ocrx_word' id='word_1_377' title='bbox 1471 2439 1522 2476; x_wconf 89' lang='lat' dir='ltr'><em>ad</em></span> <span class='ocrx_word' id='word_1_378' title='bbox 1550 2437 1662 2478; x_wconf 83' lang='lat' dir='ltr'><em>Pers.</em></span> 
     </span>
     <span class='ocr_line' id='line_1_40' title="bbox 109 2503 1665 2558; baseline 0.001 -15.958"><span class='ocrx_word' id='word_1_379' title='bbox 109 2505 163 2558; x_wconf 84' lang='lat'><strong>5,</strong></span> <span class='ocrx_word' id='word_1_380' title='bbox 193 2503 249 2547; x_wconf 83' lang='lat'><strong>46</strong></span> <span class='ocrx_word' id='word_1_381' title='bbox 281 2519 369 2557; x_wconf 90' lang='lat' dir='ltr'><em>sqq.</em></span> <span class='ocrx_word' id='word_1_382' title='bbox 427 2504 566 2543; x_wconf 87' lang='lat' dir='ltr'><em>Loers.</em></span> <span class='ocrx_word' id='word_1_383' title='bbox 597 2506 646 2544; x_wconf 88' lang='lat' dir='ltr'><em>ad</em></span> <span class='ocrx_word' id='word_1_384' title='bbox 682 2505 795 2543; x_wconf 87' lang='lat' dir='ltr'><strong>ovid.</strong></span> <span class='ocrx_word' id='word_1_385' title='bbox 816 2504 976 2543; x_wconf 89' lang='lat' dir='ltr'><em>Heroid.</em></span> <span class='ocrx_word' id='word_1_386' title='bbox 1010 2504 1059 2555; x_wconf 87' lang='lat'><strong>8,</strong></span> <span class='ocrx_word' id='word_1_387' title='bbox 1092 2505 1161 2545; x_wconf 88' lang='lat'><em>88.</em></span> <span class='ocrx_word' id='word_1_388' title='bbox 1222 2504 1304 2543; x_wconf 89' lang='lat' dir='ltr'><em>Cic.</em></span> <span class='ocrx_word' id='word_1_389' title='bbox 1336 2506 1390 2545; x_wconf 95' lang='lat' dir='ltr'><em>N.</em></span> <span class='ocrx_word' id='word_1_390' title='bbox 1425 2505 1477 2545; x_wconf 93' lang='lat' dir='ltr'><em>D.</em></span> <span class='ocrx_word' id='word_1_391' title='bbox 1511 2508 1560 2555; x_wconf 89' lang='grc'><em>2,</em></span> <span class='ocrx_word' id='word_1_392' title='bbox 1594 2503 1665 2547; x_wconf 81' lang='lat'><em>42.</em></span> 
     </span>
     <span class='ocr_line' id='line_1_41' title="bbox 47 2571 1667 2625; baseline 0.001 -12.998"><span class='ocrx_word' id='word_1_393' title='bbox 47 2583 58 2619; x_wconf 69' lang='lat' dir='ltr'>j</span> <span class='ocrx_word' id='word_1_394' title='bbox 106 2571 176 2615; x_wconf 84' lang='lat'><em>43.</em></span> <span class='ocrx_word' id='word_1_395' title='bbox 207 2571 277 2615; x_wconf 87' lang='lat'><em>47.</em></span> <span class='ocrx_word' id='word_1_396' title='bbox 338 2574 539 2612; x_wconf 78' lang='lat' dir='ltr'><em>censorin.</em></span> <span class='ocrx_word' id='word_1_397' title='bbox 572 2575 622 2612; x_wconf 83' lang='lat' dir='ltr'><em>de</em></span> <span class='ocrx_word' id='word_1_398' title='bbox 648 2572 699 2612; x_wconf 91' lang='lat' dir='ltr'><em>D.</em></span> <span class='ocrx_word' id='word_1_399' title='bbox 733 2572 787 2610; x_wconf 93' lang='lat' dir='ltr'><em>N.</em></span> <span class='ocrx_word' id='word_1_400' title='bbox 819 2574 859 2612; x_wconf 91' lang='grc'><em>8.</em></span> <span class='ocrx_word' id='word_1_401' title='bbox 918 2574 1060 2611; x_wconf 88' lang='lat' dir='ltr'><em>Senec.</em></span> <span class='ocrx_word' id='word_1_402' title='bbox 1083 2573 1208 2624; x_wconf 88' lang='lat' dir='ltr'><em>Epist.</em></span> <span class='ocrx_word' id='word_1_403' title='bbox 1241 2574 1310 2613; x_wconf 89' lang='lat'><em>88.</em></span> <span class='ocrx_word' id='word_1_404' title='bbox 1347 2580 1386 2613; x_wconf 85' lang='lat' dir='ltr'><em>et</em></span> <span class='ocrx_word' id='word_1_405' title='bbox 1413 2587 1510 2625; x_wconf 88' lang='lat' dir='ltr'><em>quos</em></span> <span class='ocrx_word' id='word_1_406' title='bbox 1538 2575 1667 2613; x_wconf 84' lang='lat' dir='ltr'><em>laudat</em></span> 
     </span>
     <span class='ocr_line' id='line_1_42' title="bbox 108 2640 1663 2693; baseline -0.001 -13.043"><span class='ocrx_word' id='word_1_407' title='bbox 108 2640 287 2680; x_wconf 70' lang='lat' dir='ltr'><em>Liibker.</em></span> <span class='ocrx_word' id='word_1_408' title='bbox 321 2643 362 2685; x_wconf 77' lang='lat' dir='ltr'><em>in</em></span> <span class='ocrx_word' id='word_1_409' title='bbox 393 2642 623 2681; x_wconf 81' lang='lat' dir='ltr'><em>Horatianis.</em></span> <span class='ocrx_word' id='word_1_410' title='bbox 682 2641 868 2680; x_wconf 86' lang='lat' dir='ltr'><em>Schlesw.</em></span> <span class='ocrx_word' id='word_1_411' title='bbox 906 2640 1029 2682; x_wconf 86' lang='lat'><strong>1840.</strong></span> <span class='ocrx_word' id='word_1_412' title='bbox 1065 2655 1105 2693; x_wconf 90' lang='lat' dir='ltr'><em>p.</em></span> <span class='ocrx_word' id='word_1_413' title='bbox 1138 2641 1178 2681; x_wconf 88' lang='lat'><em>9.</em></span> <span class='ocrx_word' id='word_1_414' title='bbox 1239 2642 1302 2679; x_wconf 89' lang='lat' dir='ltr'><em>Cf.</em></span> <span class='ocrx_word' id='word_1_415' title='bbox 1338 2642 1385 2679; x_wconf 92' lang='lat' dir='ltr'><em>C.</em></span> <span class='ocrx_word' id='word_1_416' title='bbox 1417 2641 1579 2679; x_wconf 85' lang='lat' dir='ltr'><em>Passov.</em></span> <span class='ocrx_word' id='word_1_417' title='bbox 1608 2641 1663 2680; x_wconf 94' lang='lat' dir='ltr'><em>N.</em></span> 
     </span>
     <span class='ocr_line' id='line_1_43' title="bbox 54 2703 1666 2761; baseline 0.001 -14"><span class='ocrx_word' id='word_1_418' title='bbox 54 2703 57 2707; x_wconf 44' lang='lat'><strong>⁴</strong></span> <span class='ocrx_word' id='word_1_419' title='bbox 109 2709 179 2750; x_wconf 80' lang='grc'><em>70.</em></span> <span class='ocrx_word' id='word_1_420' title='bbox 211 2713 251 2747; x_wconf 90' lang='lat' dir='ltr'><em>et</em></span> <span class='ocrx_word' id='word_1_421' title='bbox 269 2709 562 2749; x_wconf 81' lang='lat' dir='ltr'><em>zimmermann.</em></span> <span class='ocrx_word' id='word_1_422' title='bbox 594 2711 647 2750; x_wconf 88' lang='lat' dir='ltr'><em>im</em></span> <span class='ocrx_word' id='word_1_423' title='bbox 674 2708 894 2760; x_wconf 83' lang='lat' dir='ltr'><em>Morgenbl.</em></span> <span class='ocrx_word' id='word_1_424' title='bbox 933 2709 1058 2751; x_wconf 87' lang='grc'><strong>1839.</strong></span> <span class='ocrx_word' id='word_1_425' title='bbox 1087 2710 1142 2748; x_wconf 93' lang='grc' dir='ltr'><em>Ν.</em></span> <span class='ocrx_word' id='word_1_426' title='bbox 1170 2710 1266 2752; x_wconf 87' lang='grc'>126.</span> <span class='ocrx_word' id='word_1_427' title='bbox 1299 2723 1340 2761; x_wconf 91' lang='lat' dir='ltr'><em>p.</em></span> <span class='ocrx_word' id='word_1_428' title='bbox 1363 2709 1460 2751; x_wconf 82' lang='lat'><strong>503.</strong></span> <span class='ocrx_word' id='word_1_429' title='bbox 1503 2709 1666 2761; x_wconf 83' lang='lat' dir='ltr'><em>„Ueber</em></span> 
     </span>
     <span class='ocr_line' id='line_1_44' title="bbox 43 2776 1667 2828; baseline 0 -12"><span class='ocrx_word' id='word_1_430' title='bbox 43 2794 46 2797; x_wconf 53' lang='grc'>“</span> <span class='ocrx_word' id='word_1_431' title='bbox 111 2776 431 2828; x_wconf 79' lang='lat' dir='ltr'><em>Geisterglauben</em></span> <span class='ocrx_word' id='word_1_432' title='bbox 473 2779 553 2817; x_wconf 91' lang='lat' dir='ltr'><em>und</em></span> <span class='ocrx_word' id='word_1_433' title='bbox 593 2779 875 2818; x_wconf 85' lang='lat' dir='ltr'><em>Geisterfurcht</em></span> <span class='ocrx_word' id='word_1_434' title='bbox 910 2778 973 2818; x_wconf 86' lang='lat' dir='ltr'><em>bei</em></span> <span class='ocrx_word' id='word_1_435' title='bbox 1009 2780 1085 2818; x_wconf 89' lang='lat' dir='ltr'><em>den</em></span> <span class='ocrx_word' id='word_1_436' title='bbox 1126 2777 1289 2816; x_wconf 80' lang='lat' dir='ltr'><em>Alten.“</em></span> <span class='ocrx_word' id='word_1_437' title='bbox 1354 2779 1459 2818; x_wconf 91' lang='lat' dir='ltr'><em>Idem</em></span> <span class='ocrx_word' id='word_1_438' title='bbox 1497 2781 1667 2818; x_wconf 87' lang='lat' dir='ltr'><em>sentiunt</em></span> 
     </span>
    </p>

    <p class='ocr_par' dir='ltr' id='par_1_7' title="bbox 59 2845 1667 3037">
     <span class='ocr_line' id='line_1_45' title="bbox 116 2845 1667 2897; baseline 0.001 -14"><span class='ocrx_word' id='word_1_439' title='bbox 116 2845 384 2895; x_wconf 55' lang='lat' dir='ltr'><em>walandius,</em></span> <span class='ocrx_word' id='word_1_440' title='bbox 423 2846 495 2884; x_wconf 69' lang='lat' dir='ltr'><em>R.</em></span> <span class='ocrx_word' id='word_1_441' title='bbox 528 2846 740 2885; x_wconf 66' lang='lat' dir='ltr'><em>Iac-obstas</em></span> <span class='ocrx_word' id='word_1_442' title='bbox 750 2876 766 2894; x_wconf 81' lang='lat'><strong>,</strong></span> <span class='ocrx_word' id='word_1_443' title='bbox 812 2847 1068 2896; x_wconf 83' lang='lat' dir='ltr'><em>Groebelius‚</em></span> <span class='ocrx_word' id='word_1_444' title='bbox 1113 2846 1302 2885; x_wconf 84' lang='lat' dir='ltr'><em>Orellius.</em></span> <span class='ocrx_word' id='word_1_445' title='bbox 1350 2847 1448 2897; x_wconf 85' lang='lat' dir='ltr'><em>Alii,</em></span> <span class='ocrx_word' id='word_1_446' title='bbox 1483 2852 1526 2886; x_wconf 85' lang='lat' dir='ltr'><em>ut</em></span> <span class='ocrx_word' id='word_1_447' title='bbox 1556 2849 1667 2885; x_wconf 67' lang='lat' dir='ltr'><em>AYoe-</em></span> 
     </span>
     <span class='ocr_line' id='line_1_46' title="bbox 112 2913 1665 2968; baseline 0.002 -17"><span class='ocrx_word' id='word_1_448' title='bbox 112 2913 215 2964; x_wconf 62' lang='lat' dir='ltr'><em>m&#39;g„</em></span> <span class='ocrx_word' id='word_1_449' title='bbox 243 2913 504 2953; x_wconf 88' lang='lat' dir='ltr'><em>Democritum</em></span> <span class='ocrx_word' id='word_1_450' title='bbox 532 2914 593 2952; x_wconf 86' lang='lat' dir='ltr'><em>vel</em></span> <span class='ocrx_word' id='word_1_451' title='bbox 621 2914 826 2967; x_wconf 87' lang='lat' dir='ltr'><em>Epicurum</em></span> <span class='ocrx_word' id='word_1_452' title='bbox 852 2917 912 2955; x_wconf 90' lang='lat' dir='ltr'><em>hic</em></span> <span class='ocrx_word' id='word_1_453' title='bbox 947 2915 1104 2966; x_wconf 83' lang='lat' dir='ltr'><em>intelligi</em></span> <span class='ocrx_word' id='word_1_454' title='bbox 1134 2915 1289 2966; x_wconf 76' lang='lat' dir='ltr'><em>volunt,</em></span> <span class='ocrx_word' id='word_1_455' title='bbox 1323 2919 1386 2967; x_wconf 91' lang='lat' dir='ltr'><em>qui</em></span> <span class='ocrx_word' id='word_1_456' title='bbox 1409 2919 1562 2968; x_wconf 87' lang='lat' dir='ltr'><em>quidem</em></span> <span class='ocrx_word' id='word_1_457' title='bbox 1582 2918 1665 2968; x_wconf 86' lang='lat' dir='ltr'><em>opi-</em></span> 
     </span>
     <span class='ocr_line' id='line_1_47' title="bbox 59 2979 1663 3037; baseline 0.002 -19"><span class='ocrx_word' id='word_1_458' title='bbox 59 3011 63 3015; x_wconf 40' lang='lat'><strong>.</strong></span> <span class='ocrx_word' id='word_1_459' title='bbox 110 2979 223 3020; x_wconf 79' lang='lat' dir='ltr'><em>nione</em></span> <span class='ocrx_word' id='word_1_460' title='bbox 262 2982 431 3027; x_wconf 87' lang='lat' dir='ltr'><em>Deormn</em></span> <span class='ocrx_word' id='word_1_461' title='bbox 476 2983 550 3021; x_wconf 75' lang='lat' dir='ltr'><em>w‘m</em></span> <span class='ocrx_word' id='word_1_462' title='bbox 592 2984 642 3022; x_wconf 86' lang='lat' dir='ltr'><em>ad</em></span> <span class='ocrx_word' id='word_1_463' title='bbox 683 2986 861 3024; x_wconf 88' lang='lat' dir='ltr'><em>mundum</em></span> <span class='ocrx_word' id='word_1_464' title='bbox 900 2985 1093 3037; x_wconf 81' lang='lat' dir='ltr'><em>pertinere</em></span> <span class='ocrx_word' id='word_1_465' title='bbox 1134 2984 1282 3024; x_wconf 87' lang='lat' dir='ltr'><em>sublata</em></span> <span class='ocrx_word' id='word_1_466' title='bbox 1315 2985 1486 3025; x_wconf 88' lang='lat' dir='ltr'><em>homines</em></span> <span class='ocrx_word' id='word_1_467' title='bbox 1515 2991 1663 3024; x_wconf 83' lang='lat' dir='ltr'><em>terrore</em></span> 
     </span>
    </p>
   </div>
  </div>
 </body>
</html>
