<?xml version="1.0" encoding="UTF-8"?>
<!DOCTYPE html PUBLIC "-//W3C//DTD XHTML 1.0 Transitional//EN"
    "http://www.w3.org/TR/xhtml1/DTD/xhtml1-transitional.dtd">
<html xmlns="http://www.w3.org/1999/xhtml" xml:lang="en" lang="en">
 <head>
  <title>
</title>
<meta http-equiv="Content-Type" content="text/html;charset=utf-8" />
  <meta name='ocr-system' content='tesseract 3.04.00' />
  <meta name='ocr-capabilities' content='ocr_page ocr_carea ocr_par ocr_line ocrx_word'/>
</head>
<body>
  <div class='ocr_page' id='page_1' title='image "./epistolascomment01horauoft_0177.png"; bbox 0 0 2028 3268; ppageno 0'>
   <div class='ocr_carea' id='block_1_1' title="bbox 170 240 1723 293">
    <p class='ocr_par' dir='ltr' id='par_1_1' title="bbox 170 240 1723 293">
     <span class='ocr_line' id='line_1_1' title="bbox 170 240 1723 293; baseline -0.008 0"><span class='ocrx_word' id='word_1_1' title='bbox 170 250 223 293; x_wconf 76' lang='grc'>45</span> <span class='ocrx_word' id='word_1_2' title='bbox 282 249 658 289; x_wconf 85' lang='lat' dir='ltr'><strong>COMMENTARII</strong></span> <span class='ocrx_word' id='word_1_3' title='bbox 685 249 741 285; x_wconf 92' lang='lat' dir='ltr'>IN</span> <span class='ocrx_word' id='word_1_4' title='bbox 770 246 993 286; x_wconf 84' lang='lat' dir='ltr'><strong>HORATII</strong></span> <span class='ocrx_word' id='word_1_5' title='bbox 1016 245 1190 285; x_wconf 87' lang='lat' dir='ltr'><strong>EPIST.</strong></span> <span class='ocrx_word' id='word_1_6' title='bbox 1212 244 1436 283; x_wconf 86' lang='lat' dir='ltr'><strong>SECUND.</strong></span> <span class='ocrx_word' id='word_1_7' title='bbox 1457 245 1558 284; x_wconf 87' lang='lat' dir='ltr'>LlB.</span> <span class='ocrx_word' id='word_1_8' title='bbox 1580 246 1612 282; x_wconf 88' lang='grc' dir='ltr'>Ι.</span> <span class='ocrx_word' id='word_1_9' title='bbox 1642 240 1723 282; x_wconf 79' lang='grc'>151</span> 
     </span>
    </p>
   </div>
   <div class='ocr_carea' id='block_1_2' title="bbox 157 354 1741 3015">
    <p class='ocr_par' dir='ltr' id='par_1_2' title="bbox 157 354 1735 1577">
     <span class='ocr_line' id='line_1_2' title="bbox 169 354 1726 414; baseline -0.006 -11"><span class='ocrx_word' id='word_1_10' title='bbox 169 362 337 403; x_wconf 83' lang='lat' dir='ltr'>laudant</span> <span class='ocrx_word' id='word_1_11' title='bbox 355 360 516 401; x_wconf 84' lang='lat' dir='ltr'>Pindar.</span> <span class='ocrx_word' id='word_1_12' title='bbox 546 361 666 414; x_wconf 85' lang='lat' dir='ltr'>Pyth.</span> <span class='ocrx_word' id='word_1_13' title='bbox 691 363 731 412; x_wconf 87' lang='lat'>2,</span> <span class='ocrx_word' id='word_1_14' title='bbox 755 359 856 402; x_wconf 83' lang='lat'><strong>145.</strong></span> <span class='ocrx_word' id='word_1_15' title='bbox 885 355 1132 414; x_wconf 66' lang='grc' dir='ltr'><strong><em>ἀβάπτιστός</em></strong></span> <span class='ocrx_word' id='word_1_16' title='bbox 1154 358 1233 412; x_wconf 81' lang='grc' dir='ltr'><strong><em>εἶμι</em></strong></span> <span class='ocrx_word' id='word_1_17' title='bbox 1256 354 1399 409; x_wconf 81' lang='grc' dir='ltr'><em>φελλὸς</em></span> <span class='ocrx_word' id='word_1_18' title='bbox 1421 356 1488 406; x_wconf 72' lang='grc' dir='ltr'>ω’ς.</span> <span class='ocrx_word' id='word_1_19' title='bbox 1527 357 1726 396; x_wconf 82' lang='lat' dir='ltr'>Similiter</span> 
     </span>
     <span class='ocr_line' id='line_1_3' title="bbox 169 426 1727 484; baseline -0.006 -13"><span class='ocrx_word' id='word_1_20' title='bbox 169 431 243 471; x_wconf 87' lang='lat' dir='ltr'>Od.</span> <span class='ocrx_word' id='word_1_21' title='bbox 270 430 310 482; x_wconf 83' lang='lat'>4,</span> <span class='ocrx_word' id='word_1_22' title='bbox 328 429 380 484; x_wconf 74' lang='lat'>4,</span> <span class='ocrx_word' id='word_1_23' title='bbox 412 430 479 471; x_wconf 84' lang='grc'>65.</span> <span class='ocrx_word' id='word_1_24' title='bbox 524 431 681 468; x_wconf 77' lang='lat' dir='ltr'>Mer-ses</span> <span class='ocrx_word' id='word_1_25' title='bbox 709 429 915 482; x_wconf 75' lang='lat' dir='ltr'>profando</span> <span class='ocrx_word' id='word_1_26' title='bbox 925 457 943 475; x_wconf 79' lang='lat'><strong>,</strong></span> <span class='ocrx_word' id='word_1_27' title='bbox 971 428 1183 480; x_wconf 77' lang='lat' dir='ltr'><em>pulchrior</em></span> <span class='ocrx_word' id='word_1_28' title='bbox 1213 429 1365 474; x_wconf 73' lang='lat' dir='ltr'>evenit,</span> <span class='ocrx_word' id='word_1_29' title='bbox 1396 440 1479 465; x_wconf 89' lang='lat' dir='ltr'>non</span> <span class='ocrx_word' id='word_1_30' title='bbox 1509 428 1630 475; x_wconf 80' lang='lat' dir='ltr'><strong><em>exiet,</em></strong></span> <span class='ocrx_word' id='word_1_31' title='bbox 1667 426 1727 463; x_wconf 87' lang='lat' dir='ltr'>uti</span> 
     </span>
     <span class='ocr_line' id='line_1_4' title="bbox 170 495 1727 552; baseline -0.006 -13"><span class='ocrx_word' id='word_1_32' title='bbox 170 500 327 552; x_wconf 81' lang='lat' dir='ltr'><strong>scripsit</strong></span> <span class='ocrx_word' id='word_1_33' title='bbox 359 499 546 538; x_wconf 84' lang='lat' dir='ltr'>Orellius.</span> <span class='ocrx_word' id='word_1_34' title='bbox 589 500 736 538; x_wconf 72' lang='lat' dir='ltr'>catull.</span> <span class='ocrx_word' id='word_1_35' title='bbox 770 498 838 548; x_wconf 86' lang='lat'>63,</span> <span class='ocrx_word' id='word_1_36' title='bbox 871 497 938 538; x_wconf 84' lang='grc'>13.</span> <span class='ocrx_word' id='word_1_37' title='bbox 1004 496 1189 547; x_wconf 76' lang='lat' dir='ltr'>Accipe,</span> <span class='ocrx_word' id='word_1_38' title='bbox 1228 496 1319 548; x_wconf 82' lang='lat' dir='ltr'>quis</span> <span class='ocrx_word' id='word_1_39' title='bbox 1347 509 1497 532; x_wconf 83' lang='lat' dir='ltr'>mersus</span> <span class='ocrx_word' id='word_1_40' title='bbox 1527 495 1727 547; x_wconf 81' lang='lat' dir='ltr'>sbrtunae</span> 
     </span>
     <span class='ocr_line' id='line_1_5' title="bbox 157 562 1727 619; baseline -0.004 -13"><span class='ocrx_word' id='word_1_41' title='bbox 157 567 358 619; x_wconf 80' lang='lat' dir='ltr'>fluctibus</span> <span class='ocrx_word' id='word_1_42' title='bbox 374 568 471 618; x_wconf 85' lang='lat' dir='ltr'>ipse.</span> <span class='ocrx_word' id='word_1_43' title='bbox 500 568 590 606; x_wconf 84' lang='lat' dir='ltr'><strong>Liv.</strong></span> <span class='ocrx_word' id='word_1_44' title='bbox 614 568 654 617; x_wconf 86' lang='lat'>9,</span> <span class='ocrx_word' id='word_1_45' title='bbox 683 568 750 616; x_wconf 89' lang='lat'>18,</span> <span class='ocrx_word' id='word_1_46' title='bbox 772 568 810 607; x_wconf 90' lang='lat'>1.</span> <span class='ocrx_word' id='word_1_47' title='bbox 842 579 994 603; x_wconf 81' lang='lat' dir='ltr'>mersus</span> <span class='ocrx_word' id='word_1_48' title='bbox 1013 563 1132 602; x_wconf 80' lang='lat' dir='ltr'>rebus</span> <span class='ocrx_word' id='word_1_49' title='bbox 1150 564 1350 601; x_wconf 79' lang='lat' dir='ltr'>secundis.</span> <span class='ocrx_word' id='word_1_50' title='bbox 1384 564 1445 602; x_wconf 84' lang='lat' dir='ltr'><strong>Cf.</strong></span> <span class='ocrx_word' id='word_1_51' title='bbox 1467 562 1651 602; x_wconf 87' lang='lat' dir='ltr'>Schmid.</span> <span class='ocrx_word' id='word_1_52' title='bbox 1675 562 1727 600; x_wconf 90' lang='lat' dir='ltr'>ad</span> 
     </span>
     <span class='ocr_line' id='line_1_6' title="bbox 169 623 1728 688; baseline -0.003 -14"><span class='ocrx_word' id='word_1_53' title='bbox 169 637 297 688; x_wconf 85' lang='lat' dir='ltr'>Epist.</span> <span class='ocrx_word' id='word_1_54' title='bbox 327 636 365 684; x_wconf 93' lang='lat'>1,</span> <span class='ocrx_word' id='word_1_55' title='bbox 405 636 443 684; x_wconf 91' lang='lat'>1,</span> <span class='ocrx_word' id='word_1_56' title='bbox 473 636 540 675; x_wconf 89' lang='lat'>16.</span> <span class='ocrx_word' id='word_1_57' title='bbox 574 637 677 672; x_wconf 90' lang='lat' dir='ltr'>Hinc</span> <span class='ocrx_word' id='word_1_58' title='bbox 707 633 987 672; x_wconf 75' lang='lat' dir='ltr'><em>immersabilis</em></span> <span class='ocrx_word' id='word_1_59' title='bbox 1017 623 1372 683; x_wconf 27' lang='lat' dir='ltr'>contrarium&#39;ejus</span> <span class='ocrx_word' id='word_1_60' title='bbox 1400 631 1578 682; x_wconf 79' lang='lat' dir='ltr'>indicat,</span> <span class='ocrx_word' id='word_1_61' title='bbox 1619 631 1728 685; x_wconf 87' lang='lat' dir='ltr'>quod</span> 
     </span>
     <span class='ocr_line' id='line_1_7' title="bbox 170 701 1728 756; baseline -0.002 -14"><span class='ocrx_word' id='word_1_62' title='bbox 170 717 292 742; x_wconf 87' lang='lat' dir='ltr'>sensu</span> <span class='ocrx_word' id='word_1_63' title='bbox 315 701 590 755; x_wconf 78' lang='lat' dir='ltr'>metaphorice</span> <span class='ocrx_word' id='word_1_64' title='bbox 614 705 763 756; x_wconf 82' lang='lat' dir='ltr'>legitur</span> <span class='ocrx_word' id='word_1_65' title='bbox 793 716 858 755; x_wconf 86' lang='lat' dir='ltr'>ap.</span> <span class='ocrx_word' id='word_1_66' title='bbox 885 705 997 741; x_wconf 89' lang='lat' dir='ltr'>Pers.</span> <span class='ocrx_word' id='word_1_67' title='bbox 1033 702 1073 751; x_wconf 83' lang='lat'>3,</span> <span class='ocrx_word' id='word_1_68' title='bbox 1101 702 1171 743; x_wconf 85' lang='lat'><strong>33.</strong></span> <span class='ocrx_word' id='word_1_69' title='bbox 1201 701 1284 738; x_wconf 81' lang='lat' dir='ltr'>alto</span> <span class='ocrx_word' id='word_1_70' title='bbox 1320 702 1539 739; x_wconf 78' lang='lat' dir='ltr'><em>Demersus</em></span> <span class='ocrx_word' id='word_1_71' title='bbox 1568 715 1728 739; x_wconf 80' lang='lat' dir='ltr'>samma</span> 
     </span>
     <span class='ocr_line' id='line_1_8' title="bbox 169 769 1728 823; baseline -0.002 -13"><span class='ocrx_word' id='word_1_72' title='bbox 169 787 308 811; x_wconf 80' lang='lat' dir='ltr'>rursus</span> <span class='ocrx_word' id='word_1_73' title='bbox 324 786 405 810; x_wconf 84' lang='lat' dir='ltr'>non</span> <span class='ocrx_word' id='word_1_74' title='bbox 426 771 548 809; x_wconf 78' lang='lat' dir='ltr'><em>bullit</em></span> <span class='ocrx_word' id='word_1_75' title='bbox 563 774 607 810; x_wconf 77' lang='lat' dir='ltr'>in</span> <span class='ocrx_word' id='word_1_76' title='bbox 627 772 753 810; x_wconf 74' lang='lat' dir='ltr'>unda.</span> <span class='ocrx_word' id='word_1_77' title='bbox 814 772 1001 823; x_wconf 88' lang='lat' dir='ltr'>Denique</span> <span class='ocrx_word' id='word_1_78' title='bbox 1022 769 1074 808; x_wconf 87' lang='lat' dir='ltr'>ad</span> <span class='ocrx_word' id='word_1_79' title='bbox 1093 784 1180 807; x_wconf 89' lang='lat' dir='ltr'>rem</span> <span class='ocrx_word' id='word_1_80' title='bbox 1198 771 1294 807; x_wconf 84' lang='lat' dir='ltr'>facit</span> <span class='ocrx_word' id='word_1_81' title='bbox 1306 800 1315 818; x_wconf 87' lang='lat'>‚</span> <span class='ocrx_word' id='word_1_82' title='bbox 1348 769 1456 822; x_wconf 87' lang='lat' dir='ltr'>quod</span> <span class='ocrx_word' id='word_1_83' title='bbox 1475 772 1562 823; x_wconf 87' lang='lat' dir='ltr'>ipsa</span> <span class='ocrx_word' id='word_1_84' title='bbox 1592 769 1728 808; x_wconf 83' lang='lat' dir='ltr'>homi-</span> 
     </span>
     <span class='ocr_line' id='line_1_9' title="bbox 169 836 1729 892; baseline 0 -14"><span class='ocrx_word' id='word_1_85' title='bbox 169 854 270 878; x_wconf 90' lang='lat' dir='ltr'>num</span> <span class='ocrx_word' id='word_1_86' title='bbox 296 841 380 878; x_wconf 79' lang='lat' dir='ltr'>vita</span> <span class='ocrx_word' id='word_1_87' title='bbox 403 853 497 878; x_wconf 87' lang='lat' dir='ltr'>cum</span> <span class='ocrx_word' id='word_1_88' title='bbox 523 840 780 891; x_wconf 84' lang='lat' dir='ltr'>navigatione</span> <span class='ocrx_word' id='word_1_89' title='bbox 807 845 1074 891; x_wconf 85' lang='lat' dir='ltr'>comparatur.</span> <span class='ocrx_word' id='word_1_90' title='bbox 1132 837 1232 876; x_wconf 86' lang='lat' dir='ltr'>Inde</span> <span class='ocrx_word' id='word_1_91' title='bbox 1259 839 1495 880; x_wconf 81' lang='grc' dir='ltr'><strong><em>διαπλεῦσαι</em></strong></span> <span class='ocrx_word' id='word_1_92' title='bbox 1524 836 1596 880; x_wconf 81' lang='grc' dir='ltr'>τόν</span> <span class='ocrx_word' id='word_1_93' title='bbox 1622 841 1729 892; x_wconf 89' lang='grc' dir='ltr'>βίον.</span> 
     </span>
     <span class='ocr_line' id='line_1_10' title="bbox 170 906 1729 960; baseline -0.001 -14"><span class='ocrx_word' id='word_1_94' title='bbox 170 907 262 948; x_wconf 88' lang='lat' dir='ltr'><strong>Vid.</strong></span> <span class='ocrx_word' id='word_1_95' title='bbox 280 906 462 946; x_wconf 84' lang='lat' dir='ltr'>Schmid.</span> <span class='ocrx_word' id='word_1_96' title='bbox 483 907 534 946; x_wconf 86' lang='lat' dir='ltr'>ad</span> <span class='ocrx_word' id='word_1_97' title='bbox 553 909 682 960; x_wconf 80' lang='lat' dir='ltr'><strong>Epist.</strong></span> <span class='ocrx_word' id='word_1_98' title='bbox 703 909 744 956; x_wconf 83' lang='lat'>2,</span> <span class='ocrx_word' id='word_1_99' title='bbox 766 908 804 956; x_wconf 89' lang='lat'>1,</span> <span class='ocrx_word' id='word_1_100' title='bbox 829 908 924 948; x_wconf 82' lang='grc'><strong>102.</strong></span> <span class='ocrx_word' id='word_1_101' title='bbox 945 907 1090 946; x_wconf 85' lang='lat' dir='ltr'>Stallb.</span> <span class='ocrx_word' id='word_1_102' title='bbox 1113 906 1164 944; x_wconf 90' lang='lat' dir='ltr'>ad</span> <span class='ocrx_word' id='word_1_103' title='bbox 1187 908 1292 945; x_wconf 83' lang='lat' dir='ltr'>Plat.</span> <span class='ocrx_word' id='word_1_104' title='bbox 1313 906 1465 949; x_wconf 81' lang='lat' dir='ltr'>phaed.</span> <span class='ocrx_word' id='word_1_105' title='bbox 1486 908 1554 950; x_wconf 83' lang='lat'><strong>35.</strong></span> <span class='ocrx_word' id='word_1_106' title='bbox 1571 923 1611 960; x_wconf 88' lang='lat' dir='ltr'><strong>p.</strong></span> <span class='ocrx_word' id='word_1_107' title='bbox 1633 910 1729 950; x_wconf 88' lang='lat'><strong>116.</strong></span> 
     </span>
     <span class='ocr_line' id='line_1_11' title="bbox 170 967 1730 1034; baseline -0.001 -19"><span class='ocrx_word' id='word_1_108' title='bbox 170 979 236 1015; x_wconf 84' lang='lat' dir='ltr'>Fr.</span> <span class='ocrx_word' id='word_1_109' title='bbox 258 978 418 1016; x_wconf 87' lang='lat' dir='ltr'><strong>Jacobs.</strong></span> <span class='ocrx_word' id='word_1_110' title='bbox 439 967 491 1014; x_wconf 82' lang='lat' dir='ltr'>ad</span> <span class='ocrx_word' id='word_1_111' title='bbox 506 977 659 1034; x_wconf 77' lang='lat' dir='ltr'>Delect.</span> <span class='ocrx_word' id='word_1_112' title='bbox 682 977 824 1028; x_wconf 85' lang='lat' dir='ltr'>Epigr.</span> <span class='ocrx_word' id='word_1_113' title='bbox 843 976 883 1025; x_wconf 88' lang='lat'>7,</span> <span class='ocrx_word' id='word_1_114' title='bbox 903 977 973 1018; x_wconf 83' lang='lat'>85.</span> <span class='ocrx_word' id='word_1_115' title='bbox 997 977 1139 1016; x_wconf 82' lang='lat' dir='ltr'>Jacob.</span> <span class='ocrx_word' id='word_1_116' title='bbox 1159 975 1211 1014; x_wconf 84' lang='lat' dir='ltr'>ad</span> <span class='ocrx_word' id='word_1_117' title='bbox 1230 977 1384 1013; x_wconf 83' lang='lat' dir='ltr'>Lucian</span> <span class='ocrx_word' id='word_1_118' title='bbox 1407 978 1516 1015; x_wconf 75' lang='lat' dir='ltr'>Tox.</span> <span class='ocrx_word' id='word_1_119' title='bbox 1535 979 1577 1017; x_wconf 92' lang='grc'>7.</span> <span class='ocrx_word' id='word_1_120' title='bbox 1599 991 1640 1029; x_wconf 90' lang='lat' dir='ltr'>p.</span> <span class='ocrx_word' id='word_1_121' title='bbox 1663 977 1730 1017; x_wconf 89' lang='lat'>52.</span> 
     </span>
     <span class='ocr_line' id='line_1_12' title="bbox 170 1041 1732 1099; baseline 0.003 -16"><span class='ocrx_word' id='word_1_122' title='bbox 170 1047 275 1083; x_wconf 91' lang='lat' dir='ltr'>Hinc</span> <span class='ocrx_word' id='word_1_123' title='bbox 296 1044 501 1098; x_wconf 86' lang='lat' dir='ltr'>Chrysost.</span> <span class='ocrx_word' id='word_1_124' title='bbox 519 1045 562 1082; x_wconf 91' lang='lat' dir='ltr'>in</span> <span class='ocrx_word' id='word_1_125' title='bbox 582 1046 734 1083; x_wconf 90' lang='lat' dir='ltr'>Homil.</span> <span class='ocrx_word' id='word_1_126' title='bbox 753 1058 774 1082; x_wconf 91' lang='lat' dir='ltr'>e</span> <span class='ocrx_word' id='word_1_127' title='bbox 792 1043 878 1082; x_wconf 87' lang='lat' dir='ltr'>cod.</span> <span class='ocrx_word' id='word_1_128' title='bbox 897 1044 1040 1084; x_wconf 86' lang='lat' dir='ltr'>Dresd.</span> <span class='ocrx_word' id='word_1_129' title='bbox 1064 1045 1128 1083; x_wconf 85' lang='lat' dir='ltr'>ed.</span> <span class='ocrx_word' id='word_1_130' title='bbox 1146 1058 1168 1082; x_wconf 91' lang='lat' dir='ltr'>a</span> <span class='ocrx_word' id='word_1_131' title='bbox 1186 1043 1355 1083; x_wconf 86' lang='lat' dir='ltr'>Becher.</span> <span class='ocrx_word' id='word_1_132' title='bbox 1371 1059 1412 1097; x_wconf 91' lang='lat' dir='ltr'>p.</span> <span class='ocrx_word' id='word_1_133' title='bbox 1433 1045 1499 1087; x_wconf 85' lang='lat'>13.</span> <span class='ocrx_word' id='word_1_134' title='bbox 1525 1041 1732 1099; x_wconf 76' lang='grc' dir='ltr'><strong><em>Καθάπερ</em></strong></span> 
     </span>
     <span class='ocr_line' id='line_1_13' title="bbox 169 1110 1732 1168; baseline 0 -14"><span class='ocrx_word' id='word_1_135' title='bbox 169 1111 247 1168; x_wconf 62' lang='lat' dir='ltr'>yde</span> <span class='ocrx_word' id='word_1_136' title='bbox 270 1110 476 1154; x_wconf 70' lang='grc' dir='ltr'><strong><em>θάλατταν</em></strong></span> <span class='ocrx_word' id='word_1_137' title='bbox 495 1110 567 1154; x_wconf 75' lang='grc' dir='ltr'>τόν</span> <span class='ocrx_word' id='word_1_138' title='bbox 584 1110 765 1168; x_wconf 84' lang='grc' dir='ltr'><strong><em>παρόντα</em></strong></span> <span class='ocrx_word' id='word_1_139' title='bbox 789 1111 1087 1166; x_wconf 82' lang='grc' dir='ltr'><strong><em>ναυτιλλόμεθα</em></strong></span> <span class='ocrx_word' id='word_1_140' title='bbox 1108 1114 1200 1167; x_wconf 84' lang='grc' dir='ltr'>βίον</span> <span class='ocrx_word' id='word_1_141' title='bbox 1227 1112 1515 1168; x_wconf 77' lang='grc' dir='ltr'><em>σφοδροτέροις</em></span> <span class='ocrx_word' id='word_1_142' title='bbox 1535 1111 1732 1167; x_wconf 75' lang='grc' dir='ltr'><strong><em>κυμάτων</em></strong></span> 
     </span>
     <span class='ocr_line' id='line_1_14' title="bbox 171 1177 1733 1236; baseline -0.003 -13"><span class='ocrx_word' id='word_1_143' title='bbox 171 1179 437 1236; x_wconf 68' lang='grc' dir='ltr'><strong><em>συμπτώμασι</em></strong></span> <span class='ocrx_word' id='word_1_144' title='bbox 454 1177 674 1235; x_wconf 70' lang='grc' dir='ltr'>χρώμενον.</span> <span class='ocrx_word' id='word_1_145' title='bbox 733 1182 921 1220; x_wconf 84' lang='lat' dir='ltr'>Ceterum</span> <span class='ocrx_word' id='word_1_146' title='bbox 945 1183 1075 1220; x_wconf 88' lang='lat' dir='ltr'>multa</span> <span class='ocrx_word' id='word_1_147' title='bbox 1097 1196 1150 1220; x_wconf 84' lang='lat' dir='ltr'>ex</span> <span class='ocrx_word' id='word_1_148' title='bbox 1173 1184 1308 1221; x_wconf 86' lang='lat' dir='ltr'>Ulixis</span> <span class='ocrx_word' id='word_1_149' title='bbox 1330 1184 1468 1221; x_wconf 91' lang='lat' dir='ltr'>fabula</span> <span class='ocrx_word' id='word_1_150' title='bbox 1498 1181 1549 1220; x_wconf 87' lang='lat' dir='ltr'>ad</span> <span class='ocrx_word' id='word_1_151' title='bbox 1567 1196 1733 1220; x_wconf 87' lang='lat' dir='ltr'>sensum</span> 
     </span>
     <span class='ocr_line' id='line_1_15' title="bbox 171 1249 1733 1303; baseline 0 -15"><span class='ocrx_word' id='word_1_152' title='bbox 171 1249 332 1289; x_wconf 83' lang='lat' dir='ltr'>honesti</span> <span class='ocrx_word' id='word_1_153' title='bbox 355 1252 534 1302; x_wconf 82' lang='lat' dir='ltr'>explicat</span> <span class='ocrx_word' id='word_1_154' title='bbox 558 1258 596 1288; x_wconf 89' lang='lat' dir='ltr'>et</span> <span class='ocrx_word' id='word_1_155' title='bbox 627 1250 902 1288; x_wconf 83' lang='lat' dir='ltr'><strong>accommodat</strong></span> <span class='ocrx_word' id='word_1_156' title='bbox 921 1251 1075 1289; x_wconf 84' lang='lat' dir='ltr'>Seneca</span> <span class='ocrx_word' id='word_1_157' title='bbox 1103 1252 1146 1289; x_wconf 92' lang='lat' dir='ltr'>in</span> <span class='ocrx_word' id='word_1_158' title='bbox 1173 1253 1304 1303; x_wconf 89' lang='lat' dir='ltr'>Epist.</span> <span class='ocrx_word' id='word_1_159' title='bbox 1334 1252 1430 1293; x_wconf 88' lang='lat'><strong>88.:</strong></span> <span class='ocrx_word' id='word_1_160' title='bbox 1471 1253 1733 1302; x_wconf 75' lang='lat' dir='ltr'>Tempe-states</span> 
     </span>
     <span class='ocr_line' id='line_1_16' title="bbox 171 1319 1734 1372; baseline -0.001 -16"><span class='ocrx_word' id='word_1_161' title='bbox 171 1320 301 1356; x_wconf 84' lang='lat' dir='ltr'>animi</span> <span class='ocrx_word' id='word_1_162' title='bbox 327 1332 398 1356; x_wconf 87' lang='lat' dir='ltr'>nos</span> <span class='ocrx_word' id='word_1_163' title='bbox 421 1319 595 1371; x_wconf 78' lang='lat' dir='ltr'>quotidie</span> <span class='ocrx_word' id='word_1_164' title='bbox 607 1322 776 1367; x_wconf 84' lang='lat' dir='ltr'>jactant</span> <span class='ocrx_word' id='word_1_165' title='bbox 781 1348 799 1366; x_wconf 69' lang='lat'><strong>,</strong></span> <span class='ocrx_word' id='word_1_166' title='bbox 830 1327 867 1356; x_wconf 92' lang='lat' dir='ltr'>et</span> <span class='ocrx_word' id='word_1_167' title='bbox 896 1321 1075 1372; x_wconf 79' lang='lat' dir='ltr'>nequitia</span> <span class='ocrx_word' id='word_1_168' title='bbox 1100 1322 1144 1357; x_wconf 84' lang='lat' dir='ltr'>in</span> <span class='ocrx_word' id='word_1_169' title='bbox 1174 1322 1313 1359; x_wconf 84' lang='lat' dir='ltr'>omnia</span> <span class='ocrx_word' id='word_1_170' title='bbox 1353 1321 1482 1358; x_wconf 82' lang='lat' dir='ltr'>Ulixis</span> <span class='ocrx_word' id='word_1_171' title='bbox 1510 1319 1623 1356; x_wconf 83' lang='lat' dir='ltr'>mala</span> <span class='ocrx_word' id='word_1_172' title='bbox 1655 1321 1734 1356; x_wconf 88' lang='lat' dir='ltr'>im-</span> 
     </span>
     <span class='ocr_line' id='line_1_17' title="bbox 168 1387 1735 1440; baseline 0.001 -16"><span class='ocrx_word' id='word_1_173' title='bbox 168 1387 301 1439; x_wconf 82' lang='lat' dir='ltr'>pellit.</span> <span class='ocrx_word' id='word_1_174' title='bbox 363 1387 462 1424; x_wconf 85' lang='lat' dir='ltr'>Non</span> <span class='ocrx_word' id='word_1_175' title='bbox 486 1387 594 1425; x_wconf 82' lang='lat' dir='ltr'>deest</span> <span class='ocrx_word' id='word_1_176' title='bbox 607 1388 751 1439; x_wconf 75' lang='lat' dir='ltr'>forma</span> <span class='ocrx_word' id='word_1_177' title='bbox 753 1417 769 1434; x_wconf 59' lang='lat'>2</span> <span class='ocrx_word' id='word_1_178' title='bbox 802 1401 906 1440; x_wconf 79' lang='lat' dir='ltr'>quae</span> <span class='ocrx_word' id='word_1_179' title='bbox 929 1388 1119 1426; x_wconf 68' lang='lat' dir='ltr'>sollicitat</span> <span class='ocrx_word' id='word_1_180' title='bbox 1140 1389 1275 1427; x_wconf 77' lang='lat' dir='ltr'>oculos</span> <span class='ocrx_word' id='word_1_181' title='bbox 1287 1419 1304 1436; x_wconf 84' lang='lat'><strong>,</strong></span> <span class='ocrx_word' id='word_1_182' title='bbox 1336 1404 1417 1428; x_wconf 85' lang='lat' dir='ltr'>non</span> <span class='ocrx_word' id='word_1_183' title='bbox 1450 1388 1597 1426; x_wconf 80' lang='lat' dir='ltr'>hostis:</span> <span class='ocrx_word' id='word_1_184' title='bbox 1637 1387 1735 1426; x_wconf 74' lang='lat' dir='ltr'>hinc</span> 
     </span>
     <span class='ocr_line' id='line_1_18' title="bbox 173 1456 1735 1509; baseline 0 -15"><span class='ocrx_word' id='word_1_185' title='bbox 173 1463 350 1494; x_wconf 75' lang='lat' dir='ltr'>monstra</span> <span class='ocrx_word' id='word_1_186' title='bbox 369 1456 491 1509; x_wconf 77' lang='lat' dir='ltr'>effera</span> <span class='ocrx_word' id='word_1_187' title='bbox 513 1464 551 1493; x_wconf 91' lang='lat' dir='ltr'>et</span> <span class='ocrx_word' id='word_1_188' title='bbox 567 1457 745 1494; x_wconf 74' lang='lat' dir='ltr'>humano</span> <span class='ocrx_word' id='word_1_189' title='bbox 763 1470 827 1494; x_wconf 90' lang='lat' dir='ltr'>ore</span> <span class='ocrx_word' id='word_1_190' title='bbox 846 1457 1072 1509; x_wconf 77' lang='lat' dir='ltr'>gaudentia</span> <span class='ocrx_word' id='word_1_191' title='bbox 1085 1473 1097 1494; x_wconf 89' lang='lat'><em>:</em></span> <span class='ocrx_word' id='word_1_192' title='bbox 1128 1457 1225 1495; x_wconf 79' lang='lat' dir='ltr'>hine</span> <span class='ocrx_word' id='word_1_193' title='bbox 1243 1457 1435 1495; x_wconf 83' lang='lat' dir='ltr'>insidiosa</span> <span class='ocrx_word' id='word_1_194' title='bbox 1458 1457 1735 1495; x_wconf 82' lang='lat' dir='ltr'>blandimenta</span> 
     </span>
     <span class='ocr_line' id='line_1_19' title="bbox 173 1524 1318 1577; baseline 0 -15"><span class='ocrx_word' id='word_1_195' title='bbox 173 1525 335 1562; x_wconf 80' lang='lat' dir='ltr'>aurium</span> <span class='ocrx_word' id='word_1_196' title='bbox 348 1540 360 1561; x_wconf 84' lang='grc'>.-</span> <span class='ocrx_word' id='word_1_197' title='bbox 389 1524 485 1563; x_wconf 75' lang='lat' dir='ltr'>hinc</span> <span class='ocrx_word' id='word_1_198' title='bbox 501 1525 725 1577; x_wconf 69' lang='lat' dir='ltr'>naufragia</span> <span class='ocrx_word' id='word_1_199' title='bbox 745 1532 781 1562; x_wconf 83' lang='lat' dir='ltr'>et</span> <span class='ocrx_word' id='word_1_200' title='bbox 799 1532 855 1562; x_wconf 80' lang='lat' dir='ltr'>lot</span> <span class='ocrx_word' id='word_1_201' title='bbox 869 1527 1080 1564; x_wconf 77' lang='lat' dir='ltr'>varietates</span> <span class='ocrx_word' id='word_1_202' title='bbox 1103 1526 1318 1564; x_wconf 77' lang='lat' dir='ltr'>maloram.</span> 
     </span>
    </p>

    <p class='ocr_par' dir='ltr' id='par_1_3' title="bbox 169 1593 1741 3015">
     <span class='ocr_line' id='line_1_20' title="bbox 287 1593 1733 1646; baseline 0 -16"><span class='ocrx_word' id='word_1_203' title='bbox 287 1595 334 1633; x_wconf 91' lang='lat' dir='ltr'>V.</span> <span class='ocrx_word' id='word_1_204' title='bbox 345 1593 413 1634; x_wconf 82' lang='grc'>23.</span> <span class='ocrx_word' id='word_1_205' title='bbox 436 1594 813 1631; x_wconf 82' lang='lat' dir='ltr'>Sirenum—nosti.</span> <span class='ocrx_word' id='word_1_206' title='bbox 845 1593 1045 1646; x_wconf 76' lang='lat' dir='ltr'>Quicquid</span> <span class='ocrx_word' id='word_1_207' title='bbox 1062 1595 1267 1633; x_wconf 79' lang='lat' dir='ltr'>intellexit</span> <span class='ocrx_word' id='word_1_208' title='bbox 1283 1595 1408 1632; x_wconf 64' lang='lat' dir='ltr'>Poeta</span> <span class='ocrx_word' id='word_1_209' title='bbox 1427 1593 1585 1631; x_wconf 77' lang='lat' dir='ltr'>Sirenes</span> <span class='ocrx_word' id='word_1_210' title='bbox 1599 1595 1733 1641; x_wconf 89' lang='lat' dir='ltr'>(Hom.</span> 
     </span>
     <span class='ocr_line' id='line_1_21' title="bbox 175 1659 1734 1715; baseline 0.001 -15"><span class='ocrx_word' id='word_1_211' title='bbox 175 1660 252 1700; x_wconf 72' lang='lat' dir='ltr'>orl.</span> <span class='ocrx_word' id='word_1_212' title='bbox 279 1662 346 1710; x_wconf 87' lang='lat'>12,</span> <span class='ocrx_word' id='word_1_213' title='bbox 364 1659 420 1702; x_wconf 83' lang='lat'>39</span> <span class='ocrx_word' id='word_1_214' title='bbox 443 1675 532 1715; x_wconf 86' lang='lat' dir='ltr'><strong>sqq.</strong></span> <span class='ocrx_word' id='word_1_215' title='bbox 555 1661 635 1703; x_wconf 84' lang='lat'>155</span> <span class='ocrx_word' id='word_1_216' title='bbox 653 1675 740 1714; x_wconf 87' lang='lat' dir='ltr'><strong>sqq.</strong></span> <span class='ocrx_word' id='word_1_217' title='bbox 761 1664 893 1715; x_wconf 85' lang='lat' dir='ltr'>Heyu.</span> <span class='ocrx_word' id='word_1_218' title='bbox 913 1664 1017 1704; x_wconf 85' lang='lat' dir='ltr'>Exc.</span> <span class='ocrx_word' id='word_1_219' title='bbox 1038 1665 1124 1703; x_wconf 89' lang='lat' dir='ltr'><strong>VII.</strong></span> <span class='ocrx_word' id='word_1_220' title='bbox 1147 1663 1201 1701; x_wconf 86' lang='lat' dir='ltr'>ad</span> <span class='ocrx_word' id='word_1_221' title='bbox 1219 1664 1330 1714; x_wconf 86' lang='lat' dir='ltr'>Virg.</span> <span class='ocrx_word' id='word_1_222' title='bbox 1355 1663 1458 1700; x_wconf 89' lang='lat' dir='ltr'>Aen.</span> <span class='ocrx_word' id='word_1_223' title='bbox 1474 1663 1543 1701; x_wconf 90' lang='grc' dir='ltr'>ΠΙ.</span> <span class='ocrx_word' id='word_1_224' title='bbox 1562 1669 1600 1699; x_wconf 88' lang='lat' dir='ltr'>et</span> <span class='ocrx_word' id='word_1_225' title='bbox 1619 1664 1734 1703; x_wconf 86' lang='lat' dir='ltr'><strong>VOSS.</strong></span> 
     </span>
     <span class='ocr_line' id='line_1_22' title="bbox 175 1727 1735 1784; baseline 0.001 -17"><span class='ocrx_word' id='word_1_226' title='bbox 175 1727 344 1782; x_wconf 86' lang='lat' dir='ltr'>Mythol.</span> <span class='ocrx_word' id='word_1_227' title='bbox 365 1730 513 1768; x_wconf 89' lang='lat' dir='ltr'>Briefe.</span> <span class='ocrx_word' id='word_1_228' title='bbox 535 1732 586 1768; x_wconf 93' lang='lat' dir='ltr'>II.</span> <span class='ocrx_word' id='word_1_229' title='bbox 600 1744 641 1781; x_wconf 89' lang='lat' dir='ltr'><strong>p.</strong></span> <span class='ocrx_word' id='word_1_230' title='bbox 659 1729 714 1771; x_wconf 81' lang='grc'>48</span> <span class='ocrx_word' id='word_1_231' title='bbox 735 1744 823 1784; x_wconf 91' lang='lat' dir='ltr'><strong>sqq.</strong></span> <span class='ocrx_word' id='word_1_232' title='bbox 845 1738 883 1768; x_wconf 90' lang='lat' dir='ltr'>et</span> <span class='ocrx_word' id='word_1_233' title='bbox 899 1733 1083 1769; x_wconf 85' lang='lat' dir='ltr'>Mueller.</span> <span class='ocrx_word' id='word_1_234' title='bbox 1106 1730 1266 1769; x_wconf 89' lang='lat' dir='ltr'>Handb.</span> <span class='ocrx_word' id='word_1_235' title='bbox 1290 1730 1330 1768; x_wconf 89' lang='lat' dir='ltr'>d.</span> <span class='ocrx_word' id='word_1_236' title='bbox 1344 1729 1466 1769; x_wconf 89' lang='lat' dir='ltr'>Arch.</span> <span class='ocrx_word' id='word_1_237' title='bbox 1483 1745 1524 1783; x_wconf 86' lang='lat' dir='ltr'><strong>p.</strong></span> <span class='ocrx_word' id='word_1_238' title='bbox 1538 1728 1670 1784; x_wconf 84' lang='lat'><strong>596.)‚</strong></span> <span class='ocrx_word' id='word_1_239' title='bbox 1692 1733 1735 1768; x_wconf 88' lang='lat' dir='ltr'>iu</span> 
     </span>
     <span class='ocr_line' id='line_1_23' title="bbox 177 1797 1737 1853; baseline 0.002 -17"><span class='ocrx_word' id='word_1_240' title='bbox 177 1799 390 1850; x_wconf 82' lang='lat' dir='ltr'>allegorica</span> <span class='ocrx_word' id='word_1_241' title='bbox 411 1797 532 1850; x_wconf 90' lang='lat' dir='ltr'>hujus</span> <span class='ocrx_word' id='word_1_242' title='bbox 552 1799 714 1837; x_wconf 85' lang='lat' dir='ltr'>fabulae</span> <span class='ocrx_word' id='word_1_243' title='bbox 734 1801 1061 1852; x_wconf 73' lang='lat' dir='ltr'>interpretatione</span> <span class='ocrx_word' id='word_1_244' title='bbox 1083 1800 1332 1838; x_wconf 86' lang='lat' dir='ltr'>consensisse</span> <span class='ocrx_word' id='word_1_245' title='bbox 1352 1813 1448 1837; x_wconf 88' lang='lat' dir='ltr'>eum</span> <span class='ocrx_word' id='word_1_246' title='bbox 1475 1801 1517 1836; x_wconf 90' lang='lat' dir='ltr'>in</span> <span class='ocrx_word' id='word_1_247' title='bbox 1545 1807 1737 1853; x_wconf 86' lang='lat' dir='ltr'>promptu</span> 
     </span>
     <span class='ocr_line' id='line_1_24' title="bbox 177 1865 1738 1920; baseline 0.001 -15"><span class='ocrx_word' id='word_1_248' title='bbox 177 1875 250 1917; x_wconf 86' lang='lat' dir='ltr'>est,</span> <span class='ocrx_word' id='word_1_249' title='bbox 273 1869 330 1905; x_wconf 83' lang='lat' dir='ltr'>ita</span> <span class='ocrx_word' id='word_1_250' title='bbox 349 1873 396 1904; x_wconf 89' lang='lat' dir='ltr'>ut</span> <span class='ocrx_word' id='word_1_251' title='bbox 416 1867 592 1916; x_wconf 80' lang='lat' dir='ltr'>Sirenes,</span> <span class='ocrx_word' id='word_1_252' title='bbox 616 1881 715 1920; x_wconf 89' lang='lat' dir='ltr'>quas</span> <span class='ocrx_word' id='word_1_253' title='bbox 735 1867 901 1907; x_wconf 89' lang='lat' dir='ltr'>Ovidius</span> <span class='ocrx_word' id='word_1_254' title='bbox 931 1883 983 1906; x_wconf 85' lang='lat' dir='ltr'>ex</span> <span class='ocrx_word' id='word_1_255' title='bbox 1004 1871 1133 1907; x_wconf 90' lang='lat' dir='ltr'>Ponto</span> <span class='ocrx_word' id='word_1_256' title='bbox 1162 1865 1202 1917; x_wconf 83' lang='lat'>4,</span> <span class='ocrx_word' id='word_1_257' title='bbox 1232 1868 1298 1916; x_wconf 84' lang='lat'>10,</span> <span class='ocrx_word' id='word_1_258' title='bbox 1322 1868 1387 1908; x_wconf 89' lang='lat'>17.</span> <span class='ocrx_word' id='word_1_259' title='bbox 1414 1867 1510 1905; x_wconf 86' lang='lat' dir='ltr'>bene</span> <span class='ocrx_word' id='word_1_260' title='bbox 1530 1876 1738 1907; x_wconf 83' lang='lat' dir='ltr'>cantantes</span> 
     </span>
     <span class='ocr_line' id='line_1_25' title="bbox 169 1934 1737 1990; baseline 0.003 -18"><span class='ocrx_word' id='word_1_261' title='bbox 169 1935 332 1986; x_wconf 82' lang='lat' dir='ltr'>puellas</span> <span class='ocrx_word' id='word_1_262' title='bbox 345 1934 455 1984; x_wconf 88' lang='lat' dir='ltr'>dicit,</span> <span class='ocrx_word' id='word_1_263' title='bbox 473 1937 753 1988; x_wconf 83' lang='lat' dir='ltr'>intelligantur</span> <span class='ocrx_word' id='word_1_264' title='bbox 765 1938 1016 1990; x_wconf 82' lang='lat' dir='ltr'>voluptatum</span> <span class='ocrx_word' id='word_1_265' title='bbox 1032 1937 1259 1987; x_wconf 82' lang='lat' dir='ltr'>illecebrae,</span> <span class='ocrx_word' id='word_1_266' title='bbox 1273 1937 1419 1989; x_wconf 85' lang='lat' dir='ltr'>quibus</span> <span class='ocrx_word' id='word_1_267' title='bbox 1435 1935 1621 1976; x_wconf 80' lang='lat' dir='ltr'>homines</span> <span class='ocrx_word' id='word_1_268' title='bbox 1631 1945 1737 1976; x_wconf 86' lang='lat' dir='ltr'>tem-</span> 
     </span>
     <span class='ocr_line' id='line_1_26' title="bbox 175 2004 1736 2059; baseline 0.003 -19"><span class='ocrx_word' id='word_1_269' title='bbox 175 2004 332 2056; x_wconf 82' lang='lat' dir='ltr'>peranti</span> <span class='ocrx_word' id='word_1_270' title='bbox 347 2010 386 2040; x_wconf 84' lang='lat' dir='ltr'>et</span> <span class='ocrx_word' id='word_1_271' title='bbox 403 2004 497 2041; x_wconf 84' lang='lat' dir='ltr'>forti</span> <span class='ocrx_word' id='word_1_272' title='bbox 512 2006 646 2043; x_wconf 87' lang='lat' dir='ltr'>animo</span> <span class='ocrx_word' id='word_1_273' title='bbox 659 2006 842 2044; x_wconf 87' lang='lat' dir='ltr'>resistere</span> <span class='ocrx_word' id='word_1_274' title='bbox 858 2013 898 2044; x_wconf 88' lang='lat' dir='ltr'>et</span> <span class='ocrx_word' id='word_1_275' title='bbox 917 2006 1088 2045; x_wconf 89' lang='lat' dir='ltr'>debeant</span> <span class='ocrx_word' id='word_1_276' title='bbox 1101 2013 1140 2044; x_wconf 87' lang='lat' dir='ltr'>et</span> <span class='ocrx_word' id='word_1_277' title='bbox 1153 2007 1321 2059; x_wconf 89' lang='lat' dir='ltr'>possint.</span> <span class='ocrx_word' id='word_1_278' title='bbox 1342 2006 1583 2058; x_wconf 82' lang='lat' dir='ltr'>Quanquam</span> <span class='ocrx_word' id='word_1_279' title='bbox 1597 2008 1736 2056; x_wconf 88' lang='lat' dir='ltr'>alium,</span> 
     </span>
     <span class='ocr_line' id='line_1_27' title="bbox 177 2071 1737 2126; baseline 0.003 -18"><span class='ocrx_word' id='word_1_280' title='bbox 177 2072 392 2122; x_wconf 76' lang='lat' dir='ltr'>allegoriae</span> <span class='ocrx_word' id='word_1_281' title='bbox 404 2078 542 2109; x_wconf 88' lang='lat' dir='ltr'>tamen</span> <span class='ocrx_word' id='word_1_282' title='bbox 559 2071 709 2111; x_wconf 86' lang='lat' dir='ltr'>habent</span> <span class='ocrx_word' id='word_1_283' title='bbox 721 2075 908 2123; x_wconf 86' lang='lat' dir='ltr'>colorem,</span> <span class='ocrx_word' id='word_1_284' title='bbox 925 2087 1028 2126; x_wconf 86' lang='lat' dir='ltr'>quae</span> <span class='ocrx_word' id='word_1_285' title='bbox 1039 2075 1229 2125; x_wconf 86' lang='lat' dir='ltr'>leguntur</span> <span class='ocrx_word' id='word_1_286' title='bbox 1241 2088 1305 2126; x_wconf 84' lang='lat' dir='ltr'>ap.</span> <span class='ocrx_word' id='word_1_287' title='bbox 1317 2073 1501 2126; x_wconf 89' lang='lat' dir='ltr'>Xenoph.</span> <span class='ocrx_word' id='word_1_288' title='bbox 1513 2076 1555 2112; x_wconf 90' lang='lat' dir='ltr'>in</span> <span class='ocrx_word' id='word_1_289' title='bbox 1567 2077 1737 2112; x_wconf 88' lang='lat' dir='ltr'>Memor.</span> 
     </span>
     <span class='ocr_line' id='line_1_28' title="bbox 177 2140 1736 2194; baseline 0.002 -14"><span class='ocrx_word' id='word_1_290' title='bbox 177 2141 218 2189; x_wconf 80' lang='lat'>2,</span> <span class='ocrx_word' id='word_1_291' title='bbox 238 2142 277 2188; x_wconf 88' lang='lat'>6,</span> <span class='ocrx_word' id='word_1_292' title='bbox 300 2140 382 2188; x_wconf 86' lang='lat'><strong>11.,</strong></span> <span class='ocrx_word' id='word_1_293' title='bbox 412 2153 477 2192; x_wconf 88' lang='lat' dir='ltr'>ap.</span> <span class='ocrx_word' id='word_1_294' title='bbox 500 2141 582 2178; x_wconf 89' lang='lat' dir='ltr'><strong>Cic.</strong></span> <span class='ocrx_word' id='word_1_295' title='bbox 606 2140 656 2178; x_wconf 89' lang='lat' dir='ltr'>de</span> <span class='ocrx_word' id='word_1_296' title='bbox 676 2142 766 2179; x_wconf 88' lang='lat' dir='ltr'>Fin.</span> <span class='ocrx_word' id='word_1_297' title='bbox 797 2142 836 2192; x_wconf 87' lang='lat'>5,</span> <span class='ocrx_word' id='word_1_298' title='bbox 862 2142 929 2191; x_wconf 85' lang='lat'>18,</span> <span class='ocrx_word' id='word_1_299' title='bbox 952 2141 1022 2183; x_wconf 84' lang='lat'><strong>49.</strong></span> <span class='ocrx_word' id='word_1_300' title='bbox 1055 2149 1094 2179; x_wconf 86' lang='lat' dir='ltr'>et</span> <span class='ocrx_word' id='word_1_301' title='bbox 1116 2155 1180 2194; x_wconf 83' lang='lat' dir='ltr'>ap.</span> <span class='ocrx_word' id='word_1_302' title='bbox 1201 2140 1406 2182; x_wconf 88' lang='lat' dir='ltr'>Plutarch.</span> <span class='ocrx_word' id='word_1_303' title='bbox 1429 2144 1471 2179; x_wconf 90' lang='lat' dir='ltr'>in</span> <span class='ocrx_word' id='word_1_304' title='bbox 1489 2143 1677 2194; x_wconf 89' lang='lat' dir='ltr'>Sympos.</span> <span class='ocrx_word' id='word_1_305' title='bbox 1696 2145 1736 2191; x_wconf 89' lang='lat'>9,</span> 
     </span>
     <span class='ocr_line' id='line_1_29' title="bbox 181 2205 1738 2264; baseline 0.004 -20"><span class='ocrx_word' id='word_1_306' title='bbox 181 2205 247 2248; x_wconf 86' lang='lat'>14.</span> <span class='ocrx_word' id='word_1_307' title='bbox 265 2209 312 2244; x_wconf 93' lang='lat' dir='ltr'>In</span> <span class='ocrx_word' id='word_1_308' title='bbox 329 2221 415 2244; x_wconf 90' lang='lat' dir='ltr'>rem</span> <span class='ocrx_word' id='word_1_309' title='bbox 428 2209 550 2247; x_wconf 84' lang='lat' dir='ltr'>Orell.</span> <span class='ocrx_word' id='word_1_310' title='bbox 573 2207 624 2246; x_wconf 84' lang='lat' dir='ltr'>ad</span> <span class='ocrx_word' id='word_1_311' title='bbox 639 2208 840 2262; x_wconf 86' lang='lat' dir='ltr'>Demoph.</span> <span class='ocrx_word' id='word_1_312' title='bbox 863 2211 996 2248; x_wconf 80' lang='lat' dir='ltr'>simil.</span> <span class='ocrx_word' id='word_1_313' title='bbox 1010 2211 1048 2251; x_wconf 89' lang='lat'>1.</span> <span class='ocrx_word' id='word_1_314' title='bbox 1061 2212 1129 2248; x_wconf 81' lang='lat' dir='ltr'>N..</span> <span class='ocrx_word' id='word_1_315' title='bbox 1143 2210 1211 2251; x_wconf 85' lang='lat'><strong>13.</strong></span> <span class='ocrx_word' id='word_1_316' title='bbox 1225 2224 1264 2262; x_wconf 89' lang='lat' dir='ltr'><strong>p.</strong></span> <span class='ocrx_word' id='word_1_317' title='bbox 1277 2211 1317 2250; x_wconf 93' lang='lat'>6.</span> <span class='ocrx_word' id='word_1_318' title='bbox 1335 2217 1374 2248; x_wconf 84' lang='lat' dir='ltr'>et</span> <span class='ocrx_word' id='word_1_319' title='bbox 1386 2207 1484 2251; x_wconf 89' lang='grc'><strong>445.</strong></span> <span class='ocrx_word' id='word_1_320' title='bbox 1503 2214 1591 2259; x_wconf 84' lang='grc' dir='ltr'>Δεῖ,</span> <span class='ocrx_word' id='word_1_321' title='bbox 1607 2206 1738 2264; x_wconf 70' lang='grc' dir='ltr'><strong><em>ὥςπερ</em></strong></span> 
     </span>
     <span class='ocr_line' id='line_1_30' title="bbox 178 2266 1739 2332; baseline 0.003 -17"><span class='ocrx_word' id='word_1_322' title='bbox 178 2277 402 2329; x_wconf 83' lang='grc' dir='ltr'>Σειρῆνας,</span> <span class='ocrx_word' id='word_1_323' title='bbox 431 2274 504 2325; x_wconf 72' lang='grc' dir='ltr'>τοὶς</span> <span class='ocrx_word' id='word_1_324' title='bbox 520 2274 675 2330; x_wconf 65' lang='grc' dir='ltr'>ἡδονᾶς</span> <span class='ocrx_word' id='word_1_325' title='bbox 692 2283 913 2332; x_wconf 79' lang='grc' dir='ltr'><strong><em>παρελθεῖν</em></strong></span> <span class='ocrx_word' id='word_1_326' title='bbox 933 2275 1005 2319; x_wconf 83' lang='grc' dir='ltr'>το“ν</span> <span class='ocrx_word' id='word_1_327' title='bbox 1023 2266 1351 2318; x_wconf 80' lang='grc' dir='ltr'><strong><em>κατασπεύδοντα</em></strong></span> <span class='ocrx_word' id='word_1_328' title='bbox 1369 2275 1444 2330; x_wconf 76' lang='grc' dir='ltr'>τήν</span> <span class='ocrx_word' id='word_1_329' title='bbox 1465 2274 1613 2332; x_wconf 75' lang='grc' dir='ltr'>οἷρετήν</span> <span class='ocrx_word' id='word_1_330' title='bbox 1635 2279 1739 2319; x_wconf 83' lang='grc' dir='ltr'><strong><em>ἰδεῖν</em></strong></span> 
     </span>
     <span class='ocr_line' id='line_1_31' title="bbox 179 2342 1740 2398; baseline 0 -14"><span class='ocrx_word' id='word_1_331' title='bbox 179 2342 236 2392; x_wconf 70' lang='grc' dir='ltr'>οἷς</span> <span class='ocrx_word' id='word_1_332' title='bbox 262 2345 447 2397; x_wconf 81' lang='grc' dir='ltr'>πατρίδα.</span> <span class='ocrx_word' id='word_1_333' title='bbox 505 2346 659 2384; x_wconf 87' lang='lat' dir='ltr'>Seneca</span> <span class='ocrx_word' id='word_1_334' title='bbox 688 2348 818 2398; x_wconf 92' lang='lat' dir='ltr'>Epist.</span> <span class='ocrx_word' id='word_1_335' title='bbox 843 2347 913 2388; x_wconf 85' lang='lat'>31.</span> <span class='ocrx_word' id='word_1_336' title='bbox 944 2346 1249 2384; x_wconf 78' lang='lat' dir='ltr'>Praetervehere</span> <span class='ocrx_word' id='word_1_337' title='bbox 1275 2359 1356 2383; x_wconf 86' lang='lat' dir='ltr'>non</span> <span class='ocrx_word' id='word_1_338' title='bbox 1375 2360 1502 2383; x_wconf 81' lang='lat' dir='ltr'>unum</span> <span class='ocrx_word' id='word_1_339' title='bbox 1522 2346 1655 2384; x_wconf 79' lang='lat' dir='ltr'>locam</span> <span class='ocrx_word' id='word_1_340' title='bbox 1673 2348 1740 2384; x_wconf 87' lang='lat' dir='ltr'>in-</span> 
     </span>
     <span class='ocr_line' id='line_1_32' title="bbox 179 2402 1735 2467; baseline 0.003 -18"><span class='ocrx_word' id='word_1_341' title='bbox 179 2402 328 2450; x_wconf 78' lang='lat' dir='ltr'>sidiosa</span> <span class='ocrx_word' id='word_1_342' title='bbox 347 2412 552 2464; x_wconf 71' lang='lat' dir='ltr'>voluptate</span> <span class='ocrx_word' id='word_1_343' title='bbox 573 2422 800 2466; x_wconf 80' lang='lat' dir='ltr'>suspectum</span> <span class='ocrx_word' id='word_1_344' title='bbox 809 2443 827 2462; x_wconf 79' lang='lat'><strong>,</strong></span> <span class='ocrx_word' id='word_1_345' title='bbox 856 2415 928 2452; x_wconf 85' lang='lat' dir='ltr'>sed</span> <span class='ocrx_word' id='word_1_346' title='bbox 944 2429 1078 2452; x_wconf 88' lang='lat' dir='ltr'>omnes</span> <span class='ocrx_word' id='word_1_347' title='bbox 1096 2414 1214 2452; x_wconf 83' lang='lat' dir='ltr'>urbes</span> <span class='ocrx_word' id='word_1_348' title='bbox 1235 2421 1312 2452; x_wconf 85' lang='lat' dir='ltr'>etc.</span> <span class='ocrx_word' id='word_1_349' title='bbox 1331 2437 1387 2443; x_wconf 91' lang='grc'>--</span> <span class='ocrx_word' id='word_1_350' title='bbox 1423 2415 1562 2453; x_wconf 74' lang='lat' dir='ltr'>Circae</span> <span class='ocrx_word' id='word_1_351' title='bbox 1570 2416 1735 2467; x_wconf 80' lang='lat' dir='ltr'>poc-ula.</span> 
     </span>
     <span class='ocr_line' id='line_1_33' title="bbox 180 2481 1741 2536; baseline 0.003 -19"><span class='ocrx_word' id='word_1_352' title='bbox 180 2481 342 2522; x_wconf 88' lang='lat' dir='ltr'>Homer.</span> <span class='ocrx_word' id='word_1_353' title='bbox 367 2481 510 2534; x_wconf 84' lang='lat' dir='ltr'>Odyss.</span> <span class='ocrx_word' id='word_1_354' title='bbox 534 2484 599 2532; x_wconf 88' lang='grc'>10,</span> <span class='ocrx_word' id='word_1_355' title='bbox 635 2483 718 2524; x_wconf 90' lang='grc'>136</span> <span class='ocrx_word' id='word_1_356' title='bbox 741 2497 830 2536; x_wconf 88' lang='lat' dir='ltr'><strong>sqq.</strong></span> <span class='ocrx_word' id='word_1_357' title='bbox 860 2483 955 2522; x_wconf 90' lang='lat' dir='ltr'><strong>Tib.</strong></span> <span class='ocrx_word' id='word_1_358' title='bbox 976 2482 1016 2533; x_wconf 88' lang='grc'>4,</span> <span class='ocrx_word' id='word_1_359' title='bbox 1039 2485 1077 2533; x_wconf 92' lang='grc'>1,</span> <span class='ocrx_word' id='word_1_360' title='bbox 1099 2484 1167 2524; x_wconf 90' lang='grc'>61.</span> <span class='ocrx_word' id='word_1_361' title='bbox 1231 2483 1373 2521; x_wconf 79' lang='lat' dir='ltr'><em>Solum</em></span> <span class='ocrx_word' id='word_1_362' title='bbox 1395 2498 1466 2521; x_wconf 83' lang='lat' dir='ltr'>nee</span> <span class='ocrx_word' id='word_1_363' title='bbox 1493 2485 1632 2522; x_wconf 81' lang='lat' dir='ltr'>doctae</span> <span class='ocrx_word' id='word_1_364' title='bbox 1650 2499 1741 2523; x_wconf 66' lang='lat' dir='ltr'>ver-</span> 
     </span>
     <span class='ocr_line' id='line_1_34' title="bbox 182 2550 1741 2604; baseline 0.004 -20"><span class='ocrx_word' id='word_1_365' title='bbox 182 2554 315 2585; x_wconf 82' lang='lat' dir='ltr'>terunt</span> <span class='ocrx_word' id='word_1_366' title='bbox 323 2550 476 2600; x_wconf 78' lang='lat' dir='ltr'>pocula</span> <span class='ocrx_word' id='word_1_367' title='bbox 501 2550 659 2598; x_wconf 81' lang='lat' dir='ltr'>Circes,</span> <span class='ocrx_word' id='word_1_368' title='bbox 696 2553 892 2603; x_wconf 68' lang='lat' dir='ltr'>Quamvis</span> <span class='ocrx_word' id='word_1_369' title='bbox 909 2552 984 2589; x_wconf 82' lang='lat' dir='ltr'>illa</span> <span class='ocrx_word' id='word_1_370' title='bbox 994 2552 1111 2604; x_wconf 73' lang='lat' dir='ltr'>soret</span> <span class='ocrx_word' id='word_1_371' title='bbox 1131 2551 1235 2589; x_wconf 75' lang='lat' dir='ltr'>Solis</span> <span class='ocrx_word' id='word_1_372' title='bbox 1263 2565 1422 2603; x_wconf 80' lang='lat' dir='ltr'>genus,</span> <span class='ocrx_word' id='word_1_373' title='bbox 1450 2561 1549 2604; x_wconf 81' lang='lat' dir='ltr'>apta</span> <span class='ocrx_word' id='word_1_374' title='bbox 1568 2554 1634 2591; x_wconf 79' lang='lat' dir='ltr'>vel</span> <span class='ocrx_word' id='word_1_375' title='bbox 1648 2554 1741 2592; x_wconf 83' lang='lat' dir='ltr'>lzer-</span> 
     </span>
     <span class='ocr_line' id='line_1_35' title="bbox 184 2615 1738 2673; baseline 0.005 -20"><span class='ocrx_word' id='word_1_376' title='bbox 184 2615 245 2653; x_wconf 72' lang='lat' dir='ltr'>his</span> <span class='ocrx_word' id='word_1_377' title='bbox 270 2615 465 2669; x_wconf 79' lang='lat' dir='ltr'>Aptaque</span> <span class='ocrx_word' id='word_1_378' title='bbox 488 2618 554 2656; x_wconf 72' lang='lat' dir='ltr'>vel</span> <span class='ocrx_word' id='word_1_379' title='bbox 579 2626 703 2658; x_wconf 77' lang='lat' dir='ltr'>cantu</span> <span class='ocrx_word' id='word_1_380' title='bbox 722 2629 868 2659; x_wconf 67' lang='lat' dir='ltr'>veteres</span> <span class='ocrx_word' id='word_1_381' title='bbox 889 2628 1045 2659; x_wconf 81' lang='lat' dir='ltr'>mutare</span> <span class='ocrx_word' id='word_1_382' title='bbox 1058 2620 1240 2672; x_wconf 56' lang='lat' dir='ltr'>figura&amp;</span> <span class='ocrx_word' id='word_1_383' title='bbox 1275 2619 1391 2658; x_wconf 84' lang='lat' dir='ltr'><strong>Ovid.</strong></span> <span class='ocrx_word' id='word_1_384' title='bbox 1423 2622 1520 2660; x_wconf 80' lang='lat' dir='ltr'>Met.</span> <span class='ocrx_word' id='word_1_385' title='bbox 1552 2621 1618 2673; x_wconf 82' lang='grc'>14,</span> <span class='ocrx_word' id='word_1_386' title='bbox 1641 2624 1738 2669; x_wconf 68' lang='grc'>293,</span> 
     </span>
     <span class='ocr_line' id='line_1_36' title="bbox 190 2678 1739 2739; baseline 0.004 -18"><span class='ocrx_word' id='word_1_387' title='bbox 190 2684 320 2722; x_wconf 80' lang='lat' dir='ltr'>Circes</span> <span class='ocrx_word' id='word_1_388' title='bbox 336 2707 393 2712; x_wconf 93' lang='lat'>—</span> <span class='ocrx_word' id='word_1_389' title='bbox 410 2685 470 2723; x_wconf 84' lang='lat' dir='ltr'>ad</span> <span class='ocrx_word' id='word_1_390' title='bbox 498 2678 690 2727; x_wconf 74' lang='lat' dir='ltr'>insidiosa</span> <span class='ocrx_word' id='word_1_391' title='bbox 721 2698 888 2728; x_wconf 72' lang='lat' dir='ltr'>vocatus</span> <span class='ocrx_word' id='word_1_392' title='bbox 918 2689 1090 2728; x_wconf 79' lang='lat' dir='ltr'>Pocula.</span> <span class='ocrx_word' id='word_1_393' title='bbox 1136 2689 1219 2727; x_wconf 88' lang='lat' dir='ltr'><strong>Cic.</strong></span> <span class='ocrx_word' id='word_1_394' title='bbox 1251 2690 1429 2728; x_wconf 82' lang='lat' dir='ltr'>Divinat.</span> <span class='ocrx_word' id='word_1_395' title='bbox 1452 2691 1518 2739; x_wconf 91' lang='lat'>17,</span> <span class='ocrx_word' id='word_1_396' title='bbox 1544 2689 1611 2730; x_wconf 89' lang='lat'>57.</span> <span class='ocrx_word' id='word_1_397' title='bbox 1652 2691 1739 2727; x_wconf 84' lang='lat' dir='ltr'>Re—</span> 
     </span>
     <span class='ocr_line' id='line_1_37' title="bbox 177 2751 1740 2810; baseline 0.003 -21"><span class='ocrx_word' id='word_1_398' title='bbox 177 2759 298 2803; x_wconf 81' lang='lat' dir='ltr'>pente</span> <span class='ocrx_word' id='word_1_399' title='bbox 317 2767 338 2790; x_wconf 91' lang='lat' dir='ltr'>e</span> <span class='ocrx_word' id='word_1_400' title='bbox 360 2756 524 2807; x_wconf 74' lang='lat' dir='ltr'>vestigio</span> <span class='ocrx_word' id='word_1_401' title='bbox 553 2769 599 2793; x_wconf 87' lang='lat' dir='ltr'>ex</span> <span class='ocrx_word' id='word_1_402' title='bbox 624 2756 782 2797; x_wconf 77' lang='lat' dir='ltr'>homine</span> <span class='ocrx_word' id='word_1_403' title='bbox 793 2788 810 2805; x_wconf 80' lang='lat'><strong>,</strong></span> <span class='ocrx_word' id='word_1_404' title='bbox 840 2766 1036 2810; x_wconf 75' lang='lat' dir='ltr'>tanquam</span> <span class='ocrx_word' id='word_1_405' title='bbox 1056 2757 1194 2809; x_wconf 78' lang='lat' dir='ltr'>aliquo</span> <span class='ocrx_word' id='word_1_406' title='bbox 1219 2751 1379 2795; x_wconf 84' lang='lat' dir='ltr'>Circaeo</span> <span class='ocrx_word' id='word_1_407' title='bbox 1401 2757 1549 2809; x_wconf 77' lang='lat' dir='ltr'>poculo</span> <span class='ocrx_word' id='word_1_408' title='bbox 1557 2786 1575 2804; x_wconf 83' lang='lat'><strong>,</strong></span> <span class='ocrx_word' id='word_1_409' title='bbox 1592 2758 1740 2810; x_wconf 70' lang='lat' dir='ltr'>jactas</span> 
     </span>
     <span class='ocr_line' id='line_1_38' title="bbox 186 2821 1738 2882; baseline 0.005 -25"><span class='ocrx_word' id='word_1_410' title='bbox 186 2827 243 2857; x_wconf 82' lang='lat' dir='ltr'>est</span> <span class='ocrx_word' id='word_1_411' title='bbox 285 2821 437 2859; x_wconf 78' lang='lat' dir='ltr'>Verres.</span> <span class='ocrx_word' id='word_1_412' title='bbox 481 2821 651 2863; x_wconf 91' lang='lat' dir='ltr'>Theocr.</span> <span class='ocrx_word' id='word_1_413' title='bbox 688 2828 728 2875; x_wconf 85' lang='lat'>9,</span> <span class='ocrx_word' id='word_1_414' title='bbox 768 2828 836 2869; x_wconf 84' lang='lat'>36,</span> <span class='ocrx_word' id='word_1_415' title='bbox 870 2828 927 2864; x_wconf 92' lang='lat' dir='ltr'>ibi</span> <span class='ocrx_word' id='word_1_416' title='bbox 962 2829 1168 2867; x_wconf 79' lang='lat' dir='ltr'>Wiistem.</span> <span class='ocrx_word' id='word_1_417' title='bbox 1221 2828 1330 2882; x_wconf 78' lang='grc' dir='ltr'>ποτῷ</span> <span class='ocrx_word' id='word_1_418' title='bbox 1361 2822 1558 2880; x_wconf 80' lang='grc' dir='ltr'><strong><em>δαλήσατο</em></strong></span> <span class='ocrx_word' id='word_1_419' title='bbox 1592 2827 1738 2881; x_wconf 84' lang='grc' dir='ltr'><strong><em>Κίρκα.</em></strong></span> 
     </span>
     <span class='ocr_line' id='line_1_39' title="bbox 188 2888 1740 2943; baseline 0.003 -17"><span class='ocrx_word' id='word_1_420' title='bbox 188 2888 423 2941; x_wconf 84' lang='lat' dir='ltr'>Symmach.</span> <span class='ocrx_word' id='word_1_421' title='bbox 451 2892 578 2943; x_wconf 84' lang='lat' dir='ltr'>Epist.</span> <span class='ocrx_word' id='word_1_422' title='bbox 609 2894 646 2941; x_wconf 84' lang='lat'>1,</span> <span class='ocrx_word' id='word_1_423' title='bbox 677 2891 742 2934; x_wconf 88' lang='grc'>47.</span> <span class='ocrx_word' id='word_1_424' title='bbox 773 2895 870 2932; x_wconf 86' lang='grc' dir='ltr'>Νοη</span> <span class='ocrx_word' id='word_1_425' title='bbox 890 2895 1002 2932; x_wconf 79' lang='lat' dir='ltr'>illias</span> <span class='ocrx_word' id='word_1_426' title='bbox 1022 2895 1122 2932; x_wconf 83' lang='lat' dir='ltr'>coeli</span> <span class='ocrx_word' id='word_1_427' title='bbox 1146 2901 1219 2932; x_wconf 85' lang='lat' dir='ltr'>aut</span> <span class='ocrx_word' id='word_1_428' title='bbox 1238 2894 1315 2931; x_wconf 84' lang='lat' dir='ltr'>soli</span> <span class='ocrx_word' id='word_1_429' title='bbox 1338 2894 1567 2933; x_wconf 83' lang='lat' dir='ltr'>illecebram</span> <span class='ocrx_word' id='word_1_430' title='bbox 1584 2896 1740 2932; x_wconf 79' lang='lat' dir='ltr'>retinax</span> 
     </span>
     <span class='ocr_line' id='line_1_40' title="bbox 189 2957 1740 3015; baseline 0.005 -21"><span class='ocrx_word' id='word_1_431' title='bbox 189 2957 439 2996; x_wconf 69' lang='lat' dir='ltr'>advenarum</span> <span class='ocrx_word' id='word_1_432' title='bbox 476 2959 576 2998; x_wconf 87' lang='lat' dir='ltr'>lotos</span> <span class='ocrx_word' id='word_1_433' title='bbox 604 2965 836 3014; x_wconf 74' lang='lat' dir='ltr'>aequaverit</span> <span class='ocrx_word' id='word_1_434' title='bbox 863 2971 899 3000; x_wconf 92' lang='lat' dir='ltr'>et</span> <span class='ocrx_word' id='word_1_435' title='bbox 941 2963 1086 3002; x_wconf 82' lang='lat' dir='ltr'>Suada</span> <span class='ocrx_word' id='word_1_436' title='bbox 1124 2964 1262 3004; x_wconf 85' lang='lat' dir='ltr'>Circae</span> <span class='ocrx_word' id='word_1_437' title='bbox 1284 2963 1439 3015; x_wconf 82' lang='lat' dir='ltr'>pocula</span> <span class='ocrx_word' id='word_1_438' title='bbox 1467 2972 1503 3002; x_wconf 83' lang='lat' dir='ltr'>et</span> <span class='ocrx_word' id='word_1_439' title='bbox 1536 2965 1740 3003; x_wconf 76' lang='lat' dir='ltr'>tricinium</span> 
     </span>
    </p>
   </div>
  </div>
 </body>
</html>
