2028 3268
401 251 484 293 330
556 251 928 293 COMMENTARJI
949 253 1005 291 [N
1022 250 1239 294 HORATII
1260 252 1357 292 LIB.
1372 253 1401 294 1.
1425 253 1588 297 EPIST.
1611 258 1760 296 SEXT.
1860 259 1914 300 58

399 379 504 413 mine
522 375 687 427 facias?
723 380 795 410 aut
825 387 900 424 quo
928 375 1051 411 civem
1085 376 1351 425 importunum
1382 398 1431 405 -—
1461 380 1653 416 reserves?
1693 381 1912 430 Quanquam

398 447 498 481 recte
529 443 667 479 indicat
702 440 890 484 Orellius,
917 439 1072 479 Poetam
1099 442 1158 479 hic
1185 442 1285 492 loqui
1313 444 1458 480 omnino
1486 447 1590 494 quasi
1617 450 1742 483 vetere
1769 459 1811 484 re
1841 459 1912 496 pu-

397 509 516 557 blica,
545 513 583 545 et
607 521 696 544 sane
724 519 792 556 per
815 505 974 556 Augusti
1004 509 1044 545 in
1072 508 1226 546 Oriente
1254 509 1481 559 absentiam,
1509 514 1727 560 praesertim
1753 526 1786 553 a.
1810 526 1847 550 u.
1878 526 1910 549 c.

398 576 492 615 735.
519 575 650 611 multas
673 572 799 611 turbas
823 576 978 611 maxime
1005 575 1043 612 in
1068 576 1223 613 comitiis
1247 578 1468 625 quaestoriis
1492 582 1593 614 ortas
1619 583 1657 616 et
1681 591 1912 628 compressas

398 655 482 680 esse
510 654 533 678 a
561 642 605 677 C.
635 641 762 677 Sentio
793 640 965 689 consule,
1009 641 1134 679 nescio
1155 646 1280 680 tamen
1301 656 1348 680 an
1377 643 1534 680 voluerit
1562 645 1709 682 omnino
1738 653 1915 695 sumptas

397 716 469 744 aut
498 708 651 757 positas
681 707 826 743 securis
854 706 1034 743 Arbitrio
1059 708 1271 757 popularis
1302 723 1425 746 aurae
1453 711 1666 749 describere
1697 711 1772 749 od.
1802 713 1843 761 3,
1873 716 1913 762 2,

399 775 463 815 19.
535 776 597 812 Sic
625 775 704 812 Sat.
739 777 786 824 1,
827 775 876 822 6,
912 773 978 814 15.
1003 774 1182 823 populo,
1229 777 1298 826 qui
1324 777 1468 813 stultus
1493 777 1656 814 honores
1689 779 1816 828 Saepe
1846 779 1917 816 dat

396 841 574 892 indignis
602 849 638 878 et
658 843 797 893 famae
823 841 984 877 inservit
1011 841 1177 890 ineptus.
1234 842 1402 881 Eandem
1429 856 1507 881 rem
1542 845 1695 894 respicit
1722 844 1844 895 Epist.
1874 847 1914 894 1,

398 909 466 958 16,
495 906 562 948 34.
589 916 634 945 ut
656 910 691 945 si
714 907 913 944 Detulerit
927 907 1061 957 fasc-is
1087 909 1268 959 indigno,
1299 910 1475 946 detrahet
1501 910 1616 951 idem.
1679 911 1738 948 Cf.
1769 912 1844 950 od.
1876 914 1915 960 1,

399 977 445 1024 1,
474 977 512 1015 7.
569 976 703 1025 Neque
728 975 835 1012 aliter
862 975 909 1012 de
939 987 1028 1012 suae
1054 976 1186 1012 aetatis
1214 976 1422 1015 hominibus
1450 978 1592 1027 judicat
1618 977 1754 1015 Cicero
1778 979 1818 1015 in
1845 978 1913 1016 Or.

396 1043 444 1079 de
471 1042 597 1079 Plane.
623 1043 671 1091 3,
699 1043 739 1081 7.
770 1041 877 1092 quod
901 1041 959 1077 ad
977 1041 1175 1091 populum
1196 1045 1394 1090 pertinet,
1430 1057 1579 1094 semper
1609 1043 1818 1094 dignitatis
1852 1045 1917 1081 in-

395 1111 513 1160 iquus
532 1109 661 1158 judex
689 1116 764 1158 est,
809 1109 880 1160 qui
913 1115 986 1144 aut
1009 1109 1159 1145 invidet
1184 1116 1258 1144 aut
1283 1109 1405 1159 favet
1432 1114 1470 1148 et
1492 1109 1541 1158 4,
1589 1110 1630 1148 9.
1687 1111 1784 1148 Non
1811 1112 1915 1148 enim

396 1178 563 1213 comitiis
590 1176 755 1224 judicat
782 1174 987 1225 populus,
1033 1175 1103 1212 sed
1137 1182 1311 1212 movetur
1344 1176 1579 1227 plerumque
1611 1178 1747 1228 gratia
1758 1192 1774 1224 ;
1816 1177 1917 1214 cedit

387 1243 599 1294 precibus;
638 1244 742 1294 facit
777 1255 867 1288 eos,
904 1256 931 1278 a
955 1241 1096 1292 quibus
1129 1249 1185 1278 est
1209 1244 1379 1279 maxime
1403 1241 1577 1280 ambitus
1604 1247 1676 1281 etc.
1733 1243 1769 1280 T
1772 1256 1848 1280 usc-
1874 1243 1915 1292 5,

393 1312 463 1359 36,
495 1309 588 1350 104.
617 1324 672 1347 an
699 1310 913 1361 quicquam
941 1308 1117 1355 stultius,
1147 1323 1287 1360 quam,
1319 1322 1414 1359 quos
1441 1309 1619 1359 singulos
1650 1310 1752 1346 sicut
1777 1323 1917 1359 opera-

393 1380 472 1415 rios
497 1377 760 1427 barbarosque
789 1383 1031 1422 contemnas,
1061 1390 1122 1414 eos
1146 1377 1305 1427 aliquid
1322 1383 1469 1426 putare
1497 1390 1576 1413 esse
1601 1376 1830 1414 universos?
1855 1377 1916 1415 De

393 1446 663 1483 consuetudine
692 1445 838 1482 dicendi
867 1445 914 1480 cf.
945 1444 1025 1482 Sat.
1059 1446 1105 1492 1,
1137 1444 1187 1492 6,
1228 1445 1295 1483 86.
1325 1443 1502 1480 honestos
1525 1443 1719 1480 Fascibus
1747 1451 1784 1480 et
1809 1443 1916 1481 sellis

392 1512 536 1549 nollem
567 1511 667 1547 milii
699 1524 859 1548 sumere.
918 1510 1028 1547 Ovid.
1058 1510 1161 1549 Fast.
1193 1510 1239 1558 5,
1270 1509 1336 1550 51.
1396 1510 1481 1547 Illa
1507 1510 1618 1547 datos
1647 1512 1780 1562 fasces
1810 1524 1917 1547 com-

393 1579 554 1615 mendat
581 1578 750 1628 eburque
783 1577 931 1614 curule.
992 1577 1075 1614 Juv.
1109 1577 1180 1626 10,
1221 1577 1288 1617 91.
1320 1577 1384 1613 illi
1411 1577 1531 1614 sellas
1559 1577 1705 1614 donare
1732 1576 1916 1614 curules?

394 1646 569 1683 Ceterum
604 1649 707 1682 recte
745 1645 857 1682 vertit
891 1643 1147 1680 VVielandius
1176 1644 1329 1692 eripiet:
1374 1645 1493 1692 „und
1523 1657 1616 1682 wem
1645 1657 1686 1682 er
1713 1643 1798 1681 iibel
1827 1643 1914 1691 will,

392 1713 459 1750 der
486 1711 614 1748 mache
641 1711 720 1747 sich
747 1723 816 1747 nur
853 1710 962 1746 keine
989 1708 1181 1757 Hoffnung
1217 1721 1302 1746 zum
1340 1710 1571 1747 curulischen
1594 1709 1801 1748 Throne.“
1857 1708 1915 1747 Ita

392 1779 545 1818 Petron.
577 1779 622 1815 de
650 1776 784 1814 Mutat.
812 1776 922 1825 Reip.
945 1774 1057 1811 Rom.
1086 1772 1153 1812 46.
1185 1774 1393 1824 fascesque
1418 1775 1546 1824 pudet
1573 1777 1750 1826 rapuisse
1775 1776 1917 1812 Catoni

391 1848 416 1887 i.
436 1861 468 1884 e.
489 1859 565 1883 non
592 1845 755 1891 dedisse,
785 1846 823 1879 et
850 1854 910 1891 ap.
933 1841 1012 1880 Cic.
1033 1842 1073 1878 in
1095 1840 1201 1878 Lael.
1221 1841 1289 1890 23,
1317 1842 1384 1880 87.
1414 1841 1582 1879 hominis
1613 1844 1768 1879 omnino
1802 1843 1913 1891 aspi-

392 1912 521 1949 ciendi
547 1917 780 1960 potestatem
819 1909 976 1956 eripere.
1033 1907 1096 1944 Sic
1135 1907 1285 1944 Coelius
1319 1919 1379 1956 ap.
1418 1908 1496 1944 Cic.
1535 1910 1573 1944 in
1601 1909 1722 1958 Epist.
1753 1910 1801 1946 ad
1826 1908 1912 1946 Div.

391 1979 439 2027 8,
484 1975 558 2026 14,
599 1977 638 2016 3.
671 1977 717 2013 (16
745 1974 897 2024 repulsa
923 1973 1096 2011 Domitii:
1133 1973 1241 2024 quod
1261 1986 1336 2023 per
1356 1974 1546 2020 injuriam
1577 1974 1654 2011 sihi
1681 1981 1800 2024 putat
1832 1987 1914 2011 ere—

385 2054 515 2096 ptum,
550 2047 663 2091 cujus
689 2056 757 2093 ego
788 2047 928 2077 auctor
946 2041 1109 2090 fuerim.

500 2113 545 2149 V.
576 2109 642 2151 54.
673 2110 740 2150 55.
789 2109 928 2145 Frater
954 2128 1010 2135 -—
1036 2107 1196 2157 adopta.
1241 2106 1304 2143 Sic
1331 2107 1549 2157 Spartianus
1574 2108 1722 2156 quidem
1745 2109 1793 2146 de
1820 2106 1910 2146 Did.

390 2180 522 2218 Julian.
563 2175 600 2216 4.
659 2177 797 2227 Atque
825 2187 1165 2225 unumquemque,
1211 2180 1256 2210 ut
1283 2181 1365 2210 erat
1388 2181 1523 2218 aetas,
1573 2174 1639 2211 vel
1664 2181 1821 2224 patrem
1849 2175 1914 2212 vel

378 2248 520 2296 filium
557 2244 623 2282 vel
648 2250 855 2294 parentem
889 2242 1040 2294 affatus
1080 2240 1333 2277 blandissime
1369 2247 1425 2276 est
1433 2255 1450 2286 ‚·
1496 2245 1535 2278 et
1564 2240 1760 2291 Capitolin.
1786 2242 1834 2279 de
1856 2242 1908 2278 M.

390 2314 568 2352 Antonin.
600 2313 665 2351 18.
729 2311 862 2360 Quum
888 2311 931 2346 in
960 2309 1135 2347 omnium
1162 2320 1294 2344 amore
1321 2307 1563 2356 imperasset,
1590 2314 1708 2358 atque
1733 2306 1785 2343 ab
1817 2307 1910 2343 aliis

389 2381 504 2418 modo
523 2380 675 2430 frater,
703 2378 816 2414 modo
836 2383 978 2426 pater,
1005 2375 1118 2412 modo
1135 2375 1255 2422 filius
1266 2401 1282 2418 ‚
1311 2365 1356 2409 ut
1387 2375 1576 2422 cujusque
1601 2380 1711 2410 aetas
1739 2372 1910 2418 sinebat,

389 2449 581 2486 diceretur
588 2461 604 2493 ;
635 2459 679 2483 ex
708 2444 840 2494 quibus
867 2444 958 2480 locis
987 2456 1009 2480 a
1037 2442 1238 2479 Torrentio
1264 2440 1383 2477 allatis
1413 2439 1546 2488 conjici
1574 2440 1673 2488 licet,
1701 2453 1813 2477 versu
1841 2438 1908 2479 55.

388 2528 524 2554 novum
546 2514 733 2564 quoddam
760 2514 1022 2562 praeceptum,
1049 2513 1112 2547 ut:
1150 2507 1297 2557 adopta
1313 2505 1478 2553 filium,
1521 2507 1646 2543 datum
1675 2519 1772 2544 esse.
1830 2505 1907 2543 Fe-

388 2585 483 2621 stive
501 2586 625 2619 autem
652 2579 739 2616 illud
763 2579 930 2615 homines
958 2577 1028 2614 sibi
1057 2575 1273 2613 conciliandi
1300 2574 1460 2610 studium
1481 2573 1728 2623 adoptationi
1754 2585 1907 2623 compa-

387 2654 503 2696 ratur,
529 2651 571 2685 ut
594 2647 750 2684 Petron.
781 2646 875 2686 127.
904 2643 1066 2680 concilio
1093 2642 1181 2689 tibi,
1209 2655 1231 2678 o
1248 2641 1430 2689 juvenis,
1455 2653 1636 2678 sororem.
1695 2637 1835 2677 ‚Habes
1863 2645 1908 2674 tn

389 2715 546 2767 quidem
573 2721 609 2749 et
621 2713 814 2764 fratrem,
843 2723 966 2762 neque
995 2711 1097 2747 enim
1125 2722 1186 2745 me
1205 2708 1343 2758 piguit
1368 2721 1575 2758 quaerere:
1605 2705 1674 2744 sed
1696 2705 1795 2756 quid
1811 2718 1907 2754 pro-

387 2781 494 2820 hibet
523 2788 559 2816 et
585 2794 752 2817 sororem
779 2777 998 2828 adoptare?
1024 2777 1134 2822 Quod
1157 2777 1244 2814 dicit
1256 2775 1432 2825 facetus,
1460 2789 1536 2812 non
1564 2777 1635 2823 est,
1662 2775 1704 2810 ut
1719 2773 1904 2820 interpre-

386 2854 487 2888 tatur
502 2847 728 2892 Rodellius,
754 2859 852 2897 „per
870 2845 1071 2895 jucundum
1088 2842 1255 2893 jocum,“
1283 2842 1354 2879 sed
1378 2842 1536 2890 urbane,
1562 2841 1712 2888 festive,
1733 2841 1775 2875 ut
1788 2837 1906 2874 Voss:

386 2915 487 2966 „mit
512 2912 728 2964 Artigkeit“
756 2914 835 2951 sive
863 2916 904 2950 ut
925 2911 1087 2949 Passov:
1121 2909 1270 2960 ‚,fein.“
1326 2909 1387 2946 Cf.
1415 2909 1552 2948 Heind.
1581 2907 1631 2946 ad
1657 2906 1736 2945 Sat.
1762 2907 1808 2954 1,
1841 2904 1906 2953 10,
