<?xml version="1.0" encoding="UTF-8"?>
<!DOCTYPE html PUBLIC "-//W3C//DTD XHTML 1.0 Transitional//EN"
    "http://www.w3.org/TR/xhtml1/DTD/xhtml1-transitional.dtd">
<html xmlns="http://www.w3.org/1999/xhtml" xml:lang="en" lang="en">
 <head>
  <title>
</title>
<meta http-equiv="Content-Type" content="text/html;charset=utf-8" />
  <meta name='ocr-system' content='tesseract 3.04.00' />
  <meta name='ocr-capabilities' content='ocr_page ocr_carea ocr_par ocr_line ocrx_word'/>
</head>
<body>
  <div class='ocr_page' id='page_1' title='image "./epistolascomment01horauoft_0362.png"; bbox 0 0 2028 3268; ppageno 0'>
   <div class='ocr_carea' id='block_1_1' title="bbox 398 254 481 298">
    <p class='ocr_par' dir='ltr' id='par_1_1' title="bbox 398 254 481 298">
     <span class='ocr_line' id='line_1_1' title="bbox 398 254 481 298; baseline -0.024 0"><span class='ocrx_word' id='word_1_1' title='bbox 398 254 481 298; x_wconf 85' lang='grc'><strong>340</strong></span> 
     </span>
    </p>
   </div>
   <div class='ocr_carea' id='block_1_2' title="bbox 947 251 1910 295">
    <p class='ocr_par' dir='ltr' id='par_1_2' title="bbox 947 251 1910 295">
     <span class='ocr_line' id='line_1_2' title="bbox 947 251 1910 295; baseline 0.002 -2"><span class='ocrx_word' id='word_1_2' title='bbox 947 251 1332 293; x_wconf 86' lang='lat' dir='ltr'><strong>HORATII</strong></span> <span class='ocrx_word' id='word_1_3' title='bbox 1854 252 1910 295; x_wconf 79' lang='lat'><strong>68</strong></span> 
     </span>
    </p>
   </div>
   <div class='ocr_carea' id='block_1_3' title="bbox 466 376 1798 1138">
    <p class='ocr_par' dir='ltr' id='par_1_3' title="bbox 466 376 1798 1138">
     <span class='ocr_line' id='line_1_3' title="bbox 466 376 1600 436; baseline -0.003 -12"><span class='ocrx_word' id='word_1_4' title='bbox 466 379 536 424; x_wconf 93' lang='lat' dir='ltr'><strong>Ad</strong></span> <span class='ocrx_word' id='word_1_5' title='bbox 566 390 685 422; x_wconf 84' lang='lat' dir='ltr'><strong>mare</strong></span> <span class='ocrx_word' id='word_1_6' title='bbox 720 377 946 422; x_wconf 78' lang='lat' dir='ltr'><strong>descendet</strong></span> <span class='ocrx_word' id='word_1_7' title='bbox 979 378 1102 421; x_wconf 70' lang='lat' dir='ltr'><strong>vates</strong></span> <span class='ocrx_word' id='word_1_8' title='bbox 1131 378 1229 418; x_wconf 79' lang='lat' dir='ltr'><strong>tuus</strong></span> <span class='ocrx_word' id='word_1_9' title='bbox 1267 378 1308 418; x_wconf 77' lang='lat' dir='ltr'><strong>et</strong></span> <span class='ocrx_word' id='word_1_10' title='bbox 1343 376 1420 420; x_wconf 88' lang='lat' dir='ltr'><strong>sibi</strong></span> <span class='ocrx_word' id='word_1_11' title='bbox 1453 379 1600 436; x_wconf 79' lang='lat' dir='ltr'><strong>parcet</strong></span> 
     </span>
     <span class='ocr_line' id='line_1_4' title="bbox 469 453 1649 514; baseline -0.003 -13"><span class='ocrx_word' id='word_1_12' title='bbox 469 456 809 513; x_wconf 80' lang='lat' dir='ltr'><strong>Contractusque</strong></span> <span class='ocrx_word' id='word_1_13' title='bbox 842 456 987 514; x_wconf 67' lang='lat' dir='ltr'><strong>leget,</strong></span> <span class='ocrx_word' id='word_1_14' title='bbox 1026 456 1095 513; x_wconf 75' lang='lat' dir='ltr'><strong>te7</strong></span> <span class='ocrx_word' id='word_1_15' title='bbox 1131 453 1264 496; x_wconf 88' lang='lat' dir='ltr'><strong>dulcis</strong></span> <span class='ocrx_word' id='word_1_16' title='bbox 1298 456 1454 513; x_wconf 83' lang='lat' dir='ltr'><strong>amice,</strong></span> <span class='ocrx_word' id='word_1_17' title='bbox 1492 457 1649 500; x_wconf 77' lang='lat' dir='ltr'><strong>revIset</strong></span> 
     </span>
     <span class='ocr_line' id='line_1_5' title="bbox 469 531 1704 590; baseline -0.004 -10"><span class='ocrx_word' id='word_1_18' title='bbox 469 534 582 580; x_wconf 81' lang='lat' dir='ltr'><strong>Cum</strong></span> <span class='ocrx_word' id='word_1_19' title='bbox 617 533 856 590; x_wconf 75' lang='lat' dir='ltr'><strong>Zephyris,</strong></span> <span class='ocrx_word' id='word_1_20' title='bbox 891 534 927 574; x_wconf 85' lang='lat' dir='ltr'><strong>si</strong></span> <span class='ocrx_word' id='word_1_21' title='bbox 955 531 1186 590; x_wconf 73' lang='lat' dir='ltr'><strong>concedes,</strong></span> <span class='ocrx_word' id='word_1_22' title='bbox 1224 534 1267 573; x_wconf 82' lang='lat' dir='ltr'><strong>et</strong></span> <span class='ocrx_word' id='word_1_23' title='bbox 1299 531 1518 575; x_wconf 78' lang='lat' dir='ltr'><strong>hirundine</strong></span> <span class='ocrx_word' id='word_1_24' title='bbox 1553 535 1704 590; x_wconf 83' lang='lat' dir='ltr'><strong>prima.</strong></span> 
     </span>
     <span class='ocr_line' id='line_1_6' title="bbox 466 607 1714 670; baseline -0.002 -14"><span class='ocrx_word' id='word_1_25' title='bbox 466 614 565 656; x_wconf 87' lang='lat' dir='ltr'><strong>Non</strong></span> <span class='ocrx_word' id='word_1_26' title='bbox 603 624 682 668; x_wconf 90' lang='lat' dir='ltr'><strong>quo</strong></span> <span class='ocrx_word' id='word_1_27' title='bbox 719 624 837 653; x_wconf 89' lang='lat' dir='ltr'><strong>more</strong></span> <span class='ocrx_word' id='word_1_28' title='bbox 873 612 974 668; x_wconf 83' lang='lat' dir='ltr'><strong>piris</strong></span> <span class='ocrx_word' id='word_1_29' title='bbox 1011 611 1128 653; x_wconf 89' lang='lat' dir='ltr'><strong>vesci</strong></span> <span class='ocrx_word' id='word_1_30' title='bbox 1174 607 1361 654; x_wconf 84' lang='lat' dir='ltr'><strong>Calaber</strong></span> <span class='ocrx_word' id='word_1_31' title='bbox 1389 610 1510 666; x_wconf 85' lang='lat' dir='ltr'><strong>jubet</strong></span> <span class='ocrx_word' id='word_1_32' title='bbox 1541 610 1714 670; x_wconf 71' lang='lat' dir='ltr'><strong>hospe87</strong></span> 
     </span>
     <span class='ocr_line' id='line_1_7' title="bbox 468 685 1649 746; baseline -0.002 -14"><span class='ocrx_word' id='word_1_33' title='bbox 468 691 540 732; x_wconf 72' lang='lat' dir='ltr'><strong>&#39;I&#39;u</strong></span> <span class='ocrx_word' id='word_1_34' title='bbox 574 701 643 732; x_wconf 91' lang='lat' dir='ltr'><strong>me</strong></span> <span class='ocrx_word' id='word_1_35' title='bbox 676 686 814 730; x_wconf 74' lang='lat' dir='ltr'><strong>fecisti</strong></span> <span class='ocrx_word' id='word_1_36' title='bbox 842 689 1115 746; x_wconf 80' lang='lat' dir='ltr'><strong>locupletem.</strong></span> <span class='ocrx_word' id='word_1_37' title='bbox 1185 688 1416 746; x_wconf 72' lang='lat' dir='ltr'><strong>„Vcsccre</strong></span> <span class='ocrx_word' id='word_1_38' title='bbox 1456 685 1649 731; x_wconf 75' lang='lat' dir='ltr'><strong>sodes!‘⁶</strong></span> 
     </span>
     <span class='ocr_line' id='line_1_8' title="bbox 467 762 1781 827; baseline -0.002 -16"><span class='ocrx_word' id='word_1_39' title='bbox 467 767 647 827; x_wconf 64' lang='lat' dir='ltr'><strong>„77Iam</strong></span> <span class='ocrx_word' id='word_1_40' title='bbox 682 767 785 808; x_wconf 74' lang='lat' dir='ltr'><strong>satis</strong></span> <span class='ocrx_word' id='word_1_41' title='bbox 822 762 991 808; x_wconf 66' lang='lat' dir='ltr'><strong>est-‘⁶⁶‘</strong></span> <span class='ocrx_word' id='word_1_42' title='bbox 1061 765 1164 826; x_wconf 79' lang='lat' dir='ltr'><strong>„At</strong></span> <span class='ocrx_word' id='word_1_43' title='bbox 1198 769 1245 808; x_wconf 86' lang='lat' dir='ltr'><strong>tu</strong></span> <span class='ocrx_word' id='word_1_44' title='bbox 1281 767 1478 823; x_wconf 82' lang='lat' dir='ltr'><strong>quantum</strong></span> <span class='ocrx_word' id='word_1_45' title='bbox 1512 767 1578 809; x_wconf 83' lang='lat' dir='ltr'><strong>vis</strong></span> <span class='ocrx_word' id='word_1_46' title='bbox 1610 763 1781 810; x_wconf 73' lang='lat' dir='ltr'><strong>tolle!“</strong></span> 
     </span>
     <span class='ocr_line' id='line_1_9' title="bbox 1164 841 1550 903; baseline 0 -17"><span class='ocrx_word' id='word_1_47' title='bbox 1164 841 1550 903; x_wconf 70' lang='lat' dir='ltr'><strong>„77Benigne.““</strong></span> 
     </span>
     <span class='ocr_line' id='line_1_10' title="bbox 470 917 1628 982; baseline -0.002 -16"><span class='ocrx_word' id='word_1_48' title='bbox 470 921 614 982; x_wconf 75' lang='lat' dir='ltr'><strong>„Non</strong></span> <span class='ocrx_word' id='word_1_49' title='bbox 647 922 783 964; x_wconf 84' lang='lat' dir='ltr'><strong>invisa</strong></span> <span class='ocrx_word' id='word_1_50' title='bbox 816 920 930 964; x_wconf 85' lang='lat' dir='ltr'><strong>feres</strong></span> <span class='ocrx_word' id='word_1_51' title='bbox 964 922 1108 978; x_wconf 84' lang='lat' dir='ltr'><strong>pueris</strong></span> <span class='ocrx_word' id='word_1_52' title='bbox 1142 921 1392 965; x_wconf 84' lang='lat' dir='ltr'><strong>munuscula</strong></span> <span class='ocrx_word' id='word_1_53' title='bbox 1424 917 1628 979; x_wconf 75' lang='lat' dir='ltr'><strong>parvis.“</strong></span> 
     </span>
     <span class='ocr_line' id='line_1_11' title="bbox 470 994 1782 1060; baseline -0.002 -17"><span class='ocrx_word' id='word_1_54' title='bbox 470 1000 674 1060; x_wconf 68' lang='lat' dir='ltr'><strong>„77&#39;1&#39;am</strong></span> <span class='ocrx_word' id='word_1_55' title='bbox 705 1001 853 1043; x_wconf 71' lang='lat' dir='ltr'><strong>teneor</strong></span> <span class='ocrx_word' id='word_1_56' title='bbox 882 999 1009 1056; x_wconf 76' lang='lat' dir='ltr'><strong>dono,</strong></span> <span class='ocrx_word' id='word_1_57' title='bbox 1051 1013 1175 1055; x_wconf 83' lang='lat' dir='ltr'><strong>quam</strong></span> <span class='ocrx_word' id='word_1_58' title='bbox 1210 1000 1246 1042; x_wconf 89' lang='lat' dir='ltr'><strong>si</strong></span> <span class='ocrx_word' id='word_1_59' title='bbox 1283 999 1466 1042; x_wconf 81' lang='lat' dir='ltr'><strong>dimittar</strong></span> <span class='ocrx_word' id='word_1_60' title='bbox 1501 994 1782 1046; x_wconf 74' lang='lat' dir='ltr'><strong>onustus.““</strong></span> 
     </span>
     <span class='ocr_line' id='line_1_12' title="bbox 471 1073 1798 1138; baseline -0.002 -17"><span class='ocrx_word' id='word_1_61' title='bbox 471 1077 572 1138; x_wconf 79' lang='lat' dir='ltr'><strong>„Ut</strong></span> <span class='ocrx_word' id='word_1_62' title='bbox 605 1077 728 1134; x_wconf 80' lang='lat' dir='ltr'><strong>libet3</strong></span> <span class='ocrx_word' id='word_1_63' title='bbox 761 1078 870 1120; x_wconf 82' lang='lat' dir='ltr'><strong>haec</strong></span> <span class='ocrx_word' id='word_1_64' title='bbox 903 1077 1043 1134; x_wconf 86' lang='lat' dir='ltr'><strong>porcis</strong></span> <span class='ocrx_word' id='word_1_65' title='bbox 1077 1077 1204 1121; x_wconf 84' lang='lat' dir='ltr'><strong>hodie</strong></span> <span class='ocrx_word' id='word_1_66' title='bbox 1235 1076 1494 1121; x_wconf 87' lang='lat' dir='ltr'><strong>comedenda</strong></span> <span class='ocrx_word' id='word_1_67' title='bbox 1525 1078 1753 1135; x_wconf 86' lang='lat' dir='ltr'><strong>relinques.</strong></span> <span class='ocrx_word' id='word_1_68' title='bbox 1765 1073 1798 1102; x_wconf 74' lang='lat'><strong>‘⁶</strong></span> 
     </span>
    </p>
   </div>
   <div class='ocr_carea' id='block_1_4' title="bbox 1861 688 1914 731">
    <p class='ocr_par' dir='ltr' id='par_1_4' title="bbox 1861 688 1914 731">
     <span class='ocr_line' id='line_1_13' title="bbox 1861 688 1914 731; baseline -0.019 0"><span class='ocrx_word' id='word_1_69' title='bbox 1861 688 1914 731; x_wconf 84' lang='lat'><strong>15</strong></span> 
     </span>
    </p>
   </div>
   <div class='ocr_carea' id='block_1_5' title="bbox 399 1199 1145 2969">
    <p class='ocr_par' dir='ltr' id='par_1_5' title="bbox 399 1199 1143 1690">
     <span class='ocr_line' id='line_1_14' title="bbox 399 1199 1135 1244; baseline -0.004 -9"><span class='ocrx_word' id='word_1_70' title='bbox 399 1201 535 1237; x_wconf 79' lang='lat' dir='ltr'><strong>inlinet.</strong></span> <span class='ocrx_word' id='word_1_71' title='bbox 570 1199 632 1232; x_wconf 87' lang='lat' dir='ltr'><strong>Sic</strong></span> <span class='ocrx_word' id='word_1_72' title='bbox 650 1211 732 1235; x_wconf 85' lang='lat' dir='ltr'><strong>mss.</strong></span> <span class='ocrx_word' id='word_1_73' title='bbox 750 1200 856 1234; x_wconf 88' lang='lat' dir='ltr'><strong>Dess.</strong></span> <span class='ocrx_word' id='word_1_74' title='bbox 875 1200 907 1233; x_wconf 92' lang='lat'><strong>1.</strong></span> <span class='ocrx_word' id='word_1_75' title='bbox 930 1210 1019 1236; x_wconf 86' lang='lat' dir='ltr'><strong>omn.</strong></span> <span class='ocrx_word' id='word_1_76' title='bbox 1034 1199 1135 1244; x_wconf 87' lang='lat' dir='ltr'><strong>Lips.</strong></span> 
     </span>
     <span class='ocr_line' id='line_1_15' title="bbox 402 1255 1138 1290; baseline -0.003 0"><span class='ocrx_word' id='word_1_77' title='bbox 402 1261 440 1290; x_wconf 83' lang='lat' dir='ltr'><strong>et</strong></span> <span class='ocrx_word' id='word_1_78' title='bbox 456 1258 590 1290; x_wconf 80' lang='lat' dir='ltr'><strong>Graev.</strong></span> <span class='ocrx_word' id='word_1_79' title='bbox 605 1257 733 1290; x_wconf 80' lang='lat' dir='ltr'><strong>illinat.</strong></span> <span class='ocrx_word' id='word_1_80' title='bbox 758 1256 826 1289; x_wconf 78' lang='lat' dir='ltr'><strong>Ms.</strong></span> <span class='ocrx_word' id='word_1_81' title='bbox 842 1255 940 1289; x_wconf 88' lang='lat' dir='ltr'><strong>Mon.</strong></span> <span class='ocrx_word' id='word_1_82' title='bbox 956 1267 987 1288; x_wconf 91' lang='lat' dir='ltr'><strong>c.</strong></span> <span class='ocrx_word' id='word_1_83' title='bbox 1004 1257 1138 1289; x_wconf 79' lang='lat' dir='ltr'><strong>allinct.</strong></span> 
     </span>
     <span class='ocr_line' id='line_1_16' title="bbox 402 1307 1138 1357; baseline -0.003 -11"><span class='ocrx_word' id='word_1_84' title='bbox 402 1313 473 1347; x_wconf 85' lang='lat' dir='ltr'><strong>Ms.</strong></span> <span class='ocrx_word' id='word_1_85' title='bbox 495 1312 549 1346; x_wconf 80' lang='lat' dir='ltr'><strong>lk.</strong></span> <span class='ocrx_word' id='word_1_86' title='bbox 565 1307 599 1344; x_wconf 89' lang='lat'><strong>4.</strong></span> <span class='ocrx_word' id='word_1_87' title='bbox 639 1312 709 1346; x_wconf 86' lang='lat' dir='ltr'><strong>Ed.</strong></span> <span class='ocrx_word' id='word_1_88' title='bbox 724 1311 825 1357; x_wconf 83' lang='lat' dir='ltr'><strong>Lips.</strong></span> <span class='ocrx_word' id='word_1_89' title='bbox 840 1310 920 1346; x_wconf 90' lang='grc'><strong>502.</strong></span> <span class='ocrx_word' id='word_1_90' title='bbox 941 1313 995 1345; x_wconf 89' lang='grc'><strong>10.</strong></span> <span class='ocrx_word' id='word_1_91' title='bbox 1033 1312 1138 1346; x_wconf 89' lang='lat' dir='ltr'><strong>Hunc</strong></span> 
     </span>
     <span class='ocr_line' id='line_1_17' title="bbox 401 1366 1139 1412; baseline -0.001 -11"><span class='ocrx_word' id='word_1_92' title='bbox 401 1379 542 1402; x_wconf 87' lang='lat' dir='ltr'><strong>versum</strong></span> <span class='ocrx_word' id='word_1_93' title='bbox 558 1370 596 1400; x_wconf 78' lang='lat' dir='ltr'><strong>et</strong></span> <span class='ocrx_word' id='word_1_94' title='bbox 619 1367 678 1412; x_wconf 88' lang='lat' dir='ltr'><strong>qui</strong></span> <span class='ocrx_word' id='word_1_95' title='bbox 706 1380 781 1412; x_wconf 80' lang='lat' dir='ltr'><strong>seq.</strong></span> <span class='ocrx_word' id='word_1_96' title='bbox 803 1371 878 1400; x_wconf 82' lang='lat' dir='ltr'><strong>tres</strong></span> <span class='ocrx_word' id='word_1_97' title='bbox 905 1366 1002 1400; x_wconf 80' lang='lat' dir='ltr'><strong>delet</strong></span> <span class='ocrx_word' id='word_1_98' title='bbox 1016 1369 1139 1412; x_wconf 81' lang='lat' dir='ltr'><strong>Guye-</strong></span> 
     </span>
     <span class='ocr_line' id='line_1_18' title="bbox 400 1424 1137 1468; baseline -0.003 -11"><span class='ocrx_word' id='word_1_99' title='bbox 400 1428 470 1458; x_wconf 83' lang='lat' dir='ltr'><strong>tus.</strong></span> <span class='ocrx_word' id='word_1_100' title='bbox 501 1425 668 1457; x_wconf 78' lang='lat' dir='ltr'><strong>Ceterum</strong></span> <span class='ocrx_word' id='word_1_101' title='bbox 682 1435 716 1457; x_wconf 84' lang='lat' dir='ltr'><strong>v.</strong></span> <span class='ocrx_word' id='word_1_102' title='bbox 731 1424 875 1457; x_wconf 82' lang='lat' dir='ltr'><strong>laudant</strong></span> <span class='ocrx_word' id='word_1_103' title='bbox 890 1424 1010 1456; x_wconf 89' lang='lat' dir='ltr'><strong>Schol.</strong></span> <span class='ocrx_word' id='word_1_104' title='bbox 1028 1424 1137 1468; x_wconf 89' lang='lat' dir='ltr'><strong>Cruq.</strong></span> 
     </span>
     <span class='ocr_line' id='line_1_19' title="bbox 401 1479 1141 1523; baseline -0.004 -9"><span class='ocrx_word' id='word_1_105' title='bbox 401 1481 447 1514; x_wconf 87' lang='lat' dir='ltr'><strong>ad</strong></span> <span class='ocrx_word' id='word_1_106' title='bbox 461 1481 539 1513; x_wconf 81' lang='lat' dir='ltr'><strong>Sat.</strong></span> <span class='ocrx_word' id='word_1_107' title='bbox 563 1481 596 1522; x_wconf 86' lang='lat'><strong>2,</strong></span> <span class='ocrx_word' id='word_1_108' title='bbox 613 1479 635 1513; x_wconf 92' lang='lat'><strong>3</strong></span> <span class='ocrx_word' id='word_1_109' title='bbox 647 1506 656 1523; x_wconf 69' lang='lat'><strong>7</strong></span> <span class='ocrx_word' id='word_1_110' title='bbox 675 1481 730 1514; x_wconf 89' lang='lat'><strong>10.</strong></span> <span class='ocrx_word' id='word_1_111' title='bbox 749 1485 786 1513; x_wconf 79' lang='lat' dir='ltr'><strong>et</strong></span> <span class='ocrx_word' id='word_1_112' title='bbox 799 1479 918 1513; x_wconf 80' lang='lat' dir='ltr'><strong>Acron</strong></span> <span class='ocrx_word' id='word_1_113' title='bbox 931 1479 1019 1512; x_wconf 85' lang='lat' dir='ltr'><strong>ibid.</strong></span> <span class='ocrx_word' id='word_1_114' title='bbox 1059 1491 1094 1513; x_wconf 83' lang='lat' dir='ltr'><strong>v.</strong></span> <span class='ocrx_word' id='word_1_115' title='bbox 1109 1479 1141 1513; x_wconf 84' lang='lat'><strong>5.</strong></span> 
     </span>
     <span class='ocr_line' id='line_1_20' title="bbox 404 1534 1141 1572; baseline -0.001 -4"><span class='ocrx_word' id='word_1_116' title='bbox 404 1556 451 1560; x_wconf 93' lang='lat'><strong>-——</strong></span> <span class='ocrx_word' id='word_1_117' title='bbox 471 1537 515 1572; x_wconf 85' lang='lat' dir='ltr'><strong>V,</strong></span> <span class='ocrx_word' id='word_1_118' title='bbox 535 1537 588 1568; x_wconf 91' lang='lat'><strong>11.</strong></span> <span class='ocrx_word' id='word_1_119' title='bbox 604 1537 803 1569; x_wconf 79' lang='lat' dir='ltr'><strong>descendat.</strong></span> <span class='ocrx_word' id='word_1_120' title='bbox 831 1535 901 1568; x_wconf 83' lang='lat' dir='ltr'><strong>Ms.</strong></span> <span class='ocrx_word' id='word_1_121' title='bbox 918 1536 972 1569; x_wconf 91' lang='lat' dir='ltr'><strong>Ik.</strong></span> <span class='ocrx_word' id='word_1_122' title='bbox 988 1534 1022 1568; x_wconf 93' lang='lat'><strong>5.</strong></span> <span class='ocrx_word' id='word_1_123' title='bbox 1041 1535 1141 1569; x_wconf 86' lang='lat' dir='ltr'><strong>Mon.</strong></span> 
     </span>
     <span class='ocr_line' id='line_1_21' title="bbox 402 1591 1143 1634; baseline 0 -10"><span class='ocrx_word' id='word_1_124' title='bbox 402 1592 426 1626; x_wconf 90' lang='lat' dir='ltr'><strong>l.</strong></span> <span class='ocrx_word' id='word_1_125' title='bbox 448 1611 496 1616; x_wconf 92' lang='lat'><em>-</em></span> <span class='ocrx_word' id='word_1_126' title='bbox 520 1592 565 1627; x_wconf 84' lang='lat' dir='ltr'><strong>V.</strong></span> <span class='ocrx_word' id='word_1_127' title='bbox 583 1592 638 1625; x_wconf 86' lang='lat'><strong>12.</strong></span> <span class='ocrx_word' id='word_1_128' title='bbox 673 1592 898 1634; x_wconf 63' lang='lat' dir='ltr'><strong>Coniunctus.</strong></span> <span class='ocrx_word' id='word_1_129' title='bbox 934 1591 1024 1624; x_wconf 88' lang='lat' dir='ltr'><strong>Cod.</strong></span> <span class='ocrx_word' id='word_1_130' title='bbox 1040 1591 1143 1624; x_wconf 88' lang='lat' dir='ltr'><strong>Men-</strong></span> 
     </span>
     <span class='ocr_line' id='line_1_22' title="bbox 400 1645 1140 1690; baseline -0.001 -10"><span class='ocrx_word' id='word_1_131' title='bbox 400 1647 463 1680; x_wconf 82' lang='lat' dir='ltr'><strong>tel.</strong></span> <span class='ocrx_word' id='word_1_132' title='bbox 475 1647 515 1680; x_wconf 75' lang='lat'><strong>2!</strong></span> <span class='ocrx_word' id='word_1_133' title='bbox 538 1665 585 1671; x_wconf 93' lang='lat'><strong>·—</strong></span> <span class='ocrx_word' id='word_1_134' title='bbox 609 1647 731 1679; x_wconf 85' lang='lat' dir='ltr'><strong>reviset</strong></span> <span class='ocrx_word' id='word_1_135' title='bbox 748 1646 866 1679; x_wconf 82' lang='lat' dir='ltr'><strong>amice.</strong></span> <span class='ocrx_word' id='word_1_136' title='bbox 900 1646 970 1679; x_wconf 85' lang='lat' dir='ltr'><strong>Ms.</strong></span> <span class='ocrx_word' id='word_1_137' title='bbox 987 1645 1089 1690; x_wconf 82' lang='lat' dir='ltr'><strong>Lips.</strong></span> <span class='ocrx_word' id='word_1_138' title='bbox 1105 1646 1140 1679; x_wconf 88' lang='grc'><strong>3.</strong></span> 
     </span>
    </p>

    <p class='ocr_par' dir='ltr' id='par_1_6' title="bbox 401 1701 1145 2969">
     <span class='ocr_line' id='line_1_23' title="bbox 456 1701 1142 1746; baseline -0.001 -11"><span class='ocrx_word' id='word_1_139' title='bbox 456 1703 502 1735; x_wconf 87' lang='lat' dir='ltr'><strong>V.</strong></span> <span class='ocrx_word' id='word_1_140' title='bbox 521 1702 578 1735; x_wconf 89' lang='lat'><strong>13.</strong></span> <span class='ocrx_word' id='word_1_141' title='bbox 610 1701 775 1746; x_wconf 80' lang='lat' dir='ltr'><strong>Zephiris.</strong></span> <span class='ocrx_word' id='word_1_142' title='bbox 811 1701 872 1733; x_wconf 89' lang='lat' dir='ltr'><strong>Sic</strong></span> <span class='ocrx_word' id='word_1_143' title='bbox 895 1712 978 1734; x_wconf 89' lang='lat' dir='ltr'><strong>mss.</strong></span> <span class='ocrx_word' id='word_1_144' title='bbox 1007 1701 1091 1734; x_wconf 89' lang='lat' dir='ltr'><strong>Dss.</strong></span> <span class='ocrx_word' id='word_1_145' title='bbox 1109 1702 1142 1734; x_wconf 89' lang='lat'><strong>1.</strong></span> 
     </span>
     <span class='ocr_line' id='line_1_24' title="bbox 402 1755 1140 1800; baseline -0.005 -7"><span class='ocrx_word' id='word_1_146' title='bbox 402 1760 434 1793; x_wconf 90' lang='lat'><strong>2.</strong></span> <span class='ocrx_word' id='word_1_147' title='bbox 465 1758 569 1790; x_wconf 82' lang='lat' dir='ltr'><strong>Gott.</strong></span> <span class='ocrx_word' id='word_1_148' title='bbox 589 1758 621 1790; x_wconf 93' lang='grc'><strong>1.</strong></span> <span class='ocrx_word' id='word_1_149' title='bbox 653 1757 764 1790; x_wconf 87' lang='lat' dir='ltr'><strong>Goth.</strong></span> <span class='ocrx_word' id='word_1_150' title='bbox 787 1755 888 1800; x_wconf 88' lang='lat' dir='ltr'><strong>Lips.</strong></span> <span class='ocrx_word' id='word_1_151' title='bbox 906 1758 939 1791; x_wconf 85' lang='lat'><strong>2.</strong></span> <span class='ocrx_word' id='word_1_152' title='bbox 956 1774 1004 1780; x_wconf 93' lang='lat'><strong>—</strong></span> <span class='ocrx_word' id='word_1_153' title='bbox 1023 1768 1140 1790; x_wconf 82' lang='lat' dir='ltr'><strong>conce-</strong></span> 
     </span>
     <span class='ocr_line' id='line_1_25' title="bbox 402 1811 1139 1857; baseline -0.003 -11"><span class='ocrx_word' id='word_1_154' title='bbox 402 1815 474 1847; x_wconf 83' lang='lat' dir='ltr'><strong>des.</strong></span> <span class='ocrx_word' id='word_1_155' title='bbox 517 1813 606 1846; x_wconf 82' lang='lat' dir='ltr'><strong>Mss.</strong></span> <span class='ocrx_word' id='word_1_156' title='bbox 634 1815 671 1845; x_wconf 82' lang='lat' dir='ltr'><strong>et</strong></span> <span class='ocrx_word' id='word_1_157' title='bbox 701 1812 780 1844; x_wconf 86' lang='lat' dir='ltr'><strong>edd.</strong></span> <span class='ocrx_word' id='word_1_158' title='bbox 804 1811 926 1855; x_wconf 83' lang='lat' dir='ltr'><strong>vulg.,</strong></span> <span class='ocrx_word' id='word_1_159' title='bbox 958 1812 1055 1845; x_wconf 81' lang='lat' dir='ltr'><strong>inter</strong></span> <span class='ocrx_word' id='word_1_160' title='bbox 1081 1823 1139 1857; x_wconf 94' lang='lat' dir='ltr'><strong>qu.</strong></span> 
     </span>
     <span class='ocr_line' id='line_1_26' title="bbox 401 1864 1141 1904; baseline -0.003 -2"><span class='ocrx_word' id='word_1_161' title='bbox 401 1868 482 1902; x_wconf 82' lang='lat' dir='ltr'><strong>Ald.</strong></span> <span class='ocrx_word' id='word_1_162' title='bbox 497 1867 578 1902; x_wconf 88' lang='lat'><strong>501.</strong></span> <span class='ocrx_word' id='word_1_163' title='bbox 596 1868 651 1901; x_wconf 87' lang='lat'><strong>19.</strong></span> <span class='ocrx_word' id='word_1_164' title='bbox 681 1869 779 1902; x_wconf 82' lang='lat' dir='ltr'><strong>Junt.</strong></span> <span class='ocrx_word' id='word_1_165' title='bbox 793 1864 871 1900; x_wconf 88' lang='lat'><strong>514.</strong></span> <span class='ocrx_word' id='word_1_166' title='bbox 889 1868 946 1904; x_wconf 89' lang='grc'><strong>19.</strong></span> <span class='ocrx_word' id='word_1_167' title='bbox 962 1869 1141 1901; x_wconf 81' lang='lat' dir='ltr'><strong>concedas.</strong></span> 
     </span>
     <span class='ocr_line' id='line_1_27' title="bbox 402 1920 1139 1958; baseline -0.003 -1"><span class='ocrx_word' id='word_1_168' title='bbox 402 1923 474 1958; x_wconf 89' lang='lat' dir='ltr'><strong>Ms.</strong></span> <span class='ocrx_word' id='word_1_169' title='bbox 499 1924 611 1958; x_wconf 92' lang='lat' dir='ltr'><strong>Pulm.</strong></span> <span class='ocrx_word' id='word_1_170' title='bbox 637 1920 672 1958; x_wconf 90' lang='lat'><strong>4.</strong></span> <span class='ocrx_word' id='word_1_171' title='bbox 719 1922 846 1956; x_wconf 88' lang='lat' dir='ltr'><strong>Oberl.</strong></span> <span class='ocrx_word' id='word_1_172' title='bbox 866 1923 914 1956; x_wconf 90' lang='lat' dir='ltr'><strong>D.</strong></span> <span class='ocrx_word' id='word_1_173' title='bbox 943 1923 1068 1956; x_wconf 89' lang='lat' dir='ltr'><strong>Comb.</strong></span> <span class='ocrx_word' id='word_1_174' title='bbox 1094 1923 1139 1955; x_wconf 92' lang='lat' dir='ltr'><strong>F.</strong></span> 
     </span>
     <span class='ocr_line' id='line_1_28' title="bbox 402 1977 1140 2022; baseline -0.003 -10"><span class='ocrx_word' id='word_1_175' title='bbox 402 1979 470 2012; x_wconf 83' lang='lat' dir='ltr'><strong>Fe.</strong></span> <span class='ocrx_word' id='word_1_176' title='bbox 496 1980 529 2022; x_wconf 88' lang='lat'><strong>1,</strong></span> <span class='ocrx_word' id='word_1_177' title='bbox 553 1991 584 2013; x_wconf 82' lang='lat' dir='ltr'><strong>a.</strong></span> <span class='ocrx_word' id='word_1_178' title='bbox 602 1990 633 2011; x_wconf 92' lang='lat' dir='ltr'><strong>e.</strong></span> <span class='ocrx_word' id='word_1_179' title='bbox 655 1980 687 2022; x_wconf 88' lang='lat'><strong>2,</strong></span> <span class='ocrx_word' id='word_1_180' title='bbox 713 1990 744 2011; x_wconf 87' lang='lat' dir='ltr'><strong>a.</strong></span> <span class='ocrx_word' id='word_1_181' title='bbox 772 1979 811 2021; x_wconf 83' lang='lat' dir='ltr'><strong>(a</strong></span> <span class='ocrx_word' id='word_1_182' title='bbox 827 1979 860 2011; x_wconf 88' lang='lat'><strong>1.</strong></span> <span class='ocrx_word' id='word_1_183' title='bbox 875 1978 940 2021; x_wconf 90' lang='lat' dir='ltr'><strong>m.)</strong></span> <span class='ocrx_word' id='word_1_184' title='bbox 961 1979 988 2011; x_wconf 83' lang='lat' dir='ltr'><strong>f.</strong></span> <span class='ocrx_word' id='word_1_185' title='bbox 1006 1978 1040 2022; x_wconf 87' lang='grc'><strong>3,</strong></span> <span class='ocrx_word' id='word_1_186' title='bbox 1057 1990 1088 2011; x_wconf 85' lang='lat' dir='ltr'><strong>a.</strong></span> <span class='ocrx_word' id='word_1_187' title='bbox 1105 1977 1140 2010; x_wconf 92' lang='lat' dir='ltr'><strong>d.</strong></span> 
     </span>
     <span class='ocr_line' id='line_1_29' title="bbox 403 2032 1140 2078; baseline -0.005 -9"><span class='ocrx_word' id='word_1_188' title='bbox 403 2036 425 2069; x_wconf 92' lang='lat'><strong>7</strong></span> <span class='ocrx_word' id='word_1_189' title='bbox 438 2061 447 2078; x_wconf 84' lang='lat'>‚</span> <span class='ocrx_word' id='word_1_190' title='bbox 474 2045 506 2067; x_wconf 88' lang='lat' dir='ltr'><strong>a.</strong></span> <span class='ocrx_word' id='word_1_191' title='bbox 527 2038 684 2068; x_wconf 82' lang='lat' dir='ltr'><strong>notatum</strong></span> <span class='ocrx_word' id='word_1_192' title='bbox 705 2045 748 2066; x_wconf 86' lang='lat' dir='ltr'><strong>ex</strong></span> <span class='ocrx_word' id='word_1_193' title='bbox 767 2045 828 2067; x_wconf 89' lang='lat' dir='ltr'><strong>ms.</strong></span> <span class='ocrx_word' id='word_1_194' title='bbox 848 2033 884 2066; x_wconf 91' lang='lat' dir='ltr'><strong>in</strong></span> <span class='ocrx_word' id='word_1_195' title='bbox 900 2045 963 2066; x_wconf 85' lang='lat' dir='ltr'><strong>ora</strong></span> <span class='ocrx_word' id='word_1_196' title='bbox 978 2034 1036 2068; x_wconf 87' lang='lat' dir='ltr'><strong>ed.</strong></span> <span class='ocrx_word' id='word_1_197' title='bbox 1058 2032 1140 2067; x_wconf 89' lang='lat' dir='ltr'><strong>Ald.</strong></span> 
     </span>
     <span class='ocr_line' id='line_1_30' title="bbox 404 2088 1143 2124; baseline -0.004 0"><span class='ocrx_word' id='word_1_198' title='bbox 404 2089 484 2124; x_wconf 89' lang='grc'><strong>501.</strong></span> <span class='ocrx_word' id='word_1_199' title='bbox 505 2090 542 2123; x_wconf 90' lang='lat' dir='ltr'><strong>in</strong></span> <span class='ocrx_word' id='word_1_200' title='bbox 561 2090 656 2124; x_wconf 90' lang='lat' dir='ltr'><strong>Bibl.</strong></span> <span class='ocrx_word' id='word_1_201' title='bbox 671 2091 754 2123; x_wconf 76' lang='lat' dir='ltr'><strong>vat.</strong></span> <span class='ocrx_word' id='word_1_202' title='bbox 771 2089 890 2123; x_wconf 87' lang='lat' dir='ltr'><strong>Guelf.</strong></span> <span class='ocrx_word' id='word_1_203' title='bbox 908 2091 939 2123; x_wconf 89' lang='lat'><strong>1.</strong></span> <span class='ocrx_word' id='word_1_204' title='bbox 955 2089 990 2124; x_wconf 89' lang='lat'><strong>3.</strong></span> <span class='ocrx_word' id='word_1_205' title='bbox 1023 2088 1143 2122; x_wconf 87' lang='lat' dir='ltr'><strong>Berol.</strong></span> 
     </span>
     <span class='ocr_line' id='line_1_31' title="bbox 404 2144 1144 2190; baseline -0.004 -10"><span class='ocrx_word' id='word_1_206' title='bbox 404 2147 436 2180; x_wconf 90' lang='lat'><strong>1.</strong></span> <span class='ocrx_word' id='word_1_207' title='bbox 460 2147 500 2190; x_wconf 87' lang='lat' dir='ltr'><strong>(a</strong></span> <span class='ocrx_word' id='word_1_208' title='bbox 514 2147 546 2181; x_wconf 88' lang='grc'><strong>2.</strong></span> <span class='ocrx_word' id='word_1_209' title='bbox 561 2146 626 2189; x_wconf 91' lang='lat' dir='ltr'><strong>m.)</strong></span> <span class='ocrx_word' id='word_1_210' title='bbox 642 2147 674 2180; x_wconf 87' lang='grc'><strong>2.</strong></span> <span class='ocrx_word' id='word_1_211' title='bbox 693 2147 796 2182; x_wconf 81' lang='lat' dir='ltr'><strong>Gott.</strong></span> <span class='ocrx_word' id='word_1_212' title='bbox 818 2146 850 2179; x_wconf 85' lang='lat'><strong>1.</strong></span> <span class='ocrx_word' id='word_1_213' title='bbox 864 2145 961 2180; x_wconf 86' lang='lat' dir='ltr'><strong>Mon.</strong></span> <span class='ocrx_word' id='word_1_214' title='bbox 977 2156 1008 2179; x_wconf 85' lang='lat' dir='ltr'><strong>e.</strong></span> <span class='ocrx_word' id='word_1_215' title='bbox 1026 2144 1050 2178; x_wconf 91' lang='lat'><strong>1.</strong></span> <span class='ocrx_word' id='word_1_216' title='bbox 1071 2145 1144 2178; x_wconf 87' lang='lat' dir='ltr'><strong>Ru-</strong></span> 
     </span>
     <span class='ocr_line' id='line_1_32' title="bbox 405 2201 1144 2246; baseline -0.004 -10"><span class='ocrx_word' id='word_1_217' title='bbox 405 2201 515 2236; x_wconf 80' lang='lat' dir='ltr'><strong>dolst.</strong></span> <span class='ocrx_word' id='word_1_218' title='bbox 550 2202 621 2235; x_wconf 91' lang='lat' dir='ltr'><strong>Ed.</strong></span> <span class='ocrx_word' id='word_1_219' title='bbox 648 2202 760 2246; x_wconf 85' lang='lat' dir='ltr'><strong>princ.</strong></span> <span class='ocrx_word' id='word_1_220' title='bbox 792 2212 851 2246; x_wconf 85' lang='lat' dir='ltr'><strong>ap.</strong></span> <span class='ocrx_word' id='word_1_221' title='bbox 875 2201 999 2234; x_wconf 89' lang='lat' dir='ltr'><strong>Comb.</strong></span> <span class='ocrx_word' id='word_1_222' title='bbox 1022 2203 1059 2234; x_wconf 79' lang='lat' dir='ltr'><strong>et</strong></span> <span class='ocrx_word' id='word_1_223' title='bbox 1078 2201 1144 2233; x_wconf 88' lang='lat' dir='ltr'><strong>Fe.</strong></span> 
     </span>
     <span class='ocr_line' id='line_1_33' title="bbox 406 2256 1144 2302; baseline -0.003 -11"><span class='ocrx_word' id='word_1_224' title='bbox 406 2260 444 2291; x_wconf 73' lang='lat' dir='ltr'><strong>et</strong></span> <span class='ocrx_word' id='word_1_225' title='bbox 467 2257 598 2291; x_wconf 84' lang='lat' dir='ltr'><strong>multae</strong></span> <span class='ocrx_word' id='word_1_226' title='bbox 620 2257 664 2290; x_wconf 86' lang='lat' dir='ltr'><strong>al.</strong></span> <span class='ocrx_word' id='word_1_227' title='bbox 689 2268 774 2302; x_wconf 83' lang='lat' dir='ltr'><strong>quas</strong></span> <span class='ocrx_word' id='word_1_228' title='bbox 799 2256 921 2290; x_wconf 79' lang='lat' dir='ltr'><strong>laudat</strong></span> <span class='ocrx_word' id='word_1_229' title='bbox 934 2257 1031 2300; x_wconf 79' lang='lat' dir='ltr'><strong>Fea,</strong></span> <span class='ocrx_word' id='word_1_230' title='bbox 1053 2257 1144 2290; x_wconf 83' lang='lat' dir='ltr'><strong>adde</strong></span> 
     </span>
     <span class='ocr_line' id='line_1_34' title="bbox 404 2309 1142 2357; baseline -0.003 -10"><span class='ocrx_word' id='word_1_231' title='bbox 404 2313 507 2357; x_wconf 89' lang='lat' dir='ltr'><strong>Lips.</strong></span> <span class='ocrx_word' id='word_1_232' title='bbox 533 2310 614 2348; x_wconf 91' lang='grc'><strong>492.</strong></span> <span class='ocrx_word' id='word_1_233' title='bbox 629 2314 686 2347; x_wconf 89' lang='lat'><strong>98.</strong></span> <span class='ocrx_word' id='word_1_234' title='bbox 705 2313 785 2348; x_wconf 88' lang='grc'><strong>502.</strong></span> <span class='ocrx_word' id='word_1_235' title='bbox 801 2314 834 2347; x_wconf 91' lang='grc'><strong>8.</strong></span> <span class='ocrx_word' id='word_1_236' title='bbox 858 2314 913 2347; x_wconf 86' lang='grc'><strong>10.</strong></span> <span class='ocrx_word' id='word_1_237' title='bbox 934 2313 991 2347; x_wconf 89' lang='grc'><strong>13.</strong></span> <span class='ocrx_word' id='word_1_238' title='bbox 1010 2309 1068 2346; x_wconf 89' lang='grc'><strong>14.</strong></span> <span class='ocrx_word' id='word_1_239' title='bbox 1087 2313 1142 2346; x_wconf 92' lang='grc'><strong>16.</strong></span> 
     </span>
     <span class='ocr_line' id='line_1_35' title="bbox 405 2364 1142 2403; baseline 0 -1"><span class='ocrx_word' id='word_1_240' title='bbox 405 2369 547 2403; x_wconf 82' lang='lat' dir='ltr'><strong>Erfurt.</strong></span> <span class='ocrx_word' id='word_1_241' title='bbox 564 2367 644 2403; x_wconf 87' lang='lat'><strong>517.</strong></span> <span class='ocrx_word' id='word_1_242' title='bbox 662 2371 699 2402; x_wconf 77' lang='lat' dir='ltr'><strong>et</strong></span> <span class='ocrx_word' id='word_1_243' title='bbox 717 2370 806 2402; x_wconf 88' lang='lat' dir='ltr'><strong>Ven.</strong></span> <span class='ocrx_word' id='word_1_244' title='bbox 824 2364 904 2402; x_wconf 88' lang='lat'><strong>498.</strong></span> <span class='ocrx_word' id='word_1_245' title='bbox 921 2368 999 2403; x_wconf 85' lang='lat'><strong>520.</strong></span> <span class='ocrx_word' id='word_1_246' title='bbox 1029 2368 1142 2402; x_wconf 90' lang='lat' dir='ltr'><strong>Loch.</strong></span> 
     </span>
     <span class='ocr_line' id='line_1_36' title="bbox 406 2421 1144 2459; baseline -0.003 -1"><span class='ocrx_word' id='word_1_247' title='bbox 406 2421 487 2459; x_wconf 89' lang='grc'><strong>498.</strong></span> <span class='ocrx_word' id='word_1_248' title='bbox 510 2424 591 2459; x_wconf 89' lang='lat' dir='ltr'><strong>Asc.</strong></span> <span class='ocrx_word' id='word_1_249' title='bbox 608 2424 688 2458; x_wconf 87' lang='lat'><strong>519.</strong></span> <span class='ocrx_word' id='word_1_250' title='bbox 705 2425 883 2458; x_wconf 81' lang='lat' dir='ltr'><strong>concedat.</strong></span> <span class='ocrx_word' id='word_1_251' title='bbox 906 2424 994 2457; x_wconf 88' lang='lat' dir='ltr'><strong>Mss.</strong></span> <span class='ocrx_word' id='word_1_252' title='bbox 1009 2424 1144 2458; x_wconf 88' lang='lat' dir='ltr'><strong>Bersm.</strong></span> 
     </span>
     <span class='ocr_line' id='line_1_37' title="bbox 407 2479 1144 2522; baseline 0.001 -9"><span class='ocrx_word' id='word_1_253' title='bbox 407 2484 495 2514; x_wconf 81' lang='lat' dir='ltr'><strong>tres.</strong></span> <span class='ocrx_word' id='word_1_254' title='bbox 520 2480 687 2514; x_wconf 79' lang='lat' dir='ltr'><strong>concedis.</strong></span> <span class='ocrx_word' id='word_1_255' title='bbox 721 2480 792 2514; x_wconf 88' lang='lat' dir='ltr'><strong>Ms.</strong></span> <span class='ocrx_word' id='word_1_256' title='bbox 813 2479 923 2513; x_wconf 87' lang='lat' dir='ltr'><strong>Pulm.</strong></span> <span class='ocrx_word' id='word_1_257' title='bbox 950 2482 984 2513; x_wconf 89' lang='lat'><strong>1.</strong></span> <span class='ocrx_word' id='word_1_258' title='bbox 1022 2480 1089 2513; x_wconf 89' lang='lat' dir='ltr'><strong>Fe.</strong></span> <span class='ocrx_word' id='word_1_259' title='bbox 1111 2481 1144 2522; x_wconf 88' lang='lat'><strong>2,</strong></span> 
     </span>
     <span class='ocr_line' id='line_1_38' title="bbox 408 2534 1139 2579; baseline -0.001 -10"><span class='ocrx_word' id='word_1_260' title='bbox 408 2536 443 2570; x_wconf 91' lang='lat' dir='ltr'><strong>h.</strong></span> <span class='ocrx_word' id='word_1_261' title='bbox 459 2535 492 2579; x_wconf 82' lang='lat'><strong>5,</strong></span> <span class='ocrx_word' id='word_1_262' title='bbox 509 2547 541 2570; x_wconf 85' lang='lat' dir='ltr'><strong>e.</strong></span> <span class='ocrx_word' id='word_1_263' title='bbox 573 2537 628 2570; x_wconf 90' lang='lat' dir='ltr'><strong>Ik.</strong></span> <span class='ocrx_word' id='word_1_264' title='bbox 651 2538 684 2571; x_wconf 87' lang='lat'><strong>2.</strong></span> <span class='ocrx_word' id='word_1_265' title='bbox 722 2534 840 2569; x_wconf 85' lang='lat' dir='ltr'><strong>Guelf.</strong></span> <span class='ocrx_word' id='word_1_266' title='bbox 857 2537 887 2570; x_wconf 90' lang='grc'><strong>2.</strong></span> <span class='ocrx_word' id='word_1_267' title='bbox 917 2536 1014 2570; x_wconf 87' lang='lat' dir='ltr'><strong>Mon.</strong></span> <span class='ocrx_word' id='word_1_268' title='bbox 1031 2536 1069 2569; x_wconf 89' lang='lat' dir='ltr'><strong>b.</strong></span> <span class='ocrx_word' id='word_1_269' title='bbox 1092 2554 1139 2560; x_wconf 90' lang='lat'><strong>-—-</strong></span> 
     </span>
     <span class='ocr_line' id='line_1_39' title="bbox 408 2587 1143 2638; baseline 0 -15"><span class='ocrx_word' id='word_1_270' title='bbox 408 2591 451 2626; x_wconf 92' lang='lat' dir='ltr'><strong>V.</strong></span> <span class='ocrx_word' id='word_1_271' title='bbox 471 2589 525 2624; x_wconf 83' lang='lat'><strong>14.</strong></span> <span class='ocrx_word' id='word_1_272' title='bbox 547 2603 612 2634; x_wconf 78' lang='lat' dir='ltr'><strong>quo</strong></span> <span class='ocrx_word' id='word_1_273' title='bbox 627 2592 741 2626; x_wconf 83' lang='lat' dir='ltr'><strong>modo.</strong></span> <span class='ocrx_word' id='word_1_274' title='bbox 770 2591 840 2624; x_wconf 90' lang='lat' dir='ltr'><strong>Ms.</strong></span> <span class='ocrx_word' id='word_1_275' title='bbox 864 2591 983 2626; x_wconf 79' lang='lat' dir='ltr'><strong>Guelf.</strong></span> <span class='ocrx_word' id='word_1_276' title='bbox 999 2590 1032 2624; x_wconf 90' lang='lat'><strong>4.</strong></span> <span class='ocrx_word' id='word_1_277' title='bbox 1056 2587 1094 2638; x_wconf 84' lang='lat' dir='ltr'><strong>(a</strong></span> <span class='ocrx_word' id='word_1_278' title='bbox 1112 2591 1143 2623; x_wconf 92' lang='lat'><strong>1.</strong></span> 
     </span>
     <span class='ocr_line' id='line_1_40' title="bbox 408 2644 1144 2691; baseline -0.001 -11"><span class='ocrx_word' id='word_1_279' title='bbox 408 2647 473 2690; x_wconf 90' lang='lat' dir='ltr'><strong>m.)</strong></span> <span class='ocrx_word' id='word_1_280' title='bbox 492 2666 539 2670; x_wconf 90' lang='lat'><em>—</em></span> <span class='ocrx_word' id='word_1_281' title='bbox 558 2647 652 2691; x_wconf 81' lang='lat' dir='ltr'><strong>piris.</strong></span> <span class='ocrx_word' id='word_1_282' title='bbox 677 2647 738 2680; x_wconf 91' lang='lat' dir='ltr'><strong>Sic</strong></span> <span class='ocrx_word' id='word_1_283' title='bbox 753 2658 833 2679; x_wconf 89' lang='lat' dir='ltr'><strong>mss.</strong></span> <span class='ocrx_word' id='word_1_284' title='bbox 849 2647 971 2681; x_wconf 84' lang='lat' dir='ltr'><strong>Jaeck.</strong></span> <span class='ocrx_word' id='word_1_285' title='bbox 986 2644 1020 2680; x_wconf 91' lang='lat'><strong>4.</strong></span> <span class='ocrx_word' id='word_1_286' title='bbox 1039 2647 1144 2681; x_wconf 84' lang='lat' dir='ltr'><strong>Dess.</strong></span> 
     </span>
     <span class='ocr_line' id='line_1_41' title="bbox 411 2703 1145 2737; baseline 0.003 -2"><span class='ocrx_word' id='word_1_287' title='bbox 411 2704 444 2735; x_wconf 92' lang='lat'><strong>1.</strong></span> <span class='ocrx_word' id='word_1_288' title='bbox 466 2704 498 2736; x_wconf 92' lang='grc'><strong>2.</strong></span> <span class='ocrx_word' id='word_1_289' title='bbox 534 2703 636 2736; x_wconf 83' lang='lat' dir='ltr'><strong>Gott.</strong></span> <span class='ocrx_word' id='word_1_290' title='bbox 659 2704 691 2736; x_wconf 94' lang='lat'><strong>1.</strong></span> <span class='ocrx_word' id='word_1_291' title='bbox 723 2703 857 2736; x_wconf 78' lang='lat' dir='ltr'><strong>GraeV.</strong></span> <span class='ocrx_word' id='word_1_292' title='bbox 878 2703 1043 2737; x_wconf 85' lang='lat' dir='ltr'><strong>Rudolst.</strong></span> <span class='ocrx_word' id='word_1_293' title='bbox 1075 2703 1145 2736; x_wconf 88' lang='lat' dir='ltr'><strong>Or-</strong></span> 
     </span>
     <span class='ocr_line' id='line_1_42' title="bbox 409 2758 1144 2803; baseline 0.001 -13"><span class='ocrx_word' id='word_1_294' title='bbox 409 2758 530 2802; x_wconf 79' lang='lat' dir='ltr'><strong>thogr.</strong></span> <span class='ocrx_word' id='word_1_295' title='bbox 538 2759 628 2801; x_wconf 78' lang='lat' dir='ltr'><strong>pyris</strong></span> <span class='ocrx_word' id='word_1_296' title='bbox 635 2763 733 2791; x_wconf 81' lang='lat' dir='ltr'><strong>recte</strong></span> <span class='ocrx_word' id='word_1_297' title='bbox 747 2758 925 2803; x_wconf 86' lang='lat' dir='ltr'><strong>improbat</strong></span> <span class='ocrx_word' id='word_1_298' title='bbox 937 2758 1144 2793; x_wconf 82' lang='lat' dir='ltr'><strong>Schneider.</strong></span> 
     </span>
     <span class='ocr_line' id='line_1_43' title="bbox 409 2811 1143 2858; baseline 0.003 -12"><span class='ocrx_word' id='word_1_299' title='bbox 409 2812 448 2846; x_wconf 89' lang='lat' dir='ltr'><strong>in</strong></span> <span class='ocrx_word' id='word_1_300' title='bbox 462 2813 647 2847; x_wconf 81' lang='lat' dir='ltr'><strong>Elemntrl.</strong></span> <span class='ocrx_word' id='word_1_301' title='bbox 668 2826 704 2858; x_wconf 88' lang='lat' dir='ltr'><strong>p.</strong></span> <span class='ocrx_word' id='word_1_302' title='bbox 720 2811 775 2848; x_wconf 97' lang='lat'><strong>46.</strong></span> <span class='ocrx_word' id='word_1_303' title='bbox 798 2833 845 2839; x_wconf 84' lang='lat'><strong>—-</strong></span> <span class='ocrx_word' id='word_1_304' title='bbox 871 2815 1039 2849; x_wconf 81' lang='lat' dir='ltr'><strong>Calabris.</strong></span> <span class='ocrx_word' id='word_1_305' title='bbox 1071 2814 1143 2848; x_wconf 85' lang='lat' dir='ltr'><strong>MS.</strong></span> 
     </span>
     <span class='ocr_line' id='line_1_44' title="bbox 411 2868 1143 2913; baseline 0.004 -11"><span class='ocrx_word' id='word_1_306' title='bbox 411 2868 510 2902; x_wconf 90' lang='lat' dir='ltr'><strong>Mon.</strong></span> <span class='ocrx_word' id='word_1_307' title='bbox 527 2879 557 2902; x_wconf 84' lang='lat' dir='ltr'><strong>c.</strong></span> <span class='ocrx_word' id='word_1_308' title='bbox 576 2869 724 2902; x_wconf 82' lang='lat' dir='ltr'><strong>Calaber</strong></span> <span class='ocrx_word' id='word_1_309' title='bbox 735 2870 824 2903; x_wconf 79' lang='lat' dir='ltr'><strong>vesci</strong></span> <span class='ocrx_word' id='word_1_310' title='bbox 829 2871 941 2913; x_wconf 80' lang='lat' dir='ltr'><strong>jubet.</strong></span> <span class='ocrx_word' id='word_1_311' title='bbox 972 2870 1062 2904; x_wconf 85' lang='lat' dir='ltr'><strong>Mss.</strong></span> <span class='ocrx_word' id='word_1_312' title='bbox 1077 2870 1143 2904; x_wconf 87' lang='lat' dir='ltr'><strong>Fe.</strong></span> 
     </span>
     <span class='ocr_line' id='line_1_45' title="bbox 413 2924 795 2969; baseline -0.003 -10"><span class='ocrx_word' id='word_1_313' title='bbox 413 2926 447 2969; x_wconf 88' lang='lat'><strong>1,</strong></span> <span class='ocrx_word' id='word_1_314' title='bbox 463 2937 496 2959; x_wconf 91' lang='lat'><strong>0.</strong></span> <span class='ocrx_word' id='word_1_315' title='bbox 513 2924 544 2968; x_wconf 87' lang='lat'><strong>2,</strong></span> <span class='ocrx_word' id='word_1_316' title='bbox 562 2937 594 2959; x_wconf 91' lang='lat' dir='ltr'><strong>c.</strong></span> <span class='ocrx_word' id='word_1_317' title='bbox 623 2924 742 2958; x_wconf 85' lang='lat' dir='ltr'><strong>Berol.</strong></span> <span class='ocrx_word' id='word_1_318' title='bbox 764 2926 795 2958; x_wconf 87' lang='lat'><strong>1.</strong></span> 
     </span>
    </p>
   </div>
   <div class='ocr_carea' id='block_1_6' title="bbox 1181 1196 1919 1635">
    <p class='ocr_par' dir='ltr' id='par_1_7' title="bbox 1181 1196 1919 1635">
     <span class='ocr_line' id='line_1_46' title="bbox 1236 1196 1916 1235; baseline 0 -2"><span class='ocrx_word' id='word_1_319' title='bbox 1236 1200 1281 1235; x_wconf 84' lang='lat' dir='ltr'><strong>V.</strong></span> <span class='ocrx_word' id='word_1_320' title='bbox 1298 1200 1353 1234; x_wconf 89' lang='lat'><strong>16.</strong></span> <span class='ocrx_word' id='word_1_321' title='bbox 1383 1200 1444 1234; x_wconf 83' lang='lat' dir='ltr'><strong>Ast</strong></span> <span class='ocrx_word' id='word_1_322' title='bbox 1458 1205 1508 1235; x_wconf 83' lang='lat' dir='ltr'><strong>tu.</strong></span> <span class='ocrx_word' id='word_1_323' title='bbox 1537 1199 1609 1234; x_wconf 89' lang='lat' dir='ltr'><strong>Ms.</strong></span> <span class='ocrx_word' id='word_1_324' title='bbox 1626 1201 1744 1235; x_wconf 85' lang='lat' dir='ltr'><strong>Guelf.</strong></span> <span class='ocrx_word' id='word_1_325' title='bbox 1758 1196 1793 1234; x_wconf 88' lang='grc'><strong>4.</strong></span> <span class='ocrx_word' id='word_1_326' title='bbox 1825 1199 1854 1233; x_wconf 90' lang='grc' dir='ltr'>Ο</span> <span class='ocrx_word' id='word_1_327' title='bbox 1865 1205 1916 1234; x_wconf 84' lang='lat' dir='ltr'><strong>tu.</strong></span> 
     </span>
     <span class='ocr_line' id='line_1_47' title="bbox 1181 1252 1916 1299; baseline -0.004 -9"><span class='ocrx_word' id='word_1_328' title='bbox 1181 1255 1252 1290; x_wconf 86' lang='lat' dir='ltr'><strong>Ms.</strong></span> <span class='ocrx_word' id='word_1_329' title='bbox 1263 1254 1360 1289; x_wconf 90' lang='lat' dir='ltr'><strong>Mon.</strong></span> <span class='ocrx_word' id='word_1_330' title='bbox 1377 1267 1408 1289; x_wconf 90' lang='lat' dir='ltr'><strong>c.</strong></span> <span class='ocrx_word' id='word_1_331' title='bbox 1428 1274 1476 1282; x_wconf 68' lang='lat'>—</span> <span class='ocrx_word' id='word_1_332' title='bbox 1491 1261 1659 1299; x_wconf 78' lang='lat' dir='ltr'><strong>quantum</strong></span> <span class='ocrx_word' id='word_1_333' title='bbox 1672 1256 1732 1290; x_wconf 80' lang='lat' dir='ltr'><strong>vis.</strong></span> <span class='ocrx_word' id='word_1_334' title='bbox 1761 1255 1822 1290; x_wconf 89' lang='lat' dir='ltr'><strong>Sic</strong></span> <span class='ocrx_word' id='word_1_335' title='bbox 1833 1252 1916 1289; x_wconf 83' lang='lat' dir='ltr'><strong>edd.</strong></span> 
     </span>
     <span class='ocr_line' id='line_1_48' title="bbox 1183 1311 1915 1356; baseline -0.001 -12"><span class='ocrx_word' id='word_1_336' title='bbox 1183 1312 1293 1356; x_wconf 89' lang='lat' dir='ltr'><strong>Cruq.</strong></span> <span class='ocrx_word' id='word_1_337' title='bbox 1317 1312 1428 1345; x_wconf 86' lang='lat' dir='ltr'><strong>Torr.</strong></span> <span class='ocrx_word' id='word_1_338' title='bbox 1449 1322 1524 1345; x_wconf 88' lang='lat' dir='ltr'><strong>cum</strong></span> <span class='ocrx_word' id='word_1_339' title='bbox 1541 1311 1586 1344; x_wconf 83' lang='lat' dir='ltr'><strong>al.</strong></span> <span class='ocrx_word' id='word_1_340' title='bbox 1602 1311 1707 1346; x_wconf 81' lang='lat' dir='ltr'><strong>etiam</strong></span> <span class='ocrx_word' id='word_1_341' title='bbox 1726 1312 1792 1345; x_wconf 83' lang='lat' dir='ltr'><strong>Fe.</strong></span> <span class='ocrx_word' id='word_1_342' title='bbox 1812 1312 1915 1346; x_wconf 83' lang='lat' dir='ltr'><strong>Jahn.</strong></span> 
     </span>
     <span class='ocr_line' id='line_1_49' title="bbox 1185 1366 1918 1412; baseline 0.001 -11"><span class='ocrx_word' id='word_1_343' title='bbox 1185 1368 1300 1401; x_wconf 89' lang='lat' dir='ltr'><strong>Schm.</strong></span> <span class='ocrx_word' id='word_1_344' title='bbox 1316 1366 1493 1401; x_wconf 84' lang='lat' dir='ltr'><strong>Meineck.</strong></span> <span class='ocrx_word' id='word_1_345' title='bbox 1508 1367 1664 1402; x_wconf 83' lang='lat' dir='ltr'><strong>Braunh.</strong></span> <span class='ocrx_word' id='word_1_346' title='bbox 1682 1367 1794 1401; x_wconf 89' lang='lat' dir='ltr'><strong>Orell.</strong></span> <span class='ocrx_word' id='word_1_347' title='bbox 1808 1377 1918 1412; x_wconf 76' lang='lat' dir='ltr'><strong>quan-</strong></span> 
     </span>
     <span class='ocr_line' id='line_1_50' title="bbox 1184 1422 1917 1467; baseline -0.003 -10"><span class='ocrx_word' id='word_1_348' title='bbox 1184 1423 1306 1457; x_wconf 83' lang='lat' dir='ltr'><strong>tumvis</strong></span> <span class='ocrx_word' id='word_1_349' title='bbox 1325 1422 1534 1467; x_wconf 81' lang='lat' dir='ltr'><strong>conjunctim</strong></span> <span class='ocrx_word' id='word_1_350' title='bbox 1555 1424 1637 1457; x_wconf 89' lang='lat' dir='ltr'><strong>edd.</strong></span> <span class='ocrx_word' id='word_1_351' title='bbox 1665 1423 1787 1457; x_wconf 80' lang='lat' dir='ltr'><strong>Lamb.</strong></span> <span class='ocrx_word' id='word_1_352' title='bbox 1805 1423 1917 1457; x_wconf 89' lang='lat' dir='ltr'><strong>Pulm.</strong></span> 
     </span>
     <span class='ocr_line' id='line_1_51' title="bbox 1187 1478 1918 1513; baseline -0.001 -2"><span class='ocrx_word' id='word_1_353' title='bbox 1187 1490 1262 1512; x_wconf 92' lang='lat' dir='ltr'><strong>cum</strong></span> <span class='ocrx_word' id='word_1_354' title='bbox 1276 1478 1320 1512; x_wconf 83' lang='lat' dir='ltr'><strong>al.</strong></span> <span class='ocrx_word' id='word_1_355' title='bbox 1337 1479 1443 1512; x_wconf 79' lang='lat' dir='ltr'><strong>etiam</strong></span> <span class='ocrx_word' id='word_1_356' title='bbox 1455 1479 1573 1513; x_wconf 81' lang='lat' dir='ltr'><strong>Bentl.</strong></span> <span class='ocrx_word' id='word_1_357' title='bbox 1589 1481 1700 1513; x_wconf 83' lang='lat' dir='ltr'><strong>Gesn.</strong></span> <span class='ocrx_word' id='word_1_358' title='bbox 1717 1498 1765 1504; x_wconf 93' lang='lat'><strong>—-</strong></span> <span class='ocrx_word' id='word_1_359' title='bbox 1781 1479 1918 1513; x_wconf 66' lang='lat' dir='ltr'><strong>‘attenc-</strong></span> 
     </span>
     <span class='ocr_line' id='line_1_52' title="bbox 1186 1533 1919 1580; baseline -0.003 -12"><span class='ocrx_word' id='word_1_360' title='bbox 1186 1535 1257 1568; x_wconf 88' lang='lat' dir='ltr'><strong>Ms.</strong></span> <span class='ocrx_word' id='word_1_361' title='bbox 1279 1535 1378 1568; x_wconf 85' lang='lat' dir='ltr'><strong>Mon.</strong></span> <span class='ocrx_word' id='word_1_362' title='bbox 1399 1536 1435 1569; x_wconf 90' lang='lat' dir='ltr'><strong>b.</strong></span> <span class='ocrx_word' id='word_1_363' title='bbox 1459 1555 1507 1561; x_wconf 78' lang='lat'><strong>-—</strong></span> <span class='ocrx_word' id='word_1_364' title='bbox 1525 1536 1630 1569; x_wconf 81' lang='lat' dir='ltr'><strong>tolle!</strong></span> <span class='ocrx_word' id='word_1_365' title='bbox 1659 1535 1839 1580; x_wconf 77' lang='lat' dir='ltr'><strong>Benigne,</strong></span> <span class='ocrx_word' id='word_1_366' title='bbox 1861 1533 1919 1567; x_wconf 84' lang='lat' dir='ltr'><strong>vel</strong></span> 
     </span>
     <span class='ocr_line' id='line_1_53' title="bbox 1187 1589 1917 1635; baseline -0.001 -12"><span class='ocrx_word' id='word_1_367' title='bbox 1187 1590 1257 1624; x_wconf 81' lang='lat' dir='ltr'><strong>alia</strong></span> <span class='ocrx_word' id='word_1_368' title='bbox 1301 1590 1627 1635; x_wconf 78' lang='lat' dir='ltr'><strong>interpunctatione</strong></span> <span class='ocrx_word' id='word_1_369' title='bbox 1671 1591 1751 1624; x_wconf 88' lang='lat' dir='ltr'><strong>edd.</strong></span> <span class='ocrx_word' id='word_1_370' title='bbox 1794 1589 1917 1623; x_wconf 78' lang='lat' dir='ltr'><strong>Lamb.</strong></span> 
     </span>
    </p>
   </div>
   <div class='ocr_carea' id='block_1_7' title="bbox 1186 1645 1918 1736">
    <p class='ocr_par' dir='ltr' id='par_1_8' title="bbox 1186 1645 1918 1736">
     <span class='ocr_line' id='line_1_54' title="bbox 1188 1645 1917 1691; baseline -0.001 -13"><span class='ocrx_word' id='word_1_371' title='bbox 1188 1647 1297 1690; x_wconf 90' lang='lat' dir='ltr'><strong>Cruq.</strong></span> <span class='ocrx_word' id='word_1_372' title='bbox 1329 1646 1438 1680; x_wconf 89' lang='lat' dir='ltr'><strong>Torr.</strong></span> <span class='ocrx_word' id='word_1_373' title='bbox 1463 1650 1500 1679; x_wconf 80' lang='lat' dir='ltr'><strong>et</strong></span> <span class='ocrx_word' id='word_1_374' title='bbox 1524 1658 1624 1691; x_wconf 90' lang='lat' dir='ltr'><strong>seqq.</strong></span> <span class='ocrx_word' id='word_1_375' title='bbox 1647 1647 1731 1680; x_wconf 84' lang='lat' dir='ltr'><strong>tolle</strong></span> <span class='ocrx_word' id='word_1_376' title='bbox 1753 1645 1917 1690; x_wconf 78' lang='lat' dir='ltr'><strong>benigne.</strong></span> 
     </span>
     <span class='ocr_line' id='line_1_55' title="bbox 1186 1698 1918 1736; baseline -0.001 -1"><span class='ocrx_word' id='word_1_377' title='bbox 1186 1701 1282 1735; x_wconf 89' lang='lat' dir='ltr'><strong>Edd.</strong></span> <span class='ocrx_word' id='word_1_378' title='bbox 1311 1701 1400 1734; x_wconf 86' lang='lat' dir='ltr'><strong>Ven.</strong></span> <span class='ocrx_word' id='word_1_379' title='bbox 1422 1698 1505 1736; x_wconf 85' lang='lat'><strong>481.</strong></span> <span class='ocrx_word' id='word_1_380' title='bbox 1527 1701 1608 1736; x_wconf 88' lang='grc'><strong>520.</strong></span> <span class='ocrx_word' id='word_1_381' title='bbox 1645 1700 1724 1735; x_wconf 89' lang='lat' dir='ltr'><strong>Ald.</strong></span> <span class='ocrx_word' id='word_1_382' title='bbox 1748 1699 1828 1735; x_wconf 91' lang='grc'><strong>501.</strong></span> <span class='ocrx_word' id='word_1_383' title='bbox 1861 1701 1918 1734; x_wconf 91' lang='grc'><strong>19.</strong></span> 
     </span>
    </p>
   </div>
   <div class='ocr_carea' id='block_1_8' title="bbox 1183 1753 1923 2912">
    <p class='ocr_par' dir='ltr' id='par_1_9' title="bbox 1183 1753 1920 1845">
     <span class='ocr_line' id='line_1_56' title="bbox 1186 1753 1920 1791; baseline 0 -2"><span class='ocrx_word' id='word_1_384' title='bbox 1186 1757 1283 1790; x_wconf 80' lang='lat' dir='ltr'><strong>Junt.</strong></span> <span class='ocrx_word' id='word_1_385' title='bbox 1309 1753 1389 1791; x_wconf 85' lang='lat'><strong>514.</strong></span> <span class='ocrx_word' id='word_1_386' title='bbox 1418 1757 1473 1791; x_wconf 90' lang='lat'><strong>19.</strong></span> <span class='ocrx_word' id='word_1_387' title='bbox 1509 1757 1591 1791; x_wconf 93' lang='lat' dir='ltr'><strong>Asc.</strong></span> <span class='ocrx_word' id='word_1_388' title='bbox 1607 1755 1688 1791; x_wconf 89' lang='lat'><strong>519.</strong></span> <span class='ocrx_word' id='word_1_389' title='bbox 1709 1761 1746 1790; x_wconf 85' lang='lat' dir='ltr'><strong>et</strong></span> <span class='ocrx_word' id='word_1_390' title='bbox 1764 1756 1810 1790; x_wconf 83' lang='lat' dir='ltr'><strong>al.</strong></span> <span class='ocrx_word' id='word_1_391' title='bbox 1834 1756 1920 1790; x_wconf 90' lang='lat' dir='ltr'><strong>mul-</strong></span> 
     </span>
     <span class='ocr_line' id='line_1_57' title="bbox 1183 1815 1327 1845; baseline 0 0"><span class='ocrx_word' id='word_1_392' title='bbox 1183 1815 1255 1845; x_wconf 80' lang='lat' dir='ltr'><strong>tae.</strong></span> <span class='ocrx_word' id='word_1_393' title='bbox 1279 1830 1327 1836; x_wconf 91' lang='lat'><strong>--</strong></span> 
     </span>
    </p>

    <p class='ocr_par' dir='ltr' id='par_1_10' title="bbox 1186 1865 1922 2292">
     <span class='ocr_line' id='line_1_58' title="bbox 1240 1865 1920 1910; baseline -0.003 -9"><span class='ocrx_word' id='word_1_394' title='bbox 1240 1867 1286 1900; x_wconf 90' lang='lat' dir='ltr'><strong>V.</strong></span> <span class='ocrx_word' id='word_1_395' title='bbox 1305 1867 1360 1901; x_wconf 88' lang='lat'><strong>17.</strong></span> <span class='ocrx_word' id='word_1_396' title='bbox 1394 1868 1483 1901; x_wconf 85' lang='lat' dir='ltr'><strong>Tam</strong></span> <span class='ocrx_word' id='word_1_397' title='bbox 1507 1872 1637 1910; x_wconf 79' lang='lat' dir='ltr'><strong>teneor,</strong></span> <span class='ocrx_word' id='word_1_398' title='bbox 1657 1868 1748 1901; x_wconf 81' lang='lat' dir='ltr'><strong>dono</strong></span> <span class='ocrx_word' id='word_1_399' title='bbox 1762 1877 1821 1910; x_wconf 78' lang='lat' dir='ltr'><strong>qu.</strong></span> <span class='ocrx_word' id='word_1_400' title='bbox 1859 1865 1920 1899; x_wconf 85' lang='lat' dir='ltr'><strong>Sic</strong></span> 
     </span>
     <span class='ocr_line' id='line_1_59' title="bbox 1186 1922 1922 1957; baseline 0 -2"><span class='ocrx_word' id='word_1_401' title='bbox 1186 1922 1351 1955; x_wconf 82' lang='lat' dir='ltr'><strong>distinxit</strong></span> <span class='ocrx_word' id='word_1_402' title='bbox 1377 1923 1548 1957; x_wconf 83' lang='lat' dir='ltr'><strong>Groebel.</strong></span> <span class='ocrx_word' id='word_1_403' title='bbox 1598 1922 1648 1956; x_wconf 78' lang='lat' dir='ltr'><strong>At</strong></span> <span class='ocrx_word' id='word_1_404' title='bbox 1671 1923 1764 1956; x_wconf 85' lang='lat' dir='ltr'><strong>conf.</strong></span> <span class='ocrx_word' id='word_1_405' title='bbox 1797 1925 1922 1955; x_wconf 75' lang='lat' dir='ltr'><strong>nostra</strong></span> 
     </span>
     <span class='ocr_line' id='line_1_60' title="bbox 1186 1977 1919 2022; baseline 0 -12"><span class='ocrx_word' id='word_1_406' title='bbox 1186 1983 1307 2012; x_wconf 81' lang='lat' dir='ltr'><strong>annot.</strong></span> <span class='ocrx_word' id='word_1_407' title='bbox 1323 1977 1361 2011; x_wconf 86' lang='lat' dir='ltr'><strong>in</strong></span> <span class='ocrx_word' id='word_1_408' title='bbox 1380 1978 1499 2022; x_wconf 86' lang='lat' dir='ltr'><strong>‚‚Allg.</strong></span> <span class='ocrx_word' id='word_1_409' title='bbox 1516 1977 1686 2011; x_wconf 83' lang='lat' dir='ltr'><strong>Schulz.“</strong></span> <span class='ocrx_word' id='word_1_410' title='bbox 1702 1977 1750 2011; x_wconf 94' lang='lat' dir='ltr'><strong>II.</strong></span> <span class='ocrx_word' id='word_1_411' title='bbox 1766 1977 1869 2012; x_wconf 84' lang='lat'><strong>1833.</strong></span> <span class='ocrx_word' id='word_1_412' title='bbox 1883 1989 1919 2022; x_wconf 89' lang='lat' dir='ltr'><strong>p.</strong></span> 
     </span>
     <span class='ocr_line' id='line_1_61' title="bbox 1187 2029 1920 2077; baseline -0.001 -10"><span class='ocrx_word' id='word_1_413' title='bbox 1187 2034 1291 2067; x_wconf 88' lang='grc'><strong>1231.</strong></span> <span class='ocrx_word' id='word_1_414' title='bbox 1312 2038 1349 2066; x_wconf 79' lang='lat' dir='ltr'><strong>et.</strong></span> <span class='ocrx_word' id='word_1_415' title='bbox 1362 2035 1465 2068; x_wconf 84' lang='lat' dir='ltr'><strong>Jahn.</strong></span> <span class='ocrx_word' id='word_1_416' title='bbox 1481 2034 1517 2066; x_wconf 91' lang='lat' dir='ltr'><strong>in</strong></span> <span class='ocrx_word' id='word_1_417' title='bbox 1531 2033 1651 2068; x_wconf 86' lang='lat' dir='ltr'><strong>NJbb.</strong></span> <span class='ocrx_word' id='word_1_418' title='bbox 1667 2031 1770 2068; x_wconf 84' lang='lat'><strong>1832.</strong></span> <span class='ocrx_word' id='word_1_419' title='bbox 1785 2033 1814 2067; x_wconf 95' lang='grc' dir='ltr'><strong>Ι.</strong></span> <span class='ocrx_word' id='word_1_420' title='bbox 1829 2029 1864 2066; x_wconf 92' lang='grc'><strong>4.</strong></span> <span class='ocrx_word' id='word_1_421' title='bbox 1883 2044 1920 2077; x_wconf 87' lang='lat' dir='ltr'><strong>p.</strong></span> 
     </span>
     <span class='ocr_line' id='line_1_62' title="bbox 1187 2086 1922 2124; baseline -0.001 -1"><span class='ocrx_word' id='word_1_422' title='bbox 1187 2086 1269 2123; x_wconf 88' lang='lat'><strong>474.</strong></span> <span class='ocrx_word' id='word_1_423' title='bbox 1301 2108 1348 2114; x_wconf 88' lang='lat'><em>-</em></span> <span class='ocrx_word' id='word_1_424' title='bbox 1382 2090 1546 2124; x_wconf 78' lang='lat' dir='ltr'><strong>dimittor.</strong></span> <span class='ocrx_word' id='word_1_425' title='bbox 1580 2089 1649 2122; x_wconf 85' lang='lat' dir='ltr'><strong>Ms.</strong></span> <span class='ocrx_word' id='word_1_426' title='bbox 1667 2090 1784 2123; x_wconf 87' lang='lat' dir='ltr'><strong>Guelf.</strong></span> <span class='ocrx_word' id='word_1_427' title='bbox 1805 2091 1837 2124; x_wconf 91' lang='grc'><strong>2.</strong></span> <span class='ocrx_word' id='word_1_428' title='bbox 1858 2089 1922 2122; x_wconf 75' lang='lat' dir='ltr'><strong>sed</strong></span> 
     </span>
     <span class='ocr_line' id='line_1_63' title="bbox 1189 2144 1919 2189; baseline -0.001 -11"><span class='ocrx_word' id='word_1_429' title='bbox 1189 2155 1349 2189; x_wconf 85' lang='lat' dir='ltr'><strong>superse.</strong></span> <span class='ocrx_word' id='word_1_430' title='bbox 1379 2157 1411 2181; x_wconf 89' lang='lat' dir='ltr'><strong>a.</strong></span> <span class='ocrx_word' id='word_1_431' title='bbox 1450 2164 1498 2170; x_wconf 88' lang='lat'><strong>-—</strong></span> <span class='ocrx_word' id='word_1_432' title='bbox 1534 2145 1714 2181; x_wconf 81' lang='lat' dir='ltr'><strong>honustus.</strong></span> <span class='ocrx_word' id='word_1_433' title='bbox 1762 2144 1823 2178; x_wconf 91' lang='lat' dir='ltr'><strong>Sic</strong></span> <span class='ocrx_word' id='word_1_434' title='bbox 1837 2155 1919 2178; x_wconf 88' lang='lat' dir='ltr'><strong>mss.</strong></span> 
     </span>
     <span class='ocr_line' id='line_1_64' title="bbox 1189 2200 1922 2236; baseline -0.001 -2"><span class='ocrx_word' id='word_1_435' title='bbox 1189 2201 1308 2236; x_wconf 88' lang='lat' dir='ltr'><strong>Guelf.</strong></span> <span class='ocrx_word' id='word_1_436' title='bbox 1324 2202 1355 2236; x_wconf 90' lang='lat'><strong>1.</strong></span> <span class='ocrx_word' id='word_1_437' title='bbox 1373 2203 1404 2236; x_wconf 89' lang='grc'><strong>2.</strong></span> <span class='ocrx_word' id='word_1_438' title='bbox 1437 2200 1558 2235; x_wconf 85' lang='lat' dir='ltr'><strong>Berol.</strong></span> <span class='ocrx_word' id='word_1_439' title='bbox 1580 2202 1612 2236; x_wconf 89' lang='lat'><strong>2.</strong></span> <span class='ocrx_word' id='word_1_440' title='bbox 1645 2201 1749 2235; x_wconf 84' lang='lat' dir='ltr'><strong>Dess.</strong></span> <span class='ocrx_word' id='word_1_441' title='bbox 1769 2203 1801 2235; x_wconf 88' lang='lat'><strong>2.</strong></span> <span class='ocrx_word' id='word_1_442' title='bbox 1833 2201 1922 2234; x_wconf 74' lang='lat' dir='ltr'><strong>San-</strong></span> 
     </span>
     <span class='ocr_line' id='line_1_65' title="bbox 1186 2259 1263 2292; baseline 0.026 -2"><span class='ocrx_word' id='word_1_443' title='bbox 1186 2259 1263 2292; x_wconf 80' lang='lat' dir='ltr'><strong>ten.</strong></span> 
     </span>
    </p>

    <p class='ocr_par' dir='ltr' id='par_1_11' title="bbox 1187 2307 1923 2912">
     <span class='ocr_line' id='line_1_66' title="bbox 1242 2307 1918 2356; baseline -0.006 -10"><span class='ocrx_word' id='word_1_444' title='bbox 1242 2312 1286 2345; x_wconf 90' lang='lat' dir='ltr'><strong>V.</strong></span> <span class='ocrx_word' id='word_1_445' title='bbox 1302 2312 1358 2346; x_wconf 87' lang='lat'><strong>19.</strong></span> <span class='ocrx_word' id='word_1_446' title='bbox 1376 2311 1461 2345; x_wconf 78' lang='lat' dir='ltr'><strong>haec</strong></span> <span class='ocrx_word' id='word_1_447' title='bbox 1474 2310 1573 2346; x_wconf 77' lang='lat' dir='ltr'><strong>hodie</strong></span> <span class='ocrx_word' id='word_1_448' title='bbox 1585 2310 1709 2356; x_wconf 78' lang='lat' dir='ltr'><strong>porcis.</strong></span> <span class='ocrx_word' id='word_1_449' title='bbox 1737 2310 1806 2344; x_wconf 76' lang='lat' dir='ltr'><strong>Ms.</strong></span> <span class='ocrx_word' id='word_1_450' title='bbox 1819 2307 1918 2343; x_wconf 90' lang='lat' dir='ltr'><strong>Mon.</strong></span> 
     </span>
     <span class='ocr_line' id='line_1_67' title="bbox 1191 2365 1920 2408; baseline -0.005 -7"><span class='ocrx_word' id='word_1_451' title='bbox 1191 2380 1223 2402; x_wconf 87' lang='lat' dir='ltr'><strong>e.</strong></span> <span class='ocrx_word' id='word_1_452' title='bbox 1243 2368 1317 2401; x_wconf 81' lang='lat' dir='ltr'><strong>hoc.</strong></span> <span class='ocrx_word' id='word_1_453' title='bbox 1357 2367 1427 2400; x_wconf 89' lang='lat' dir='ltr'><strong>Ms.</strong></span> <span class='ocrx_word' id='word_1_454' title='bbox 1454 2367 1573 2400; x_wconf 86' lang='lat' dir='ltr'><strong>Guelf.</strong></span> <span class='ocrx_word' id='word_1_455' title='bbox 1599 2369 1633 2401; x_wconf 91' lang='lat'><strong>1.</strong></span> <span class='ocrx_word' id='word_1_456' title='bbox 1666 2385 1714 2390; x_wconf 93' lang='lat'><em>—</em></span> <span class='ocrx_word' id='word_1_457' title='bbox 1741 2365 1920 2408; x_wconf 79' lang='lat' dir='ltr'><strong>relinques.</strong></span> 
     </span>
     <span class='ocr_line' id='line_1_68' title="bbox 1189 2421 1923 2466; baseline -0.005 -9"><span class='ocrx_word' id='word_1_458' title='bbox 1189 2423 1277 2458; x_wconf 89' lang='lat' dir='ltr'><strong>Mss.</strong></span> <span class='ocrx_word' id='word_1_459' title='bbox 1307 2422 1428 2455; x_wconf 83' lang='lat' dir='ltr'><strong>Lamb.</strong></span> <span class='ocrx_word' id='word_1_460' title='bbox 1458 2422 1570 2455; x_wconf 92' lang='lat' dir='ltr'><strong>Pulm.</strong></span> <span class='ocrx_word' id='word_1_461' title='bbox 1602 2422 1712 2466; x_wconf 87' lang='lat' dir='ltr'><strong>Cruq.</strong></span> <span class='ocrx_word' id='word_1_462' title='bbox 1744 2421 1853 2454; x_wconf 91' lang='lat' dir='ltr'><strong>Torr.</strong></span> <span class='ocrx_word' id='word_1_463' title='bbox 1882 2423 1923 2453; x_wconf 68' lang='lat' dir='ltr'><strong>ut</strong></span> 
     </span>
     <span class='ocr_line' id='line_1_69' title="bbox 1188 2476 1918 2522; baseline -0.004 -11"><span class='ocrx_word' id='word_1_464' title='bbox 1188 2479 1356 2512; x_wconf 81' lang='lat' dir='ltr'><strong>videntur</strong></span> <span class='ocrx_word' id='word_1_465' title='bbox 1393 2488 1484 2510; x_wconf 91' lang='lat' dir='ltr'><strong>omn.</strong></span> <span class='ocrx_word' id='word_1_466' title='bbox 1515 2478 1594 2511; x_wconf 82' lang='lat' dir='ltr'><strong>Val.</strong></span> <span class='ocrx_word' id='word_1_467' title='bbox 1627 2477 1766 2522; x_wconf 89' lang='lat' dir='ltr'><strong>plurim.</strong></span> <span class='ocrx_word' id='word_1_468' title='bbox 1796 2476 1918 2510; x_wconf 89' lang='lat' dir='ltr'><strong>Comb.</strong></span> 
     </span>
     <span class='ocr_line' id='line_1_70' title="bbox 1190 2533 1921 2578; baseline -0.005 -10"><span class='ocrx_word' id='word_1_469' title='bbox 1190 2546 1281 2568; x_wconf 89' lang='lat' dir='ltr'><strong>omn.</strong></span> <span class='ocrx_word' id='word_1_470' title='bbox 1310 2533 1375 2566; x_wconf 88' lang='lat' dir='ltr'><strong>Fe.</strong></span> <span class='ocrx_word' id='word_1_471' title='bbox 1391 2533 1563 2578; x_wconf 85' lang='lat' dir='ltr'><strong>plerique.</strong></span> <span class='ocrx_word' id='word_1_472' title='bbox 1595 2533 1693 2567; x_wconf 77' lang='lat' dir='ltr'><strong>Pott.</strong></span> <span class='ocrx_word' id='word_1_473' title='bbox 1712 2544 1802 2566; x_wconf 87' lang='lat' dir='ltr'><strong>omn.</strong></span> <span class='ocrx_word' id='word_1_474' title='bbox 1817 2543 1921 2576; x_wconf 84' lang='lat' dir='ltr'><strong>prae-</strong></span> 
     </span>
     <span class='ocr_line' id='line_1_71' title="bbox 1187 2587 1920 2624; baseline -0.005 0"><span class='ocrx_word' id='word_1_475' title='bbox 1187 2594 1244 2624; x_wconf 83' lang='lat' dir='ltr'><strong>ter</strong></span> <span class='ocrx_word' id='word_1_476' title='bbox 1259 2594 1345 2623; x_wconf 81' lang='lat' dir='ltr'><strong>tres.</strong></span> <span class='ocrx_word' id='word_1_477' title='bbox 1375 2589 1427 2622; x_wconf 86' lang='lat' dir='ltr'><strong>Ik.</strong></span> <span class='ocrx_word' id='word_1_478' title='bbox 1444 2590 1476 2622; x_wconf 91' lang='lat'><strong>1.</strong></span> <span class='ocrx_word' id='word_1_479' title='bbox 1494 2590 1527 2623; x_wconf 91' lang='lat'><strong>6.</strong></span> <span class='ocrx_word' id='word_1_480' title='bbox 1560 2589 1768 2622; x_wconf 90' lang='lat' dir='ltr'><strong>Orell.bSc.</strong></span> <span class='ocrx_word' id='word_1_481' title='bbox 1799 2587 1920 2621; x_wconf 88' lang='lat' dir='ltr'><strong>Guelf.</strong></span> 
     </span>
     <span class='ocr_line' id='line_1_72' title="bbox 1190 2642 1919 2680; baseline -0.007 0"><span class='ocrx_word' id='word_1_482' title='bbox 1190 2648 1223 2680; x_wconf 89' lang='lat'><strong>1.</strong></span> <span class='ocrx_word' id='word_1_483' title='bbox 1247 2647 1279 2679; x_wconf 90' lang='lat'><strong>2.</strong></span> <span class='ocrx_word' id='word_1_484' title='bbox 1300 2642 1335 2677; x_wconf 91' lang='lat'><strong>4.</strong></span> <span class='ocrx_word' id='word_1_485' title='bbox 1370 2645 1490 2678; x_wconf 88' lang='lat' dir='ltr'><strong>Berol.</strong></span> <span class='ocrx_word' id='word_1_486' title='bbox 1510 2647 1542 2678; x_wconf 94' lang='lat'><strong>1.</strong></span> <span class='ocrx_word' id='word_1_487' title='bbox 1572 2645 1678 2678; x_wconf 85' lang='lat' dir='ltr'><strong>Dess.</strong></span> <span class='ocrx_word' id='word_1_488' title='bbox 1695 2647 1728 2678; x_wconf 93' lang='lat'><strong>1.</strong></span> <span class='ocrx_word' id='word_1_489' title='bbox 1751 2646 1783 2679; x_wconf 88' lang='lat'><strong>2.</strong></span> <span class='ocrx_word' id='word_1_490' title='bbox 1814 2644 1919 2676; x_wconf 83' lang='lat' dir='ltr'><strong>Gott.</strong></span> 
     </span>
     <span class='ocr_line' id='line_1_73' title="bbox 1190 2695 1919 2750; baseline -0.007 -14"><span class='ocrx_word' id='word_1_491' title='bbox 1190 2703 1223 2736; x_wconf 93' lang='lat'><strong>1.</strong></span> <span class='ocrx_word' id='word_1_492' title='bbox 1256 2695 1298 2750; x_wconf 85' lang='lat' dir='ltr'><strong>(a</strong></span> <span class='ocrx_word' id='word_1_493' title='bbox 1324 2701 1355 2735; x_wconf 89' lang='grc'><strong>2.</strong></span> <span class='ocrx_word' id='word_1_494' title='bbox 1387 2701 1452 2744; x_wconf 91' lang='lat' dir='ltr'><strong>m.)</strong></span> <span class='ocrx_word' id='word_1_495' title='bbox 1483 2701 1516 2734; x_wconf 89' lang='lat'><strong>2.</strong></span> <span class='ocrx_word' id='word_1_496' title='bbox 1556 2701 1665 2734; x_wconf 83' lang='lat' dir='ltr'><strong>Goth.</strong></span> <span class='ocrx_word' id='word_1_497' title='bbox 1697 2699 1798 2745; x_wconf 81' lang='lat' dir='ltr'><strong>Lips.</strong></span> <span class='ocrx_word' id='word_1_498' title='bbox 1829 2709 1919 2732; x_wconf 91' lang='lat' dir='ltr'><strong>omn.</strong></span> 
     </span>
     <span class='ocr_line' id='line_1_74' title="bbox 1189 2755 1919 2791; baseline -0.005 0"><span class='ocrx_word' id='word_1_499' title='bbox 1189 2757 1287 2791; x_wconf 89' lang='lat' dir='ltr'><strong>Mon.</strong></span> <span class='ocrx_word' id='word_1_500' title='bbox 1304 2757 1339 2789; x_wconf 91' lang='lat' dir='ltr'><strong>b.</strong></span> <span class='ocrx_word' id='word_1_501' title='bbox 1357 2768 1387 2789; x_wconf 93' lang='lat' dir='ltr'><strong>c.</strong></span> <span class='ocrx_word' id='word_1_502' title='bbox 1405 2769 1436 2790; x_wconf 87' lang='lat' dir='ltr'><strong>e.</strong></span> <span class='ocrx_word' id='word_1_503' title='bbox 1452 2757 1478 2789; x_wconf 86' lang='lat' dir='ltr'><strong>f.</strong></span> <span class='ocrx_word' id='word_1_504' title='bbox 1496 2755 1520 2790; x_wconf 94' lang='lat' dir='ltr'><strong>l.</strong></span> <span class='ocrx_word' id='word_1_505' title='bbox 1534 2767 1579 2790; x_wconf 88' lang='lat' dir='ltr'><strong>m.</strong></span> <span class='ocrx_word' id='word_1_506' title='bbox 1599 2756 1763 2790; x_wconf 79' lang='lat' dir='ltr'><strong>Rudolst.</strong></span> <span class='ocrx_word' id='word_1_507' title='bbox 1786 2755 1919 2788; x_wconf 83' lang='lat' dir='ltr'><strong>Graev.</strong></span> 
     </span>
     <span class='ocr_line' id='line_1_75' title="bbox 1190 2809 1921 2847; baseline -0.005 -1"><span class='ocrx_word' id='word_1_508' title='bbox 1190 2816 1227 2846; x_wconf 83' lang='lat' dir='ltr'><strong>et</strong></span> <span class='ocrx_word' id='word_1_509' title='bbox 1251 2816 1292 2845; x_wconf 80' lang='lat' dir='ltr'><strong>ut</strong></span> <span class='ocrx_word' id='word_1_510' title='bbox 1311 2811 1384 2845; x_wconf 86' lang='lat' dir='ltr'><strong>vid.</strong></span> <span class='ocrx_word' id='word_1_511' title='bbox 1406 2813 1518 2846; x_wconf 76' lang='lat' dir='ltr'><strong>DorV.</strong></span> <span class='ocrx_word' id='word_1_512' title='bbox 1545 2813 1579 2846; x_wconf 90' lang='lat'><strong>1.</strong></span> <span class='ocrx_word' id='word_1_513' title='bbox 1606 2813 1639 2847; x_wconf 88' lang='lat'><strong>2.</strong></span> <span class='ocrx_word' id='word_1_514' title='bbox 1669 2809 1815 2845; x_wconf 82' lang='lat' dir='ltr'><strong>Corbei.</strong></span> <span class='ocrx_word' id='word_1_515' title='bbox 1842 2810 1921 2843; x_wconf 88' lang='lat' dir='ltr'><strong>cod.</strong></span> 
     </span>
     <span class='ocr_line' id='line_1_76' title="bbox 1189 2866 1922 2912; baseline -0.007 -9"><span class='ocrx_word' id='word_1_516' title='bbox 1189 2868 1338 2903; x_wconf 79' lang='lat' dir='ltr'><strong>Mentel.</strong></span> <span class='ocrx_word' id='word_1_517' title='bbox 1394 2867 1514 2902; x_wconf 88' lang='lat' dir='ltr'><strong>Schol.</strong></span> <span class='ocrx_word' id='word_1_518' title='bbox 1545 2867 1654 2912; x_wconf 87' lang='lat' dir='ltr'><strong>Cruq.</strong></span> <span class='ocrx_word' id='word_1_519' title='bbox 1684 2867 1721 2900; x_wconf 91' lang='lat' dir='ltr'><strong>in</strong></span> <span class='ocrx_word' id='word_1_520' title='bbox 1749 2866 1922 2899; x_wconf 83' lang='lat' dir='ltr'><strong>lemmate.</strong></span> 
     </span>
    </p>
   </div>
   <div class='ocr_carea' id='block_1_9' title="bbox 1189 2921 1921 2959">
    <p class='ocr_par' dir='ltr' id='par_1_12' title="bbox 1189 2921 1921 2959">
     <span class='ocr_line' id='line_1_77' title="bbox 1189 2921 1921 2959; baseline -0.004 -1"><span class='ocrx_word' id='word_1_521' title='bbox 1189 2924 1283 2959; x_wconf 90' lang='lat' dir='ltr'><strong>Edd.</strong></span> <span class='ocrx_word' id='word_1_522' title='bbox 1299 2924 1390 2958; x_wconf 87' lang='lat' dir='ltr'><strong>Ven.</strong></span> <span class='ocrx_word' id='word_1_523' title='bbox 1406 2921 1487 2958; x_wconf 88' lang='grc'><strong>479.</strong></span> <span class='ocrx_word' id='word_1_524' title='bbox 1502 2924 1560 2958; x_wconf 90' lang='grc'><strong>81.</strong></span> <span class='ocrx_word' id='word_1_525' title='bbox 1575 2923 1634 2958; x_wconf 86' lang='grc'><strong>83.</strong></span> <span class='ocrx_word' id='word_1_526' title='bbox 1649 2923 1706 2958; x_wconf 88' lang='grc'><strong>86.</strong></span> <span class='ocrx_word' id='word_1_527' title='bbox 1719 2921 1800 2959; x_wconf 87' lang='grc'><strong>520.</strong></span> <span class='ocrx_word' id='word_1_528' title='bbox 1822 2921 1921 2956; x_wconf 88' lang='lat' dir='ltr'><strong>Flor.</strong></span> 
     </span>
    </p>
   </div>
  </div>
 </body>
</html>
