<?xml version="1.0" encoding="UTF-8"?>
<!DOCTYPE html PUBLIC "-//W3C//DTD XHTML 1.0 Transitional//EN"
    "http://www.w3.org/TR/xhtml1/DTD/xhtml1-transitional.dtd">
<html xmlns="http://www.w3.org/1999/xhtml" xml:lang="en" lang="en">
 <head>
  <title>
</title>
<meta http-equiv="Content-Type" content="text/html;charset=utf-8" />
  <meta name='ocr-system' content='tesseract 3.04.00' />
  <meta name='ocr-capabilities' content='ocr_page ocr_carea ocr_par ocr_line ocrx_word'/>
</head>
<body>
  <div class='ocr_page' id='page_1' title='image "./epistolascomment01horauoft_0018.png"; bbox 0 0 2054 3268; ppageno 0'>
   <div class='ocr_carea' id='block_1_1' title="bbox 401 292 1355 336">
    <p class='ocr_par' dir='ltr' id='par_1_1' title="bbox 401 292 1355 336">
     <span class='ocr_line' id='line_1_1' title="bbox 401 292 1355 336; baseline 0.001 -1"><span class='ocrx_word' id='word_1_1' title='bbox 401 305 481 336; x_wconf 74' lang='lat' dir='ltr'><strong>xxv</strong></span> <span class='ocrx_word' id='word_1_2' title='bbox 969 292 1355 336; x_wconf 80' lang='lat' dir='ltr'><strong>PRAEFATIO.</strong></span> 
     </span>
    </p>
   </div>
   <div class='ocr_carea' id='block_1_2' title="bbox 392 421 1910 2986">
    <p class='ocr_par' dir='ltr' id='par_1_2' title="bbox 399 421 1910 752">
     <span class='ocr_line' id='line_1_2' title="bbox 400 421 1909 484; baseline 0.001 -17"><span class='ocrx_word' id='word_1_3' title='bbox 400 426 442 468; x_wconf 91' lang='lat' dir='ltr'><strong>in</strong></span> <span class='ocrx_word' id='word_1_4' title='bbox 467 421 664 469; x_wconf 80' lang='lat' dir='ltr'><strong>Seebodii</strong></span> <span class='ocrx_word' id='word_1_5' title='bbox 685 423 742 466; x_wconf 96' lang='lat' dir='ltr'><strong>N.</strong></span> <span class='ocrx_word' id='word_1_6' title='bbox 764 422 938 467; x_wconf 82' lang='lat' dir='ltr'><strong>Archiv.</strong></span> <span class='ocrx_word' id='word_1_7' title='bbox 966 423 1109 467; x_wconf 90' lang='grc'><strong>1830.</strong></span> <span class='ocrx_word' id='word_1_8' title='bbox 1137 440 1178 483; x_wconf 88' lang='lat' dir='ltr'><strong>p.</strong></span> <span class='ocrx_word' id='word_1_9' title='bbox 1203 424 1283 468; x_wconf 89' lang='lat'><strong>60.</strong></span> <span class='ocrx_word' id='word_1_10' title='bbox 1303 439 1387 469; x_wconf 91' lang='lat' dir='ltr'><strong>non</strong></span> <span class='ocrx_word' id='word_1_11' title='bbox 1406 425 1509 484; x_wconf 88' lang='lat' dir='ltr'><strong>ipsis</strong></span> <span class='ocrx_word' id='word_1_12' title='bbox 1528 425 1665 469; x_wconf 89' lang='lat' dir='ltr'><strong>verbis</strong></span> <span class='ocrx_word' id='word_1_13' title='bbox 1686 422 1909 484; x_wconf 79' lang='lat' dir='ltr'>indicasse,</span> 
     </span>
     <span class='ocr_line' id='line_1_3' title="bbox 402 512 1908 570; baseline 0 -13"><span class='ocrx_word' id='word_1_14' title='bbox 402 515 497 570; x_wconf 87' lang='lat' dir='ltr'><strong>quia</strong></span> <span class='ocrx_word' id='word_1_15' title='bbox 507 526 580 556; x_wconf 85' lang='lat' dir='ltr'><strong>eas</strong></span> <span class='ocrx_word' id='word_1_16' title='bbox 596 512 871 556; x_wconf 82' lang='lat' dir='ltr'><strong>Hochederi</strong></span> <span class='ocrx_word' id='word_1_17' title='bbox 886 512 1093 556; x_wconf 83' lang='lat' dir='ltr'><strong>codicibus</strong></span> <span class='ocrx_word' id='word_1_18' title='bbox 1106 527 1207 557; x_wconf 87' lang='lat' dir='ltr'><strong>mss.</strong></span> <span class='ocrx_word' id='word_1_19' title='bbox 1222 513 1556 557; x_wconf 86' lang='lat' dir='ltr'><strong>annumerandas</strong></span> <span class='ocrx_word' id='word_1_20' title='bbox 1566 527 1664 558; x_wconf 87' lang='lat' dir='ltr'><strong>esse</strong></span> <span class='ocrx_word' id='word_1_21' title='bbox 1674 514 1908 559; x_wconf 85' lang='lat' dir='ltr'><strong>credebam.</strong></span> 
     </span>
     <span class='ocr_line' id='line_1_4' title="bbox 399 601 1910 662; baseline 0.002 -17"><span class='ocrx_word' id='word_1_22' title='bbox 399 602 569 645; x_wconf 92' lang='lat' dir='ltr'><strong>Vellem</strong></span> <span class='ocrx_word' id='word_1_23' title='bbox 582 615 685 645; x_wconf 87' lang='lat' dir='ltr'><strong>sane</strong></span> <span class='ocrx_word' id='word_1_24' title='bbox 702 601 771 645; x_wconf 91' lang='lat' dir='ltr'><strong>hic</strong></span> <span class='ocrx_word' id='word_1_25' title='bbox 783 601 839 645; x_wconf 91' lang='lat' dir='ltr'><strong>V.</strong></span> <span class='ocrx_word' id='word_1_26' title='bbox 853 601 894 645; x_wconf 90' lang='lat' dir='ltr'><strong>d.</strong></span> <span class='ocrx_word' id='word_1_27' title='bbox 905 604 1139 646; x_wconf 86' lang='lat' dir='ltr'><strong>accuratius</strong></span> <span class='ocrx_word' id='word_1_28' title='bbox 1155 604 1388 647; x_wconf 81' lang='lat' dir='ltr'><strong>variantem</strong></span> <span class='ocrx_word' id='word_1_29' title='bbox 1401 605 1648 662; x_wconf 84' lang='lat' dir='ltr'><strong>scripturam</strong></span> <span class='ocrx_word' id='word_1_30' title='bbox 1666 605 1708 647; x_wconf 90' lang='lat' dir='ltr'><strong>in</strong></span> <span class='ocrx_word' id='word_1_31' title='bbox 1726 604 1910 648; x_wconf 82' lang='lat' dir='ltr'><strong>editione</strong></span> 
     </span>
     <span class='ocr_line' id='line_1_5' title="bbox 401 690 1908 752; baseline 0.002 -19"><span class='ocrx_word' id='word_1_32' title='bbox 401 690 737 750; x_wconf 75' lang='lat' dir='ltr'><strong>Epistolarum</strong></span> <span class='ocrx_word' id='word_1_33' title='bbox 762 690 935 735; x_wconf 84' lang='lat' dir='ltr'><strong>Horat.</strong></span> <span class='ocrx_word' id='word_1_34' title='bbox 960 690 1201 751; x_wconf 78' lang='lat' dir='ltr'><strong>Regensb.</strong></span> <span class='ocrx_word' id='word_1_35' title='bbox 1237 692 1382 736; x_wconf 90' lang='lat'><strong>1830.</strong></span> <span class='ocrx_word' id='word_1_36' title='bbox 1407 692 1486 736; x_wconf 87' lang='grc'><strong>31.</strong></span> <span class='ocrx_word' id='word_1_37' title='bbox 1519 693 1636 736; x_wconf 88' lang='lat' dir='ltr'><strong>nobis</strong></span> <span class='ocrx_word' id='word_1_38' title='bbox 1658 694 1908 752; x_wconf 87' lang='lat' dir='ltr'><strong>aperuisset.</strong></span> 
     </span>
    </p>

    <p class='ocr_par' dir='ltr' id='par_1_3' title="bbox 392 780 1910 2986">
     <span class='ocr_line' id='line_1_6' title="bbox 499 780 1909 827; baseline 0.002 -4"><span class='ocrx_word' id='word_1_39' title='bbox 499 780 565 823; x_wconf 90' lang='lat' dir='ltr'><strong>De</strong></span> <span class='ocrx_word' id='word_1_40' title='bbox 590 780 839 825; x_wconf 87' lang='lat' dir='ltr'><strong>editionibus</strong></span> <span class='ocrx_word' id='word_1_41' title='bbox 870 783 1107 826; x_wconf 87' lang='lat' dir='ltr'><strong>veterrimis</strong></span> <span class='ocrx_word' id='word_1_42' title='bbox 1138 782 1246 826; x_wconf 89' lang='lat' dir='ltr'><strong>haec</strong></span> <span class='ocrx_word' id='word_1_43' title='bbox 1276 782 1412 827; x_wconf 90' lang='lat' dir='ltr'><strong>habeo</strong></span> <span class='ocrx_word' id='word_1_44' title='bbox 1443 782 1600 825; x_wconf 87' lang='lat' dir='ltr'><strong>dicere.</strong></span> <span class='ocrx_word' id='word_1_45' title='bbox 1667 782 1737 826; x_wconf 90' lang='lat' dir='ltr'><strong>Ad</strong></span> <span class='ocrx_word' id='word_1_46' title='bbox 1761 796 1909 827; x_wconf 88' lang='lat' dir='ltr'><strong>manus</strong></span> 
     </span>
     <span class='ocr_line' id='line_1_7' title="bbox 399 865 1908 931; baseline 0.001 -19"><span class='ocrx_word' id='word_1_47' title='bbox 399 869 519 913; x_wconf 87' lang='lat' dir='ltr'><strong>fuere</strong></span> <span class='ocrx_word' id='word_1_48' title='bbox 543 865 599 928; x_wconf 83' lang='lat' dir='ltr'><strong>a)</strong></span> <span class='ocrx_word' id='word_1_49' title='bbox 626 869 794 913; x_wconf 86' lang='lat' dir='ltr'><strong>Veneta</strong></span> <span class='ocrx_word' id='word_1_50' title='bbox 819 870 963 914; x_wconf 89' lang='lat'><strong>1479.</strong></span> <span class='ocrx_word' id='word_1_51' title='bbox 997 870 1109 914; x_wconf 87' lang='lat' dir='ltr'><strong>Phil.</strong></span> <span class='ocrx_word' id='word_1_52' title='bbox 1130 869 1270 916; x_wconf 80' lang='lat' dir='ltr'><strong>Cond.</strong></span> <span class='ocrx_word' id='word_1_53' title='bbox 1291 871 1423 916; x_wconf 89' lang='lat' dir='ltr'><strong>Petri.</strong></span> <span class='ocrx_word' id='word_1_54' title='bbox 1445 869 1645 931; x_wconf 82' lang='lat' dir='ltr'><strong>(Mitsch.</strong></span> <span class='ocrx_word' id='word_1_55' title='bbox 1665 871 1700 914; x_wconf 89' lang='grc' dir='ltr'><strong>Ι.</strong></span> <span class='ocrx_word' id='word_1_56' title='bbox 1720 885 1763 929; x_wconf 89' lang='lat' dir='ltr'><strong>p.</strong></span> <span class='ocrx_word' id='word_1_57' title='bbox 1786 871 1908 916; x_wconf 94' lang='lat' dir='ltr'><strong>LXI.</strong></span> 
     </span>
     <span class='ocr_line' id='line_1_8' title="bbox 396 943 1909 1020; baseline 0 -17"><span class='ocrx_word' id='word_1_58' title='bbox 396 959 574 1003; x_wconf 81' lang='lat' dir='ltr'><strong>Kirchn.</strong></span> <span class='ocrx_word' id='word_1_59' title='bbox 597 974 641 1018; x_wconf 88' lang='lat' dir='ltr'><strong>p.</strong></span> <span class='ocrx_word' id='word_1_60' title='bbox 670 957 819 1003; x_wconf 80' lang='lat' dir='ltr'>CXIII</span> <span class='ocrx_word' id='word_1_61' title='bbox 837 975 902 1018; x_wconf 88' lang='lat' dir='ltr'><strong>sq.</strong></span> <span class='ocrx_word' id='word_1_62' title='bbox 940 943 1212 1020; x_wconf 79' lang='lat' dir='ltr'><strong>Schweigeri</strong></span> <span class='ocrx_word' id='word_1_63' title='bbox 1234 960 1403 1004; x_wconf 89' lang='lat' dir='ltr'><strong>Handb.</strong></span> <span class='ocrx_word' id='word_1_64' title='bbox 1433 960 1475 1003; x_wconf 87' lang='lat' dir='ltr'><strong>d.</strong></span> <span class='ocrx_word' id='word_1_65' title='bbox 1506 961 1634 1003; x_wconf 87' lang='lat' dir='ltr'><strong>class.</strong></span> <span class='ocrx_word' id='word_1_66' title='bbox 1660 959 1909 1019; x_wconf 84' lang='lat' dir='ltr'><strong>Bibliogra-</strong></span> 
     </span>
     <span class='ocr_line' id='line_1_9' title="bbox 396 1047 1907 1109; baseline 0.001 -19"><span class='ocrx_word' id='word_1_67' title='bbox 396 1048 509 1107; x_wconf 91' lang='lat' dir='ltr'><strong>phie.</strong></span> <span class='ocrx_word' id='word_1_68' title='bbox 537 1048 595 1091; x_wconf 91' lang='lat'><strong>11.</strong></span> <span class='ocrx_word' id='word_1_69' title='bbox 634 1047 678 1090; x_wconf 95' lang='grc'><strong>1.</strong></span> <span class='ocrx_word' id='word_1_70' title='bbox 714 1062 756 1106; x_wconf 90' lang='lat' dir='ltr'><strong>p.</strong></span> <span class='ocrx_word' id='word_1_71' title='bbox 784 1047 899 1091; x_wconf 88' lang='lat'><strong>388.</strong></span> <span class='ocrx_word' id='word_1_72' title='bbox 935 1047 1006 1108; x_wconf 84' lang='lat' dir='ltr'><strong>a).</strong></span> <span class='ocrx_word' id='word_1_73' title='bbox 1034 1047 1090 1108; x_wconf 98' lang='grc'><strong>1))</strong></span> <span class='ocrx_word' id='word_1_74' title='bbox 1117 1050 1229 1093; x_wconf 90' lang='lat' dir='ltr'><strong>Ven.</strong></span> <span class='ocrx_word' id='word_1_75' title='bbox 1265 1049 1409 1093; x_wconf 87' lang='lat'><strong>1481.</strong></span> <span class='ocrx_word' id='word_1_76' title='bbox 1445 1048 1645 1109; x_wconf 87' lang='lat' dir='ltr'><strong>(Mitsch.</strong></span> <span class='ocrx_word' id='word_1_77' title='bbox 1672 1064 1716 1107; x_wconf 88' lang='lat' dir='ltr'><strong>p.</strong></span> <span class='ocrx_word' id='word_1_78' title='bbox 1744 1049 1907 1106; x_wconf 84' lang='lat' dir='ltr'><strong>LXIl.,</strong></span> 
     </span>
     <span class='ocr_line' id='line_1_10' title="bbox 395 1134 1909 1198; baseline -0.001 -15"><span class='ocrx_word' id='word_1_79' title='bbox 395 1136 622 1196; x_wconf 79' lang='lat' dir='ltr'><strong>Schweig.</strong></span> <span class='ocrx_word' id='word_1_80' title='bbox 658 1137 757 1180; x_wconf 89' lang='lat' dir='ltr'><strong>ibid.</strong></span> <span class='ocrx_word' id='word_1_81' title='bbox 793 1134 847 1195; x_wconf 90' lang='grc'><strong>1))</strong></span> <span class='ocrx_word' id='word_1_82' title='bbox 889 1140 939 1183; x_wconf 86' lang='grc'><strong>01)</strong></span> <span class='ocrx_word' id='word_1_83' title='bbox 979 1138 1274 1198; x_wconf 80' lang='lat' dir='ltr'><strong>Scholiastas‚</strong></span> <span class='ocrx_word' id='word_1_84' title='bbox 1322 1153 1426 1196; x_wconf 90' lang='lat' dir='ltr'><strong>quos</strong></span> <span class='ocrx_word' id='word_1_85' title='bbox 1462 1138 1614 1197; x_wconf 75' lang='lat' dir='ltr'><strong>habet,</strong></span> <span class='ocrx_word' id='word_1_86' title='bbox 1654 1142 1803 1182; x_wconf 88' lang='lat' dir='ltr'><strong>notatu</strong></span> <span class='ocrx_word' id='word_1_87' title='bbox 1838 1136 1909 1180; x_wconf 90' lang='lat' dir='ltr'><strong>di-</strong></span> 
     </span>
     <span class='ocr_line' id='line_1_11' title="bbox 394 1223 1909 1288; baseline -0.001 -18"><span class='ocrx_word' id='word_1_88' title='bbox 394 1229 614 1287; x_wconf 81' lang='lat' dir='ltr'><strong>gnissima.</strong></span> <span class='ocrx_word' id='word_1_89' title='bbox 684 1223 735 1284; x_wconf 85' lang='lat' dir='ltr'><strong>c)</strong></span> <span class='ocrx_word' id='word_1_90' title='bbox 767 1227 961 1272; x_wconf 84' lang='lat' dir='ltr'><strong>Florent.</strong></span> <span class='ocrx_word' id='word_1_91' title='bbox 1001 1224 1240 1288; x_wconf 82' lang='lat' dir='ltr'><strong>(Laudini)</strong></span> <span class='ocrx_word' id='word_1_92' title='bbox 1277 1225 1391 1270; x_wconf 82' lang='lat'><strong>482.</strong></span> <span class='ocrx_word' id='word_1_93' title='bbox 1427 1226 1630 1288; x_wconf 82' lang='lat' dir='ltr'><strong>[Mitsch.</strong></span> <span class='ocrx_word' id='word_1_94' title='bbox 1666 1242 1710 1286; x_wconf 94' lang='lat' dir='ltr'><strong>p.</strong></span> <span class='ocrx_word' id='word_1_95' title='bbox 1741 1226 1909 1271; x_wconf 85' lang='lat' dir='ltr'>LXIII.</span> 
     </span>
     <span class='ocr_line' id='line_1_12' title="bbox 395 1312 1909 1375; baseline -0.002 -14"><span class='ocrx_word' id='word_1_96' title='bbox 395 1315 619 1375; x_wconf 77' lang='lat' dir='ltr'><strong>Schweig.</strong></span> <span class='ocrx_word' id='word_1_97' title='bbox 630 1315 728 1358; x_wconf 92' lang='lat' dir='ltr'><strong>ibid.</strong></span> <span class='ocrx_word' id='word_1_98' title='bbox 742 1312 812 1374; x_wconf 92' lang='grc'><strong>1)).</strong></span> <span class='ocrx_word' id='word_1_99' title='bbox 834 1313 891 1374; x_wconf 89' lang='grc'><strong>(1)</strong></span> <span class='ocrx_word' id='word_1_100' title='bbox 902 1316 1140 1360; x_wconf 89' lang='lat' dir='ltr'><strong>Ven.483.</strong></span> <span class='ocrx_word' id='word_1_101' title='bbox 1163 1315 1322 1360; x_wconf 82' lang='lat' dir='ltr'><strong>Joann.</strong></span> <span class='ocrx_word' id='word_1_102' title='bbox 1343 1315 1396 1359; x_wconf 88' lang='lat' dir='ltr'><strong>de</strong></span> <span class='ocrx_word' id='word_1_103' title='bbox 1411 1316 1627 1375; x_wconf 77' lang='lat' dir='ltr'><strong>Forlivio⁷</strong></span> <span class='ocrx_word' id='word_1_104' title='bbox 1652 1320 1696 1360; x_wconf 85' lang='lat' dir='ltr'><strong>et</strong></span> <span class='ocrx_word' id='word_1_105' title='bbox 1717 1315 1909 1371; x_wconf 86' lang='lat' dir='ltr'><strong>ejusdem</strong></span> 
     </span>
     <span class='ocr_line' id='line_1_13' title="bbox 394 1404 1909 1465; baseline -0.001 -17"><span class='ocrx_word' id='word_1_106' title='bbox 394 1407 517 1464; x_wconf 76' lang='lat' dir='ltr'><strong>anni,</strong></span> <span class='ocrx_word' id='word_1_107' title='bbox 557 1405 781 1462; x_wconf 84' lang='lat' dir='ltr'><strong>Raynald.</strong></span> <span class='ocrx_word' id='word_1_108' title='bbox 809 1405 862 1448; x_wconf 90' lang='lat' dir='ltr'><strong>de</strong></span> <span class='ocrx_word' id='word_1_109' title='bbox 893 1405 1123 1464; x_wconf 83' lang='lat' dir='ltr'><strong>Novimag.</strong></span> <span class='ocrx_word' id='word_1_110' title='bbox 1157 1404 1358 1465; x_wconf 81' lang='lat' dir='ltr'><strong>(Mitsch.</strong></span> <span class='ocrx_word' id='word_1_111' title='bbox 1386 1419 1429 1463; x_wconf 89' lang='lat' dir='ltr'><strong>p.</strong></span> <span class='ocrx_word' id='word_1_112' title='bbox 1459 1404 1623 1450; x_wconf 83' lang='lat' dir='ltr'><strong>LXIV.</strong></span> <span class='ocrx_word' id='word_1_113' title='bbox 1658 1404 1834 1448; x_wconf 88' lang='lat' dir='ltr'><strong>Kirchn.</strong></span> <span class='ocrx_word' id='word_1_114' title='bbox 1865 1418 1909 1463; x_wconf 91' lang='lat' dir='ltr'><strong>p.</strong></span> 
     </span>
     <span class='ocr_line' id='line_1_14' title="bbox 394 1491 1908 1554; baseline -0.003 -14"><span class='ocrx_word' id='word_1_115' title='bbox 394 1494 567 1540; x_wconf 80' lang='lat' dir='ltr'><strong>CXIX.</strong></span> <span class='ocrx_word' id='word_1_116' title='bbox 603 1493 826 1554; x_wconf 80' lang='lat' dir='ltr'><strong>Schweig.</strong></span> <span class='ocrx_word' id='word_1_117' title='bbox 858 1509 900 1553; x_wconf 90' lang='lat' dir='ltr'><strong>p.</strong></span> <span class='ocrx_word' id='word_1_118' title='bbox 932 1494 1047 1539; x_wconf 85' lang='lat'><strong>338.</strong></span> <span class='ocrx_word' id='word_1_119' title='bbox 1080 1496 1121 1538; x_wconf 94' lang='lat' dir='ltr'><strong>b.</strong></span> <span class='ocrx_word' id='word_1_120' title='bbox 1139 1493 1253 1538; x_wconf 88' lang='lat'><strong>389.</strong></span> <span class='ocrx_word' id='word_1_121' title='bbox 1279 1491 1351 1552; x_wconf 83' lang='lat' dir='ltr'><strong>a).</strong></span> <span class='ocrx_word' id='word_1_122' title='bbox 1377 1494 1564 1553; x_wconf 89' lang='lat' dir='ltr'><strong>Utraque</strong></span> <span class='ocrx_word' id='word_1_123' title='bbox 1592 1495 1635 1537; x_wconf 94' lang='lat' dir='ltr'><strong>in</strong></span> <span class='ocrx_word' id='word_1_124' title='bbox 1662 1494 1795 1553; x_wconf 88' lang='lat' dir='ltr'><strong>prima</strong></span> <span class='ocrx_word' id='word_1_125' title='bbox 1813 1493 1908 1551; x_wconf 83' lang='lat' dir='ltr'><strong>qui-</strong></span> 
     </span>
     <span class='ocr_line' id='line_1_15' title="bbox 393 1582 1910 1643; baseline -0.002 -16"><span class='ocrx_word' id='word_1_126' title='bbox 393 1583 490 1628; x_wconf 91' lang='lat' dir='ltr'><strong>dem</strong></span> <span class='ocrx_word' id='word_1_127' title='bbox 509 1584 651 1643; x_wconf 85' lang='lat' dir='ltr'><strong>Epist.</strong></span> <span class='ocrx_word' id='word_1_128' title='bbox 680 1584 773 1628; x_wconf 84' lang='lat' dir='ltr'><strong>fere</strong></span> <span class='ocrx_word' id='word_1_129' title='bbox 801 1586 1033 1642; x_wconf 80' lang='lat' dir='ltr'><strong>consentit3</strong></span> <span class='ocrx_word' id='word_1_130' title='bbox 1067 1585 1135 1628; x_wconf 90' lang='lat' dir='ltr'><strong>ubi</strong></span> <span class='ocrx_word' id='word_1_131' title='bbox 1154 1584 1259 1627; x_wconf 87' lang='lat' dir='ltr'><strong>nihil</strong></span> <span class='ocrx_word' id='word_1_132' title='bbox 1282 1584 1491 1640; x_wconf 87' lang='lat' dir='ltr'><strong>adjectum</strong></span> <span class='ocrx_word' id='word_1_133' title='bbox 1515 1587 1609 1642; x_wconf 80' lang='lat' dir='ltr'><strong>est,</strong></span> <span class='ocrx_word' id='word_1_134' title='bbox 1639 1583 1758 1642; x_wconf 89' lang='lat' dir='ltr'><strong>prior</strong></span> <span class='ocrx_word' id='word_1_135' title='bbox 1775 1582 1910 1625; x_wconf 90' lang='lat' dir='ltr'><strong>intel-</strong></span> 
     </span>
     <span class='ocr_line' id='line_1_16' title="bbox 392 1668 1906 1734; baseline -0.002 -17"><span class='ocrx_word' id='word_1_136' title='bbox 392 1675 557 1733; x_wconf 84' lang='lat' dir='ltr'><strong>ligitur.</strong></span> <span class='ocrx_word' id='word_1_137' title='bbox 593 1671 647 1732; x_wconf 87' lang='lat' dir='ltr'><strong>e)</strong></span> <span class='ocrx_word' id='word_1_138' title='bbox 674 1674 787 1718; x_wconf 90' lang='lat' dir='ltr'><strong>Ven.</strong></span> <span class='ocrx_word' id='word_1_139' title='bbox 817 1673 933 1718; x_wconf 87' lang='lat'><strong>486.</strong></span> <span class='ocrx_word' id='word_1_140' title='bbox 976 1672 1177 1734; x_wconf 83' lang='lat' dir='ltr'><strong>(Mitsch.</strong></span> <span class='ocrx_word' id='word_1_141' title='bbox 1200 1688 1243 1732; x_wconf 89' lang='lat' dir='ltr'><strong>p.</strong></span> <span class='ocrx_word' id='word_1_142' title='bbox 1271 1672 1439 1718; x_wconf 77' lang='lat' dir='ltr'><strong>LXVI.</strong></span> <span class='ocrx_word' id='word_1_143' title='bbox 1474 1673 1650 1717; x_wconf 90' lang='lat' dir='ltr'><strong>Kirchn.</strong></span> <span class='ocrx_word' id='word_1_144' title='bbox 1674 1686 1718 1730; x_wconf 90' lang='lat' dir='ltr'><strong>p.</strong></span> <span class='ocrx_word' id='word_1_145' title='bbox 1740 1668 1906 1716; x_wconf 82' lang='lat' dir='ltr'><strong>CXIV.</strong></span> 
     </span>
     <span class='ocr_line' id='line_1_17' title="bbox 394 1760 1909 1822; baseline -0.003 -13"><span class='ocrx_word' id='word_1_146' title='bbox 394 1762 619 1822; x_wconf 80' lang='lat' dir='ltr'><strong>Schweig.</strong></span> <span class='ocrx_word' id='word_1_147' title='bbox 662 1779 706 1822; x_wconf 93' lang='lat' dir='ltr'><strong>p.</strong></span> <span class='ocrx_word' id='word_1_148' title='bbox 745 1763 859 1806; x_wconf 86' lang='lat'><strong>389.</strong></span> <span class='ocrx_word' id='word_1_149' title='bbox 904 1760 975 1821; x_wconf 80' lang='lat' dir='ltr'><strong>a).</strong></span> <span class='ocrx_word' id='word_1_150' title='bbox 1036 1760 1089 1821; x_wconf 84' lang='lat' dir='ltr'><strong>f)</strong></span> <span class='ocrx_word' id='word_1_151' title='bbox 1130 1763 1241 1806; x_wconf 91' lang='lat' dir='ltr'><strong>Ven.</strong></span> <span class='ocrx_word' id='word_1_152' title='bbox 1279 1762 1394 1806; x_wconf 89' lang='lat'><strong>490.</strong></span> <span class='ocrx_word' id='word_1_153' title='bbox 1438 1761 1604 1821; x_wconf 82' lang='lat' dir='ltr'><strong>Georg.</strong></span> <span class='ocrx_word' id='word_1_154' title='bbox 1647 1761 1909 1805; x_wconf 87' lang='lat' dir='ltr'><strong>Arribabene</strong></span> 
     </span>
     <span class='ocr_line' id='line_1_18' title="bbox 394 1848 1908 1913; baseline -0.002 -16"><span class='ocrx_word' id='word_1_155' title='bbox 394 1852 616 1898; x_wconf 87' lang='lat' dir='ltr'><strong>Mantuan.</strong></span> <span class='ocrx_word' id='word_1_156' title='bbox 661 1851 863 1913; x_wconf 86' lang='lat' dir='ltr'><strong>(Mitsch.</strong></span> <span class='ocrx_word' id='word_1_157' title='bbox 895 1867 938 1911; x_wconf 90' lang='lat' dir='ltr'><strong>p.</strong></span> <span class='ocrx_word' id='word_1_158' title='bbox 967 1852 1152 1896; x_wconf 87' lang='lat' dir='ltr'><strong>LXVII.</strong></span> <span class='ocrx_word' id='word_1_159' title='bbox 1189 1850 1415 1911; x_wconf 77' lang='lat' dir='ltr'><strong>Schweig.</strong></span> <span class='ocrx_word' id='word_1_160' title='bbox 1440 1848 1571 1909; x_wconf 86' lang='lat' dir='ltr'><strong>ibid.)</strong></span> <span class='ocrx_word' id='word_1_161' title='bbox 1611 1850 1732 1895; x_wconf 85' lang='lat' dir='ltr'><strong>Haec</strong></span> <span class='ocrx_word' id='word_1_162' title='bbox 1761 1850 1908 1908; x_wconf 79' lang='lat' dir='ltr'><strong>editio,</strong></span> 
     </span>
     <span class='ocr_line' id='line_1_19' title="bbox 393 1937 1906 2001; baseline -0.004 -15"><span class='ocrx_word' id='word_1_163' title='bbox 393 1945 512 1999; x_wconf 88' lang='lat' dir='ltr'><strong>cujus</strong></span> <span class='ocrx_word' id='word_1_164' title='bbox 546 1943 781 1986; x_wconf 85' lang='lat' dir='ltr'><strong>variantem</strong></span> <span class='ocrx_word' id='word_1_165' title='bbox 826 1944 1075 2001; x_wconf 87' lang='lat' dir='ltr'><strong>scripturam</strong></span> <span class='ocrx_word' id='word_1_166' title='bbox 1118 1955 1228 1985; x_wconf 89' lang='lat' dir='ltr'><strong>nunc</strong></span> <span class='ocrx_word' id='word_1_167' title='bbox 1264 1955 1426 1985; x_wconf 90' lang='lat' dir='ltr'><strong>mecum</strong></span> <span class='ocrx_word' id='word_1_168' title='bbox 1465 1940 1784 1984; x_wconf 87' lang='lat' dir='ltr'><strong>communicavit</strong></span> <span class='ocrx_word' id='word_1_169' title='bbox 1825 1937 1906 1981; x_wconf 89' lang='grc' dir='ltr'><strong>ΤΙι.</strong></span> 
     </span>
     <span class='ocr_line' id='line_1_20' title="bbox 394 2027 1908 2090; baseline -0.003 -16"><span class='ocrx_word' id='word_1_170' title='bbox 394 2028 698 2087; x_wconf 81' lang='lat' dir='ltr'><strong>Schmidius,</strong></span> <span class='ocrx_word' id='word_1_171' title='bbox 740 2033 783 2074; x_wconf 91' lang='lat' dir='ltr'><strong>in</strong></span> <span class='ocrx_word' id='word_1_172' title='bbox 817 2031 917 2075; x_wconf 90' lang='lat' dir='ltr'><strong>edit.</strong></span> <span class='ocrx_word' id='word_1_173' title='bbox 947 2031 1088 2090; x_wconf 85' lang='lat' dir='ltr'><strong>Epist.</strong></span> <span class='ocrx_word' id='word_1_174' title='bbox 1114 2044 1200 2074; x_wconf 89' lang='lat' dir='ltr'><strong>sec.</strong></span> <span class='ocrx_word' id='word_1_175' title='bbox 1228 2031 1503 2074; x_wconf 90' lang='lat' dir='ltr'><strong>adhibebitur.</strong></span> <span class='ocrx_word' id='word_1_176' title='bbox 1539 2027 1631 2074; x_wconf 81' lang='lat' dir='ltr'><strong>Sed</strong></span> <span class='ocrx_word' id='word_1_177' title='bbox 1663 2027 1801 2072; x_wconf 90' lang='lat' dir='ltr'><strong>editor</strong></span> <span class='ocrx_word' id='word_1_178' title='bbox 1826 2028 1908 2071; x_wconf 88' lang='lat' dir='ltr'><strong>iste</strong></span> 
     </span>
     <span class='ocr_line' id='line_1_21' title="bbox 393 2115 1908 2180; baseline -0.003 -15"><span class='ocrx_word' id='word_1_179' title='bbox 393 2125 516 2165; x_wconf 89' lang='lat' dir='ltr'><strong>vetus</strong></span> <span class='ocrx_word' id='word_1_180' title='bbox 547 2121 739 2180; x_wconf 85' lang='lat' dir='ltr'><strong>pleniore</strong></span> <span class='ocrx_word' id='word_1_181' title='bbox 769 2134 845 2165; x_wconf 90' lang='lat' dir='ltr'><strong>ore</strong></span> <span class='ocrx_word' id='word_1_182' title='bbox 881 2121 1047 2165; x_wconf 86' lang='lat' dir='ltr'><strong>locutus</strong></span> <span class='ocrx_word' id='word_1_183' title='bbox 1081 2133 1180 2164; x_wconf 86' lang='lat' dir='ltr'><strong>esse</strong></span> <span class='ocrx_word' id='word_1_184' title='bbox 1214 2120 1408 2177; x_wconf 70' lang='lat' dir='ltr'><strong>videtui-3</strong></span> <span class='ocrx_word' id='word_1_185' title='bbox 1459 2132 1589 2177; x_wconf 90' lang='lat' dir='ltr'><strong>quare</strong></span> <span class='ocrx_word' id='word_1_186' title='bbox 1625 2117 1765 2162; x_wconf 88' lang='lat' dir='ltr'><strong>verbis</strong></span> <span class='ocrx_word' id='word_1_187' title='bbox 1795 2115 1908 2161; x_wconf 81' lang='lat' dir='ltr'><strong>Mit-</strong></span> 
     </span>
     <span class='ocr_line' id='line_1_22' title="bbox 392 2205 1907 2270; baseline -0.004 -16"><span class='ocrx_word' id='word_1_188' title='bbox 392 2210 662 2256; x_wconf 75' lang='lat' dir='ltr'><strong>scherlichiiz</strong></span> <span class='ocrx_word' id='word_1_189' title='bbox 709 2209 905 2270; x_wconf 77' lang='lat' dir='ltr'><strong>„Novae</strong></span> <span class='ocrx_word' id='word_1_190' title='bbox 947 2210 1056 2254; x_wconf 91' lang='lat' dir='ltr'><strong>adeo</strong></span> <span class='ocrx_word' id='word_1_191' title='bbox 1100 2210 1358 2254; x_wconf 88' lang='lat' dir='ltr'><strong>recensionis</strong></span> <span class='ocrx_word' id='word_1_192' title='bbox 1399 2210 1535 2252; x_wconf 90' lang='lat' dir='ltr'><strong>instar</strong></span> <span class='ocrx_word' id='word_1_193' title='bbox 1571 2205 1766 2251; x_wconf 87' lang='lat' dir='ltr'><strong>habenda</strong></span> <span class='ocrx_word' id='word_1_194' title='bbox 1799 2206 1907 2249; x_wconf 85' lang='lat' dir='ltr'><strong>haec</strong></span> 
     </span>
     <span class='ocr_line' id='line_1_23' title="bbox 393 2294 1906 2359; baseline -0.004 -16"><span class='ocrx_word' id='word_1_195' title='bbox 393 2298 558 2344; x_wconf 67' lang='lat' dir='ltr'><strong>editi044</strong></span> <span class='ocrx_word' id='word_1_196' title='bbox 571 2300 904 2344; x_wconf 87' lang='lat' dir='ltr'><strong>—subscribere</strong></span> <span class='ocrx_word' id='word_1_197' title='bbox 925 2299 1082 2344; x_wconf 87' lang='lat' dir='ltr'><strong>dubito.</strong></span> <span class='ocrx_word' id='word_1_198' title='bbox 1118 2296 1180 2359; x_wconf 83' lang='lat' dir='ltr'><strong>g)</strong></span> <span class='ocrx_word' id='word_1_199' title='bbox 1201 2298 1446 2358; x_wconf 81' lang='lat' dir='ltr'><strong>Lips.492.</strong></span> <span class='ocrx_word' id='word_1_200' title='bbox 1460 2295 1661 2358; x_wconf 84' lang='lat' dir='ltr'><strong>(Mitsch.</strong></span> <span class='ocrx_word' id='word_1_201' title='bbox 1681 2309 1724 2353; x_wconf 92' lang='lat' dir='ltr'><strong>p.</strong></span> <span class='ocrx_word' id='word_1_202' title='bbox 1735 2294 1906 2338; x_wconf 92' lang='lat' dir='ltr'><strong>LXIX.</strong></span> 
     </span>
     <span class='ocr_line' id='line_1_24' title="bbox 394 2383 1907 2449; baseline -0.005 -17"><span class='ocrx_word' id='word_1_203' title='bbox 394 2387 620 2449; x_wconf 79' lang='lat' dir='ltr'><strong>Schweig.</strong></span> <span class='ocrx_word' id='word_1_204' title='bbox 632 2404 675 2448; x_wconf 91' lang='lat' dir='ltr'><strong>p.</strong></span> <span class='ocrx_word' id='word_1_205' title='bbox 687 2388 801 2433; x_wconf 86' lang='lat'><strong>389.</strong></span> <span class='ocrx_word' id='word_1_206' title='bbox 820 2387 890 2448; x_wconf 91' lang='grc'><strong>1)).</strong></span> <span class='ocrx_word' id='word_1_207' title='bbox 919 2389 1014 2434; x_wconf 86' lang='lat' dir='ltr'><strong>Hac</strong></span> <span class='ocrx_word' id='word_1_208' title='bbox 1027 2388 1211 2434; x_wconf 87' lang='lat' dir='ltr'><strong>editione</strong></span> <span class='ocrx_word' id='word_1_209' title='bbox 1229 2389 1446 2432; x_wconf 87' lang='lat' dir='ltr'><strong>rarissima</strong></span> <span class='ocrx_word' id='word_1_210' title='bbox 1463 2399 1586 2429; x_wconf 90' lang='lat' dir='ltr'><strong>nemo</strong></span> <span class='ocrx_word' id='word_1_211' title='bbox 1606 2383 1810 2427; x_wconf 89' lang='lat' dir='ltr'><strong>editorum</strong></span> <span class='ocrx_word' id='word_1_212' title='bbox 1820 2397 1907 2427; x_wconf 89' lang='lat' dir='ltr'><strong>un-</strong></span> 
     </span>
     <span class='ocr_line' id='line_1_25' title="bbox 397 2473 1906 2536; baseline -0.004 -16"><span class='ocrx_word' id='word_1_213' title='bbox 397 2491 518 2534; x_wconf 90' lang='lat' dir='ltr'><strong>quam</strong></span> <span class='ocrx_word' id='word_1_214' title='bbox 535 2494 636 2522; x_wconf 91' lang='lat' dir='ltr'><strong>usus</strong></span> <span class='ocrx_word' id='word_1_215' title='bbox 657 2483 738 2523; x_wconf 89' lang='lat' dir='ltr'><strong>est.</strong></span> <span class='ocrx_word' id='word_1_216' title='bbox 778 2479 1030 2524; x_wconf 86' lang='lat' dir='ltr'><strong>Variantem</strong></span> <span class='ocrx_word' id='word_1_217' title='bbox 1052 2482 1145 2536; x_wconf 91' lang='lat' dir='ltr'><strong>ejus</strong></span> <span class='ocrx_word' id='word_1_218' title='bbox 1164 2479 1416 2536; x_wconf 87' lang='lat' dir='ltr'><strong>scripturam</strong></span> <span class='ocrx_word' id='word_1_219' title='bbox 1436 2488 1530 2519; x_wconf 91' lang='lat' dir='ltr'><strong>cum</strong></span> <span class='ocrx_word' id='word_1_220' title='bbox 1550 2477 1745 2517; x_wconf 85' lang='lat' dir='ltr'><strong>accurata</strong></span> <span class='ocrx_word' id='word_1_221' title='bbox 1773 2473 1906 2531; x_wconf 85' lang='lat' dir='ltr'><strong>ipsius</strong></span> 
     </span>
     <span class='ocr_line' id='line_1_26' title="bbox 395 2562 1905 2628; baseline -0.003 -18"><span class='ocrx_word' id='word_1_222' title='bbox 395 2565 590 2610; x_wconf 86' lang='lat' dir='ltr'><strong>editionis</strong></span> <span class='ocrx_word' id='word_1_223' title='bbox 608 2568 907 2628; x_wconf 79' lang='lat' dir='ltr'><strong>descriptione,</strong></span> <span class='ocrx_word' id='word_1_224' title='bbox 933 2581 1039 2627; x_wconf 90' lang='lat' dir='ltr'><strong>quae</strong></span> <span class='ocrx_word' id='word_1_225' title='bbox 1057 2568 1183 2627; x_wconf 90' lang='lat' dir='ltr'><strong>paulo</strong></span> <span class='ocrx_word' id='word_1_226' title='bbox 1206 2565 1318 2610; x_wconf 85' lang='lat' dir='ltr'><strong>infra</strong></span> <span class='ocrx_word' id='word_1_227' title='bbox 1337 2565 1518 2623; x_wconf 77' lang='lat' dir='ltr'><strong>dabitur,</strong></span> <span class='ocrx_word' id='word_1_228' title='bbox 1539 2562 1594 2606; x_wconf 90' lang='lat' dir='ltr'><strong>ad</strong></span> <span class='ocrx_word' id='word_1_229' title='bbox 1605 2575 1671 2606; x_wconf 90' lang='lat' dir='ltr'><strong>me</strong></span> <span class='ocrx_word' id='word_1_230' title='bbox 1682 2562 1905 2607; x_wconf 87' lang='lat' dir='ltr'><strong>humanis-</strong></span> 
     </span>
     <span class='ocr_line' id='line_1_27' title="bbox 395 2649 1907 2716; baseline -0.003 -17"><span class='ocrx_word' id='word_1_231' title='bbox 395 2657 500 2700; x_wconf 88' lang='lat' dir='ltr'><strong>sime</strong></span> <span class='ocrx_word' id='word_1_232' title='bbox 523 2657 636 2700; x_wconf 85' lang='lat' dir='ltr'><strong>misit</strong></span> <span class='ocrx_word' id='word_1_233' title='bbox 658 2656 936 2716; x_wconf 81' lang='lat' dir='ltr'><strong>Bardz‘lius‚</strong></span> <span class='ocrx_word' id='word_1_234' title='bbox 978 2658 1058 2702; x_wconf 89' lang='lat' dir='ltr'><strong>Vir</strong></span> <span class='ocrx_word' id='word_1_235' title='bbox 1083 2656 1410 2701; x_wconf 85' lang='lat' dir='ltr'><strong>literatissimus.</strong></span> <span class='ocrx_word' id='word_1_236' title='bbox 1457 2649 1516 2712; x_wconf 85' lang='lat' dir='ltr'><strong>h)</strong></span> <span class='ocrx_word' id='word_1_237' title='bbox 1548 2652 1660 2696; x_wconf 91' lang='lat' dir='ltr'><strong>Ven.</strong></span> <span class='ocrx_word' id='word_1_238' title='bbox 1689 2651 1806 2696; x_wconf 84' lang='lat'><strong>498.</strong></span> <span class='ocrx_word' id='word_1_239' title='bbox 1836 2651 1907 2695; x_wconf 92' lang='lat' dir='ltr'><strong>die</strong></span> 
     </span>
     <span class='ocr_line' id='line_1_28' title="bbox 395 2737 1906 2806; baseline -0.004 -18"><span class='ocrx_word' id='word_1_240' title='bbox 395 2745 521 2788; x_wconf 89' lang='lat' dir='ltr'><strong>XIII.</strong></span> <span class='ocrx_word' id='word_1_241' title='bbox 548 2745 669 2789; x_wconf 82' lang='lat' dir='ltr'><strong>Julii.</strong></span> <span class='ocrx_word' id='word_1_242' title='bbox 708 2744 909 2806; x_wconf 85' lang='lat' dir='ltr'><strong>(Mitsch.</strong></span> <span class='ocrx_word' id='word_1_243' title='bbox 933 2761 978 2806; x_wconf 93' lang='lat' dir='ltr'><strong>p.</strong></span> <span class='ocrx_word' id='word_1_244' title='bbox 1015 2745 1207 2793; x_wconf 90' lang='lat' dir='ltr'><strong>LXXII.</strong></span> <span class='ocrx_word' id='word_1_245' title='bbox 1247 2741 1473 2802; x_wconf 76' lang='lat' dir='ltr'><strong>Schweig.</strong></span> <span class='ocrx_word' id='word_1_246' title='bbox 1507 2757 1552 2802; x_wconf 90' lang='lat' dir='ltr'><strong>p.</strong></span> <span class='ocrx_word' id='word_1_247' title='bbox 1592 2740 1707 2785; x_wconf 87' lang='lat'><strong>390.</strong></span> <span class='ocrx_word' id='word_1_248' title='bbox 1737 2737 1810 2799; x_wconf 87' lang='lat' dir='ltr'><strong>a).</strong></span> <span class='ocrx_word' id='word_1_249' title='bbox 1860 2737 1906 2799; x_wconf 86' lang='grc' dir='ltr'><strong>ἰ)</strong></span> 
     </span>
     <span class='ocr_line' id='line_1_29' title="bbox 396 2828 1906 2898; baseline -0.003 -21"><span class='ocrx_word' id='word_1_250' title='bbox 396 2833 870 2894; x_wconf 82' lang='lat' dir='ltr'><strong>Locher.Argentorat.</strong></span> <span class='ocrx_word' id='word_1_251' title='bbox 891 2836 1007 2881; x_wconf 90' lang='lat'><strong>498.</strong></span> <span class='ocrx_word' id='word_1_252' title='bbox 1031 2835 1231 2898; x_wconf 83' lang='lat' dir='ltr'><strong>(Mitsch.</strong></span> <span class='ocrx_word' id='word_1_253' title='bbox 1246 2849 1289 2894; x_wconf 91' lang='lat' dir='ltr'><strong>p.</strong></span> <span class='ocrx_word' id='word_1_254' title='bbox 1301 2831 1474 2880; x_wconf 90' lang='lat' dir='ltr'><strong>LXXI.</strong></span> <span class='ocrx_word' id='word_1_255' title='bbox 1483 2829 1660 2876; x_wconf 85' lang='lat' dir='ltr'><strong>Kirchn.</strong></span> <span class='ocrx_word' id='word_1_256' title='bbox 1681 2845 1726 2890; x_wconf 88' lang='lat' dir='ltr'><strong>p.</strong></span> <span class='ocrx_word' id='word_1_257' title='bbox 1740 2828 1906 2876; x_wconf 79' lang='lat' dir='ltr'><strong>cxm.</strong></span> 
     </span>
     <span class='ocr_line' id='line_1_30' title="bbox 396 2900 1908 2986; baseline -0.003 -17"><span class='ocrx_word' id='word_1_258' title='bbox 396 2920 622 2984; x_wconf 73' lang='lat' dir='ltr'><strong>schweig.</strong></span> <span class='ocrx_word' id='word_1_259' title='bbox 641 2938 684 2983; x_wconf 79' lang='lat' dir='ltr'><strong>p.</strong></span> <span class='ocrx_word' id='word_1_260' title='bbox 706 2922 820 2968; x_wconf 81' lang='lat'><strong>389.</strong></span> <span class='ocrx_word' id='word_1_261' title='bbox 842 2900 883 2969; x_wconf 81' lang='lat' dir='ltr'><strong>b.</strong></span> <span class='ocrx_word' id='word_1_262' title='bbox 901 2922 1013 2986; x_wconf 58' lang='lat' dir='ltr'><strong>sq.)</strong></span> <span class='ocrx_word' id='word_1_263' title='bbox 1037 2950 1098 2959; x_wconf 92' lang='lat'><em>-</em></span> <span class='ocrx_word' id='word_1_264' title='bbox 1119 2924 1350 2971; x_wconf 77' lang='lat' dir='ltr'><strong>Multarum</strong></span> <span class='ocrx_word' id='word_1_265' title='bbox 1369 2921 1597 2970; x_wconf 74' lang='lat' dir='ltr'><strong>editionum</strong></span> <span class='ocrx_word' id='word_1_266' title='bbox 1612 2920 1770 2965; x_wconf 73' lang='lat' dir='ltr'><strong>saecun</strong></span> <span class='ocrx_word' id='word_1_267' title='bbox 1779 2918 1908 2964; x_wconf 74' lang='lat' dir='ltr'><strong>xvi.</strong></span> 
     </span>
    </p>
   </div>
  </div>
 </body>
</html>
