2028 3268
228 259 601 299 COMMENTARH
630 259 683 297 IN
711 256 932 297 HORATII
960 254 1135 293 EPIST.
1165 253 1309 292 PRIM.
1338 253 1439 292 LIB.
1470 253 1502 290 1.
1583 247 1639 289 93

100 371 206 411 hunc
237 385 411 412 errorem
439 370 593 423 delapsi
614 370 822 420 videntur,
851 383 903 407 ne
932 367 983 406 ad
1014 369 1204 407 omissam
1223 365 1462 419 particulam
1490 365 1528 401 si
1555 362 1641 416 (vel

99 455 163 494 ap.
182 442 354 480 Graecos
373 440 432 494 εἰ)
451 440 602 492 ubique
622 440 894 491 confugerent.
951 439 1005 476 At
1027 438 1180 490 ellipsis
1201 434 1320 486 hujus
1339 433 1558 487 particulae
1580 438 1641 470 est

98 510 224 548 nulla.
279 511 358 548 Res
378 510 420 546 in
439 509 526 560 ipsa
549 508 742 546 brevitate
763 505 975 559 cogitandi,
1004 507 1195 557 magistra
1215 502 1388 552 dicendi,
1413 503 1543 554 posita
1566 507 1639 540 est.

97 579 236 631 Neque
256 591 302 616 ea
325 585 463 615 tamen
488 577 624 614 locmn
647 575 786 626 habet,
813 576 892 613 nisi
912 576 955 612 in
978 577 1157 614 oratione
1184 572 1392 621 vividiore,
1423 584 1526 624 quae
1545 584 1639 621 spe-

99 647 201 684 ciem
233 646 436 700 quandam
457 646 800 684 sermocinationis
828 644 970 692 refert,
1004 649 1051 680 ut
1075 643 1178 680 bene
1210 625 1395 680 observa't
1428 638 1641 677 Stallbau-

99 715 205 752 mius
219 713 272 752 ad
289 716 394 752 Plat.
410 712 589 766 Euthyd.
606 727 645 765 p.
668 713 761 754 180.
820 712 879 751 Cf.
905 710 1024 750 Jahn.
1054 710 1106 748 ad
1136 723 1174 748 v.
1206 711 1275 751 28.
1297 716 1336 746 et
1360 707 1412 746 ad
1433 706 1506 745 Od.
1527 704 1575 755 4,
1602 707 1640 753 1,

100 783 160 831 2.,
188 782 322 820 Bac-72.
347 781 395 820 ad
423 781 537 820 Ovid.
557 783 654 819 Met.
678 782 725 831 8,
753 780 818 820 28.
876 779 940 818 Ad
968 779 1084 816 illam
1110 780 1233 829 igitur
1261 775 1422 815 dicendi
1457 787 1641 813 normam

101 849 290 902 exigendi
315 857 409 888 sunt
436 850 537 898 loci,
578 862 679 903 quos
706 855 910 900 praeterea
935 847 984 885 de
1014 847 1149 898 ellipsi
1178 849 1215 884 si
1237 846 1409 884 afferunt
1431 844 1562 882 Bentl.
1590 841 1641 879 ad

101 917 183 956 Sat.
199 919 248 967 2,
274 919 312 967 6,
335 916 424 966 48.,
459 917 603 956 Heind.
624 916 674 954 ad
693 917 777 955 Sat.
800 917 838 966 1,
860 918 896 966 1,
919 914 987 956 45.
1002 944 1013 965 ,
1043 913 1222 956 Broukh.
1241 913 1293 952 ad
1312 915 1403 952 Tib.
1425 915 1470 962 1,
1492 915 1535 961 7,
1557 910 1641 958 43.,

100 983 277 1024 Huschk.
298 984 349 1023 ad
371 984 491 1023 eund.
509 988 549 1035 2,
568 987 608 1033 3,
628 986 711 1034 79.,
737 986 877 1024 Burm.
900 984 951 1022 ad
970 983 1087 1022 Ovid.
1108 985 1245 1022 Amor.
1266 983 1304 1031 1,
1325 981 1364 1031 4,
1383 982 1467 1030 29„
1497 979 1642 1020 Johns.

100 1051 152 1090 ad
171 1053 279 1090 Grat.
302 1053 449 1106 Cyneg.
467 1055 554 1103 60.‚
582 1051 748 1092 Ruhnk.
769 1052 821 1090 ad
841 1054 1005 1091 Terent.
1026 1051 1152 1090 Andr.
1178 1054 1223 1101 1,
1249 1051 1296 1100 5,
1317 1052 1380 1099 3.,
1412 1051 1574 1089 Jacobs.
1591 1049 1643 1086 ad

98 1120 218 1172 Prop.
235 1121 284 1168 3,
315 1122 368 1162 21
382 1151 394 1170 ,
414 1123 455 1163 8.
478 1123 521 1160 in
543 1123 744 1161 Blumenl.
762 1123 812 1160 II.
829 1136 871 1173 p.
892 1122 990 1162 223.
1006 1151 1017 1170 ,
1052 1121 1157 1159 Cort.
1181 1119 1233 1158 ad
1254 1121 1407 1157 Lucan.
1430 1119 1504 1167 10,
1532 1118 1641 1166 191„

99 1186 151 1226 ad
169 1189 273 1226 Plin.
291 1189 420 1241 Epist.
441 1191 479 1240 1,
512 1192 578 1239 12,
601 1192 640 1232 8.
697 1189 812 1228 Idem
836 1195 875 1226 et
895 1190 1019 1226 Kritz.
1033 1187 1084 1226 ad
1102 1189 1201 1227 Sall.
1219 1189 1259 1228 J.
1282 1186 1358 1236 64,
1379 1188 1441 1236 5.,
1469 1187 1641 1238 Longol.

99 1254 151 1294 ad
170 1257 275 1294 Plin.
294 1258 421 1309 Epist.
451 1259 517 1307 10,
545 1259 622 1307 82,
645 1260 708 1307 2.,
736 1259 892 1296 Manut.
919 1257 972 1295 ad
998 1258 1080 1295 Cic.
1107 1258 1216 1298 Verr.
1236 1258 1264 1297 6
1281 1286 1292 1305 ,
1325 1257 1415 1304 63.,
1441 1253 1567 1297 Drak.
1591 1253 1643 1292 ad

99 1325 185 1365 Liv.
201 1326 270 1372 21,
290 1325 356 1373 10,
375 1326 430 1373 6.,
457 1324 598 1364 Matth.
621 1326 673 1363 ad
694 1327 775 1364 Cic.
792 1340 854 1378 pr.
873 1327 989 1364 Rosc.
1009 1327 1143 1363 Amer.
1162 1325 1218 1365 20
1231 1353 1241 1373 ,
1264 1322 1352 1372 55.,
1373 1324 1464 1361 Otto
1484 1321 1535 1360 ad
1554 1323 1640 1361 Fin.

100 1393 140 1440 2,
165 1393 231 1441 17,
249 1391 331 1441 57.,
359 1390 534 1432 Ruhner.
554 1393 606 1431 ad
622 1395 743 1435 Tusc.
761 1396 803 1443 2,
825 1395 892 1443 12,
913 1394 996 1442 28.,
1026 1394 1199 1434 Gronov.
1213 1392 1324 1430 Obss.
1344 1390 1384 1440 4,
1406 1392 1475 1432 20.
1488 1404 1528 1442 p.
1545 1391 1643 1431 315.

100 1461 245 1500 Bauer.
272 1459 324 1497 ad
347 1460 483 1500 Sanct.
500 1461 598 1503 Min.
628 1464 660 1502 Ι.
682 1476 722 1514 p.
753 1463 832 1503 108
854 1474 944 1514 sqq.
959 1490 970 1510 ,
1009 1459 1144 1501 Rudd.
1163 1460 1227 1498 ed.
1246 1461 1390 1499 Staub.
1408 1461 1460 1499 II.
1484 1473 1526 1511 p.
1545 1457 1641 1499 356.

101 1529 231 1578 Viget.
259 1526 323 1565 ed.
350 1530 486 1568 Herm.
508 1543 548 1580 p.
570 1530 667 1571 508.
708 1528 857 1568 Gernh.
880 1530 1165 1570 Commentatt.
1190 1529 1259 1569 Gr.
1280 1529 1350 1567 III.
1375 1542 1414 1580 p.
1434 1530 1474 1568 7.
1533 1528 1642 1574 Qua—

99 1601 260 1648 propter
283 1597 403 1633 etiam
422 1596 648 1635 tollendum
673 1605 733 1635 est
756 1600 917 1649 signum
935 1598 1258 1650 interrogationis
1277 1597 1359 1635 Sat.
1381 1597 1423 1645 2,
1449 1595 1487 1643 6,
1512 1595 1580 1636 50.
1603 1600 1643 1631 et

99 1664 236 1702 Senec.
260 1665 374 1701 Herc·
396 1665 474 1702 fur.
492 1664 610 1714 577„
639 1666 710 1703 ubi
728 1665 918 1716 Bothius,
949 1668 1057 1718 Virg.
1079 1668 1150 1707 Ge.
1172 1668 1212 1715 2,
1235 1665 1355 1713 519.,
1383 1664 1452 1700 ubi
1475 1663 1641 1702 Vossius

99 1729 142 1768 id
158 1736 343 1779 tuentur,
373 1733 549 1785 itemque
564 1735 607 1770 in
628 1735 757 1786 Epist.
775 1736 822 1772 P.
850 1733 902 1772 ad
925 1737 1095 1773 Roman.
1128 1736 1194 1784 13,
1218 1736 1259 1775 3.
1274 1763 1285 1783 ,
1315 1730 1496 1770 Corinth.
1522 1732 1570 1780 1,
1597 1731 1639 1779 7,

98 1801 185 1849 272,
214 1800 341 1852 Epist.
364 1800 504 1838 Jacob.
530 1800 569 1851 5,
599 1802 665 1843 13.
689 1804 857 1855 aliisque
878 1804 977 1842 locis
996 1804 1192 1856 plurimi&

210 1866 259 1906 V.
281 1867 350 1907 90.
386 1868 472 1918 Quo
491 1876 644 1907 teneam
661 1893 720 1899 --
737 1871 870 1909 nodo?
907 1874 1063 1910 Usitata
1079 1871 1281 1911 veteribus
1298 1876 1358 1907 est
1377 1866 1477 1905 haec
1495 1867 1640 1904 Protea

101 1947 193 1972 cum
216 1935 305 1973 aliis
325 1937 582 1988 comparandi
601 1940 715 1976 ratio.
771 1938 864 1978 vid.
880 1941 1054 1993 interpp.
1073 1939 1124 1978 ad
1145 1940 1230 1979 Sat.
1249 1939 1288 1987 2,
1309 1939 1349 1985 3,
1369 1936 1439 1977 71.
1452 1964 1461 1984 ,
1476 1936 1639 1973 Petron-

104 2001 220 2051 134„
242 2001 418 2041 Fischer.
439 2004 490 2041 ad
507 2007 610 2043 Plat.
630 2006 809 2059 Eutyph.
828 2009 899 2048 20.
918 2022 959 2060 p.
987 2008 1078 2058 54„
1106 2008 1266 2060 Apulej.
1289 2005 1338 2043 de
1365 2003 1550 2055 Orthogr.
1573 2002 1640 2044 14.

102 2083 142 2121 p.
165 2071 205 2109 7.
224 2069 288 2107 ed.
307 2071 454 2108 Osann.
509 2073 570 2110 cf.
588 2076 719 2126 Heyn.
741 2075 792 2112 ad
812 2076 921 2126 Virg.
945 2077 1018 2113 Ge.
1049 2074 1097 2124 4,
1119 2076 1203 2116 396
1228 2088 1317 2127 sqq.
1373 2075 1435 2110 Ita
1459 2072 1639 2110 Sentent.

102 2144 199 2174 vett.
225 2139 364 2175 Graec.
386 2138 448 2176 ed.
466 2140 586 2178 Orell.
607 2143 640 2179 I.
668 2156 710 2193 p.
736 2143 802 2183 16.
858 2141 903 2183 Ὁ
935 2141 1007 2196 μὲν
1041 2141 1232 2196 Πρωτεύς
1262 2146 1315 2198 τῇ
1341 2142 1503 2196 μορφῇ,
1542 2138 1564 2180 ὁ
1598 2137 1642 2179 δὲ

102 2201 342 2255 ἀπαίδευτος
366 2209 418 2263 τῇ
435 2211 551 2264 ψυχῇ
568 2207 658 2262 παρ’
679 2209 845 2250 ἕκαστον
865 2206 1132 2251 ἄλλοισῦνται.
1188 2213 1345 2248 Erasm.
1364 2208 1521 2259 Adagg.
1540 2210 1580 2256 2,
1599 2210 1642 2256 2,

101 2271 170 2313 74.
227 2274 412 2311 Ceterum
432 2275 568 2314 vultus
589 2284 743 2314 mutare
763 2277 914 2314 dictum
937 2285 996 2315 est
1016 2279 1076 2315 uti
1105 2291 1170 2329 ap.
1195 2278 1336 2315 senec.
1356 2277 1519 2327 Hippol.
1541 2275 1639 2316 295.

101 2341 156 2378 Et
163 2340 285 2389 J‘ubet
304 2343 408 2380 coelo
431 2344 604 2394 Superos
624 2344 759 2382 relicto
785 2346 831 2383 V
823 2346 974 2383 ultibus
977 2346 1108 2398 salsis
1127 2345 1310 2383 habitare
1329 2351 1466 2381 terras.

210 2411 258 2448 V.
287 2411 355 2450 91.
421 2412 533 2462 Quid
549 2426 712 2462 pauper
742 2435 800 2441 ——
833 2413 964 2451 lectos.
1026 2416 1151 2452 Poeta
1177 2426 1304 2466 quum
1327 2423 1552 2463 pauperiun
1574 2412 1640 2448 in-

101 2478 364 2516 constantiam
387 2481 778 2533 mutabilitatemque
805 2482 1018 2520 ridiculam
1046 2482 1163 2531 dicit,
1192 2494 1275 2519 non
1297 2480 1411 2530 jubet
1427 2481 1639 2517 Maecena-

101 2550 184 2581 tem
207 2545 347 2595 ridere,
370 2556 416 2585 ut
444 2548 611 2586 ridicule
633 2551 820 2601 opinatur
839 2551 1059 2602 Bentlejus,
1091 2549 1163 2589 sed
1185 2549 1269 2586 ride
1283 2546 1453 2586 vividior
1474 2554 1533 2585 est
1552 2561 1638 2585 ser-

101 2612 329 2650 mocinandi
346 2621 385 2652 et
405 2616 636 2669 alloquendi
656 2620 756 2657 ratio
769 2649 779 2668 ‚
810 2633 892 2657 non
909 2621 1038 2670 magis
1061 2618 1114 2656 ad
1132 2619 1403 2655 Maecenatem
1420 2617 1635 2667 pertinens,

102 2691 223 2730 quam
239 2681 343 2718 illud
359 2683 470 2721 vides
490 2697 528 2722 v.
540 2683 632 2734 42.;
655 2693 694 2724 et
707 2700 796 2724 eam
817 2687 867 2725 ob
881 2700 1044 2726 causam
1057 2686 1168 2724 idem
1188 2696 1259 2723 ac:
1290 2683 1542 2734 „ridiculum
1562 2691 1634 2733 est,

102 2746 229 2785 ridere
256 2749 372 2798 licet,
403 2750 511 2803 quod
539 2766 712 2805 pauper,
743 2767 869 2807 quum
897 2768 981 2793 11011
1012 2755 1140 2807 possit
1158 2755 1202 2791 in
1228 2754 1407 2804 magnis,
1435 2753 1478 2790 in
1501 2754 1635 2805 parvis

102 2815 271 2854 eandem
294 2831 390 2869 prae
410 2832 453 2856 se
483 2820 561 2860 fert
581 2823 940 2860 inconstantiam.“
979 2824 1109 2870 Quare
1129 2835 1211 2860 non
1239 2820 1461 2860 audiendus
1479 2829 1540 2861 est
1556 2824 1635 2860 Bo-

101 2880 209 2922 thius
245 2884 297 2922 ad
327 2885 389 2924 ed.
415 2887 536 2925 Gesn.
591 2891 650 2927 Ac
670 2891 791 2942 plane
820 2890 1035 2929 absurdam
1057 2889 1231 2928 dixerim
1254 2890 1492 2942 scripturam
1511 2891 1635 2937 rides,

101 2951 179 2989 uisi
200 2965 288 2990 eam
307 2966 399 2992 cum
428 2955 661 2997 Hochedero
682 2959 953 3011 interpreteris
970 2971 981 2997 :
1012 2958 1180 2999 ridendo
1206 2958 1357 3011 objicis.
1413 2960 1467 2999 At
1485 2973 1538 2997 ne
1559 2960 1634 2998 ob-
