2028 3268
140 260 194 302 17

614 263 756 303 LIBRI
785 265 817 302 1.
872 262 1135 302 EPISTOLA
1165 265 1217 302 II.

1613 261 1695 304 123

209 377 438 423 AurIculas
475 378 668 424 citharae
705 379 889 426 collecta
923 379 1054 424 sorde
1088 380 1288 425 dolentis.

209 455 439 504 Sincerum
477 464 544 505 est
581 461 663 505 nisi
697 474 804 520 vas,
843 458 1135 519 quodcumque
1169 459 1355 506 infundis
1394 462 1568 507 acescit.

209 535 382 598 Sperne
419 540 693 600 voluptates:
731 544 858 586 nocet
895 544 1039 599 empta
1076 539 1227 585 dolore
1262 541 1479 601 voluptas.

1639 542 1693 584 55

208 617 395 678 Semper
429 634 588 665 avarus
625 625 757 681 egett
795 624 958 665 certum
993 624 1095 665 voto
1132 626 1233 679 pete
1272 621 1414 666 finem.

207 697 383 744 Invidus
421 701 600 747 alterius
636 702 863 747 macrescit
899 700 1026 745 rebus
1066 702 1244 761 opimis:

137 853 267 888 Philol.
283 855 332 889 ΙΙ.
351 857 384 891 1.
401 868 439 902 p.
459 857 554 901 182„
578 857 778 893 Cremutius
795 859 886 893 Cor-

138 911 205 946 dus
228 913 267 946 in
293 912 448 948 Seebod.
475 915 624 949 Archiv.
654 917 757 951 1826.
784 916 820 950 4.
848 928 885 962 p.

137 965 216 1014 ¹75„
253 965 357 1006 aliter
390 972 623 1007 sentientibus
646 973 766 1008 Burm.
795 973 819 1007 l.
846 974 886 1018 l.‚

137 1026 282 1062 Handio
310 1029 354 1063 ad
387 1030 549 1064 Gronov.
576 1030 694 1065 Diatr.
729 1031 766 1066 in
791 1032 885 1066 Stat.

136 1085 168 1119 Ι.
187 1098 224 1131 p.
244 1087 324 1121 160.
357 1087 440 1121 Vid.
462 1087 569 1122 infra.
592 1107 641 1114 —
662 1091 885 1135 podagrum.

136 1140 208 1176 Ms.
240 1141 337 1178 Pott.
365 1145 421 1178 10.
459 1150 496 1180 et
526 1145 619 1180 msti.
651 1148 884 1182 vetustissimi

136 1197 369 1243 fragmentum
394 1212 454 1248 ap.
481 1202 646 1238 Oudend.
674 1205 719 1239 ad
740 1205 883 1251 Apulej.

134 1253 225 1290 Met.
252 1256 299 1290 V.
334 1270 371 1304 p.
401 1259 490 1304 339,
519 1274 538 1295 e
562 1262 692 1297 nostris
716 1262 821 1297 Dess.
847 1265 882 1298 2.

135 1311 198 1346 Sic
209 1325 228 1347 e
241 1315 442 1359 conjectura
454 1318 564 1353 edidit
575 1319 767 1364 Bentlejus,
781 1332 884 1365 quem

134 1381 211 1415 seq.
240 1371 326 1407 San.
352 1374 468 1408 Merv.
500 1375 609 1409 Bask.
637 1376 734 1411 Sivr.
762 1377 884 1413 Wetz.

133 1427 296 1464 Praedia.
307 1431 416 1466 Doer.
431 1432 586 1467 Schmid.
600 1433 770 1478 Braunh.,
788 1443 882 1469 com·-

134 1489 288 1532 probant
317 1489 436 1524 Hand.
471 1490 497 1525 l.
527 1490 548 1525 l.
604 1492 767 1527 Oudend.
800 1493 826 1527 l.
856 1493 881 1527 l.

134 1543 402 1581 Meadowcourt
413 1559 470 1594 ap.
484 1549 679 1584 Duncomb.
693 1550 743 1583 ΙΙ.
754 1563 790 1595 p.
802 1551 882 1585 602.

133 1601 243 1637 Bach.
260 1603 298 1637 in
316 1604 513 1640 Zimmerm.
532 1606 754 1642 zeitschrift.
779 1607 882 1644 1834.

133 1671 171 1706 p.
192 1661 294 1696 1032.
320 1667 357 1697 et
379 1663 486 1698 Baxt.
510 1664 554 1698 ad
572 1665 607 1698 h.
627 1665 652 1699 l.
680 1665 784 1700 aliter
799 1677 882 1699 sen-

132 1717 245 1753 tiente
269 1719 434 1766 Jonesio,
462 1723 524 1768 qui
557 1724 660 1768 „nisi
684 1723 883 1757 immediate

132 1782 341 1822 sequeretur
351 1780 549 1815 Auriculas
558 1795 606 1807 —·
618 1782 718 1816 dol.“
741 1794 781 1815 se
798 1793 883 1815 con-

130 1834 303 1880 jecturam
320 1836 422 1872 istam
438 1837 475 1872 in
493 1844 694 1874 contextum
711 1839 882 1873 admissu-

132 1904 209 1928 rum
234 1893 346 1929 fuisse
362 1895 461 1930 dicit.
511 1897 720 1942 Quanquam
735 1897 883 1942 vulgata

131 1950 161 1985 i.
180 1958 212 1985 e.
238 1953 448 1997 podagram
471 1956 670 2000 patrocinio
694 1956 728 1989 J.
745 1954 790 1989 A.
808 1955 881 1988 Er-

133 2008 257 2052 nestii,
291 2009 354 2053 qui
387 2012 600 2047 abstractum
625 2025 690 2059 pro
715 2018 880 2047 concreto

134 2064 194 2099 hic
224 2067 315 2100 bene
346 2067 500 2112 positum
530 2078 608 2104 esse
635 2075 776 2114 censet,
811 2081 882 2103 non

133 2123 223 2157 male
240 2124 442 2159 defenditur
467 2131 503 2160 et
519 2127 690 2161 orationis
715 2132 882 2161 venustas

134 2181 444 2226 concinnitasque,
486 2195 578 2228 quae
605 2185 803 2228 Bentlejum
837 2184 883 2218 ad

135 2239 386 2273 emendandum
402 2241 552 2286 impulit,
566 2242 800 2287 scriptoribus
812 2241 882 2275 illis

133 2308 205 2331 non
229 2309 368 2343 semper
390 2298 473 2332 talis
498 2303 570 2343 est,
601 2299 738 2344 qualem
762 2304 882 2333 nostro

132 2354 361 2389 informamus
394 2356 527 2401 animo,
571 2362 717 2403 recepta
754 2362 882 2400 tamen,

133 2411 272 2458 opinor,
309 2413 429 2447 sensui
451 2415 623 2448 communi
646 2414 751 2460 plene
775 2414 881 2448 satis-

131 2468 233 2504 facit.
267 2469 383 2515 Atque
399 2471 494 2506 haud
517 2473 591 2506 scio
612 2482 658 2506 an
673 2472 883 2507 vocabulum

131 2537 255 2572 parum
294 2528 462 2564 usitatum
503 2529 739 2576 depravitatis
776 2541 882 2564 eausa

132 2595 247 2629 aeque
281 2584 339 2618 hic
372 2590 478 2632 atque
509 2588 594 2622 alibi
626 2587 747 2622 fuerit.
795 2587 880 2622 vid.

133 2641 284 2675 Salmas.
311 2643 357 2677 ad
381 2643 528 2690 Vopise.
552 2645 734 2680 Aurelian.
765 2657 796 2679 c.
820 2646 879 2681 34.

132 2699 316 2745 Lamprid.
333 2700 523 2746 Heliogab.
549 2714 581 2737 c.
607 2704 664 2738 29.
693 2703 816 2737 Barth.
837 2703 882 2737 ad

134 2756 263 2791 Claud.
284 2756 414 2803 Epigr.
432 2760 490 2795 42.
515 2772 553 2806 p.
573 2762 676 2795 1069.
706 2766 743 2795 et
758 2761 878 2795 Burm-

134 2813 180 2848 ad
204 2813 313 2849 Anth.
339 2814 402 2850 lat.
431 2817 482 2851 Π.
510 2830 547 2863 p.
575 2818 656 2853 591.
704 2818 880 2864 Exempla

133 2872 362 2918 suppeditant
383 2873 565 2920 Bentlejus
589 2881 625 2910 et
642 2876 825 2911 Gesnerus
843 2877 880 2910 in

134 2929 312 2966 Thesaur.
336 2931 381 2966 L.
408 2931 452 2966 L.-
480 2932 518 2967 h.
553 2946 590 2967 v.
613 2933 811 2969 Penultima
844 2934 881 2967 in

130 2989 318 3034 podager,
361 3001 454 3034 quae
488 2991 532 3025 ab
565 2991 644 3026 aliis
677 2993 880 3038 corripitur,

180 3044 332 3080 HonA'r.
364 3047 395 3081 Ι.

944 856 1152 903 producitur
1177 859 1220 892 ab
1244 855 1418 902 Horatio,
1451 861 1490 891 ut
1518 856 1694 902 podagra

944 915 1021 950 Sat.
1045 916 1076 958 1,
1103 915 1143 959 9,
1169 916 1226 951 82.
1253 921 1290 949 et
1316 915 1496 960 cheragra
1519 915 1639 961 Epist.
1660 917 1692 960 1,

945 974 978 1015 1,
992 973 1050 1008 31.
1068 992 1116 997 —-
1131 972 1178 1006 V.
1196 973 1254 1007 53.
1279 973 1372 1017 cyth.
1406 972 1469 1006 Sic
1484 984 1565 1007 mss.
1590 972 1691 1019 Lips.

944 1031 978 1064 1.
997 1031 1032 1065 2.
1068 1031 1203 1064 Graev.
1231 1030 1336 1065 Dess.
1363 1032 1397 1066 2.

989 1087 1036 1121 V.
1055 1087 1112 1122 54.
1148 1088 1244 1122 Sine.
1271 1088 1341 1121 m’si
1362 1088 1420 1122 sit.
1468 1087 1538 1122 Ms.
1557 1087 1624 1123 Bu.
1643 1088 1692 1121 G.

942 1156 964 1179 a
994 1145 1029 1179 2.
1055 1156 1101 1178 m.
1137 1145 1235 1179 Sino.
1268 1146 1339 1179 nisi
1370 1146 1498 1182 omisso
1532 1151 1584 1179 est
1609 1157 1691 1180 mSS.

939 1202 1064 1236 Jaeck.
1084 1202 1119 1236 5.
1147 1204 1181 1238 6.
1217 1203 1340 1238 Guelf.
1369 1204 1402 1238 1.
1429 1205 1463 1238 2.
1487 1203 1554 1237 Bn.
1579 1203 1626 1237 D.
1644 1203 1692 1236 Ε.

941 1260 987 1293 F.
1013 1260 1040 1293 f.
1093 1261 1191 1294 Sine.
1225 1266 1278 1295 est
1309 1261 1360 1295 m'.
1412 1261 1483 1295 Ms.
1515 1261 1621 1295 Dess.
1655 1262 1691 1295 2.

947 1317 1020 1352 Vas
1044 1318 1116 1351 nisi
1141 1319 1228 1352 sinc.
1258 1324 1322 1353 est.
1369 1318 1438 1353 Ms.
1463 1318 1562 1352 Feae
1588 1318 1630 1361 2,
1655 1329 1692 1362 g.

941 1376 1186 1421 quidcunque.
1233 1376 1304 1410 Ed.
1330 1375 1433 1422 Lips.
1458 1375 1541 1410 492.
1567 1395 1615 1400 —
1638 1375 1693 1409 in-

931 1435 1072 1478 fandis.
1112 1435 1183 1469 Ms.
1218 1434 1286 1468 Bn.
1322 1434 1368 1468 F.
1402 1433 1579 1478 infundit.
1620 1433 1691 1470 ΜΕ.

942 1493 1078 1526 Graev.
1109 1492 1293 1536 infundet.
1334 1492 1405 1526 Ms.
1433 1491 1555 1526 Jaeck.
1584 1492 1618 1526 6.
1645 1510 1692 1519 -

940 1550 1080 1584 acessit.
1112 1549 1201 1584 Mss.
1220 1550 1288 1584 duo
1306 1549 1442 1584 Bersm.
1463 1548 1586 1583 Guelf.
1609 1551 1641 1584 1.
1654 1549 1690 1583 3.

939 1607 1008 1642 Bn.
1035 1607 1078 1642 C.
1106 1608 1151 1642 D.
1185 1608 1290 1643 Dess.
1315 1608 1350 1641 2.
1377 1607 1488 1641 Goth.
1515 1607 1691 1651 (acessit.)

939 1665 1041 1711 Lips.
1067 1667 1102 1700 1.
1136 1665 1208 1699 Ed.
1235 1665 1402 1703 Schurer.
1427 1664 1508 1700 514.
1532 1653 1691 1711 accessit.

940 1721 1063 1755 Guelf.
1090 1721 1125 1755 4.
1161 1721 1200 1765 (a
1226 1722 1258 1756 1.
1278 1723 1344 1767 m.)
1376 1724 1444 1757 Bna
1470 1721 1514 1756 B.
1541 1728 1690 1757 acescet.

939 1779 1010 1813 ΜΒ.
1032 1777 1146 1814 Pulm.
1167 1780 1199 1814 1.
1225 1780 1325 1814 Feae
1348 1781 1382 1824 2,
1401 1780 1437 1814 h.
1484 1781 1584 1815 Haec
1601 1781 1690 1815 scri-

938 1842 1046 1883 ptura
1068 1836 1149 1870 ideo
1173 1838 1394 1884 repudianda
1417 1838 1570 1883 videtur,
1596 1838 1692 1884 quod

938 1907 996 1930 res
1021 1895 1058 1928 in
1083 1895 1302 1940 experientia
1334 1896 1452 1942 posita
1484 1908 1555 1930 non
1587 1897 1694 1930 debet

939 1953 1060 1987 efferri
1093 1965 1157 1999 per
1186 1953 1374 1988 Futurum.
1430 1954 1511 1989 Huc
1540 1955 1689 1999 accedit,

938 2011 1033 2056 quod
1049 2011 1187 2044 librarii
1209 2023 1318 2057 saepe
1335 2012 1554 2046 confundunt
1568 2012 1690 2046 termi-

938 2068 1118 2102 nationem
1149 2068 1178 2101 it
1203 2074 1239 2102 et
1270 2074 1316 2103 et.
1373 2069 1457 2104 Vid.
1492 2070 1536 2103 ad
1568 2070 1689 2116 Epist.

941 2126 1008 2169 10,
1030 2124 1089 2159 40.

985 2182 1033 2215 V.
1059 2182 1116 2216 55.
1164 2183 1398 2227 voluptatem.
1446 2182 1518 2216 Ms.
1547 2181 1615 2215 Bn.
1641 2181 1687 2215 F.

939 2240 1157 2273 voluntates.-
1207 2240 1295 2273 Cod.
1313 2240 1460 2274 Mentel.
1485 2259 1533 2265 —
1558 2245 1689 2284 empta.

940 2297 1003 2331 Sic
1019 2297 1088 2330 Bn.
1113 2308 1205 2330 omn.
1229 2297 1333 2331 Dess.
1354 2299 1385 2331 1.
1404 2299 1439 2332 2.
1471 2297 1572 2343 Lips.
1594 2300 1627 2332 1.
1652 2298 1688 2332 3.

941 2356 1076 2389 Graev.
1103 2354 1198 2387 Edd.
1224 2360 1313 2388 vett.
1339 2354 1385 2389 al.
1429 2355 1484 2389 De
1511 2356 1578 2388 hac
1600 2355 1688 2390 satis

938 2412 1116 2459 probabili
1132 2411 1311 2457 scriptura
1327 2413 1402 2446 vid.
1416 2413 1585 2447 Schneid.
1599 2413 1687 2447 Ele-

938 2470 1077 2504 mentrl.
1096 2482 1132 2514 p.
1151 2469 1233 2504 468.
1269 2471 1327 2504 Cf.
1354 2470 1464 2506 Orell.
1490 2472 1605 2506 Inscr.
1630 2483 1686 2506 nr.

938 2527 1042 2563 4405.
1073 2526 1178 2562 4572.
1240 2528 1378 2572 „Hunc
1410 2542 1448 2564 v.
1479 2529 1601 2565 laudat
1628 2529 1686 2565 Jo.

939 2586 1079 2620 Sarisb.
1098 2585 1141 2619 de
1159 2586 1255 2630 Nug.
1285 2586 1371 2620 Cur.
1390 2587 1431 2630 8,
1458 2587 1498 2630 6,
1516 2599 1552 2632 p.
1577 2586 1688 2624 553.“

936 2644 1002 2678 Fr.
1019 2644 1119 2684 Jac.;
1144 2643 1298 2687 itemque
1308 2643 1547 2688 Hieronymus
1569 2645 1685 2691 (opp.

938 2714 1029 2736 omn.
1049 2701 1104 2734 ed.
1127 2700 1230 2734 Frkf.
1260 2701 1304 2735 ad
1322 2701 1375 2736 M.
1401 2707 1437 2736 et
1462 2701 1563 2748 Lips.
1580 2702 1630 2736 II.
1648 2716 1686 2748 p.

936 2759 997 2794 55.
1018 2759 1082 2803 B.)

984 2818 1030 2851 V.
1063 2816 1121 2852 56.
1179 2820 1319 2862 appete.

936 2876 1041 2910 Dess.
1066 2876 1101 2909 2.
1127 2874 1282 2920 (apete).

984 2933 1031 2966 V.
1056 2933 1114 2966 57.
1164 2932 1326 2966 alternis.
1373 2931 1445 2967 Ed.
1479 2932 1591 2967 Loch.
1632 2932 1686 2966 De

939 2990 1145 3025 confusione
1179 3002 1260 3026 voc.
1294 2991 1426 3030 altern-
1470 2997 1505 3025 et
1534 2991 1686 3025 alterius

1253 3047 1281 3088 9
1340 3049 1405 3103 (2)

1375 2816 1447 2851 Ms-
1479 2816 1615 2852 Bersm.
1648 2818 1685 2852 2.
