2028 3268
139 249 196 292 63
254 246 641 289 COMMENTARII
660 248 721 289 IN
738 247 970 290 HORATII
998 248 1098 290 LIB.
1116 249 1147 291 1.
1186 249 1352 292 EPIST.
1375 251 1564 299 QUINT.
1604 251 1690 293 253

139 374 285 415 salibus
311 377 439 413 autem
466 386 685 413 numerasse
714 373 909 414 Romanos
930 378 1096 414 aetatem
1123 375 1295 415 vinorum
1316 375 1450 416 addito
1483 377 1690 429 amphorae

139 443 304 485 consulis
323 442 475 482 nomine
492 455 553 481 res
576 446 682 482 nota.
739 442 804 481 Cf.
832 443 911 481 Od.
932 444 982 494 2,
1010 443 1060 493 3,
1087 443 1130 483 8.
1173 442 1222 494 3,
1252 445 1303 494 8,
1330 443 1398 485 11.
1439 445 1518 496 21,
1549 446 1587 486 1.
1620 447 1690 497 28,

141 515 182 554 8.
209 511 337 564 Epod.
357 511 434 562 13,
462 512 501 552 8.
551 511 653 551 Hinc
682 510 772 552 Tib.
798 511 847 562 2,
878 511 928 562 1,
959 512 1027 552 27.
1086 510 1215 547 Nunc
1235 510 1340 548 mihi
1344 511 1531 563 famosos
1548 515 1691 551 veteris

134 580 314 632 proferte
344 579 540 617 Falernos
570 579 768 618 Consulis.
809 577 954 619 Lucan.
975 576 1024 626 4,
1056 578 1154 619 379.
1211 579 1377 617 Nobilis
1397 582 1532 634 ignoto
1559 582 1606 620 di
1638 597 1689 620 u-

140 663 211 688 sus
227 647 389 686 consule
411 647 619 690 Bacchus.
677 646 722 686 In
738 650 858 686 totam
873 658 952 684 rem
975 647 1076 685 Stat.
1101 647 1193 688 silv.
1218 645 1266 698 4,
1297 649 1345 698 6,
1375 649 1415 689 3.
1445 661 1535 700 sqq.
1591 650 1689 687 Jam

139 719 330 756 moriente
348 716 412 754 die
428 718 568 767 rapuit
585 729 649 753 me
669 728 791 754 coena
811 713 979 766 benigni
1002 716 1197 753 Vindicis.
1219 738 1277 745 ——-
1301 730 1428 768 neque
1448 719 1554 755 enim
1578 717 1689 756 ludi-

141 785 231 824 bria
256 786 407 823 ventris
438 785 670 822 Hausimus
693 790 767 822 aut
795 782 937 834 epulas
967 782 1122 821 diverso
1160 798 1180 821 e
1211 784 1293 821 sole
1314 787 1466 835 petitas
1502 786 1689 838 Vinaque

136 854 340 906 perpetuis
369 866 467 891 aevo
502 854 698 891 certantia
715 852 856 905 fastis.
915 850 976 890 De
1006 852 1154 891 ratione
1181 853 1441 906 diffundendi
1473 853 1562 891 vina
1599 858 1690 905 post

139 921 368 962 Lambinum
386 920 602 970 multosque
621 920 714 958 alios
733 933 755 958 a
771 919 963 957 Schmidio
991 921 1041 957 ad
1061 920 1098 959 h.
1122 921 1170 972 1.,
1199 934 1222 959 a
1241 921 1427 974 Rupertio
1461 922 1511 960 ad
1529 922 1553 960 J
1556 935 1617 960 uv.
1648 922 1689 973 5,

140 991 210 1032 30.
243 995 284 1030 et
310 990 358 1029 ab
384 989 527 1040 Ilgenio
554 988 604 1026 ad
630 987 735 1038 Virg.
761 987 859 1039 Cop.
885 987 951 1028 11.
977 986 1155 1027 laudatos
1174 991 1382 1028 accuratius
1408 990 1502 1028 dixit
1520 990 1688 1031 Becker.

138 1061 190 1098 ad
228 1059 328 1099 Gall.
357 1058 406 1096 II.
441 1072 482 1110 p.
515 1057 608 1096 168.
639 1077 698 1085 ——-
725 1055 772 1096 V.
792 1055 830 1096 5.
851 1055 1051 1106 palustris
1077 1058 1180 1094 inter
1201 1059 1452 1096 Minturnas.
1510 1059 1596 1096 Juv.
1621 1059 1688 1110 10,

139 1128 238 1170 276.
301 1128 612 1165 Minturnarum
636 1123 826 1175 paludes.
886 1124 999 1165 Ovid.
1027 1124 1124 1163 Met.
1158 1126 1236 1178 15,
1266 1127 1364 1167 716.
1423 1128 1688 1164 Minturnae-

139 1210 217 1248 que
223 1208 385 1248 graves.
444 1191 478 1231 A
498 1192 723 1243 Minturnis,
755 1192 897 1244 oppido
920 1191 1205 1246 Auruncorum,
1230 1195 1280 1232 ad
1308 1193 1407 1232 Liris
1425 1196 1524 1234 ostia
1542 1196 1582 1233 in
1599 1209 1688 1234 con-

137 1264 228 1302 finio
258 1262 360 1302 Latii
395 1266 434 1301 et
462 1262 697 1313 Campaniae
727 1261 808 1299 sitis
840 1260 1009 1299 distabat
1031 1261 1098 1304 ΙΧ,
1128 1262 1184 1300 M.
1213 1262 1256 1300 P.
1315 1264 1547 1309 „Petrinus
1577 1277 1687 1302 mons

137 1332 394 1370 Sinuessanae
410 1330 553 1369 civitati
579 1330 775 1368 imminens
802 1330 930 1381 [hodie
946 1329 1074 1369 Roeca
1099 1331 1137 1368 di
1155 1334 1285 1370 monte
1300 1329 1488 1383 Ragoni],
1515 1331 1574 1370 vel
1595 1345 1687 1383 ager

138 1400 343 1438 Sinuessae
363 1398 550 1450 vicinus“,
565 1403 608 1436 ut
625 1399 786 1438 annotat
803 1398 929 1437 Schol.
944 1398 1086 1448 Cruq.;
1114 1399 1223 1437 aliter
1236 1398 1474 1451 Porphyrion
1498 1404 1537 1438 et
1547 1399 1686 1438 Manu-

137 1470 214 1507 tius
234 1469 284 1507 ad
303 1468 385 1506 Cic.
408 1467 536 1518 Epist.
553 1468 603 1505 ad
623 1466 713 1506 Div.
737 1468 789 1519 6,
820 1467 873 1507 19
887 1494 900 1518 ,
931 1467 1026 1517 [20,]
1049 1468 1103 1518 2.,
1133 1468 1198 1517 qui
1216 1480 1286 1518 pro
1303 1468 1384 1506 vico
1406 1467 1563 1506 habent.
1622 1468 1685 1508 Cf.

136 1537 304 1588 interpp.
326 1537 376 1574 ad
398 1534 543 1574 Anton.
566 1536 698 1574 Itiner.
722 1551 761 1589 p.
787 1536 884 1576 108.
942 1535 1071 1575 Strab.
1091 1535 1141 1587 5,
1164 1535 1203 1576 3.
1231 1549 1272 1587 p.
1292 1536 1388 1576 378.
1420 1536 1567 1577 Tchnz.
1624 1537 1685 1574 Si-

135 1617 366 1643 nuessanum
394 1607 523 1642 autem
550 1604 680 1642 vinum
710 1604 743 1642 si
773 1616 851 1642 non
885 1604 1061 1656 optimis,
1099 1608 1139 1642 at
1167 1603 1382 1643 melioribus
1397 1608 1685 1643 annumeratum

137 1685 221 1711 esse
246 1673 407 1712 videtur.
464 1671 582 1713 Mart.
610 1672 685 1722 13,
726 1672 821 1712 111.
880 1673 948 1709 De
983 1673 1240 1710 Sinuessanis
1278 1680 1473 1710 venerunt
1498 1674 1686 1711 Massica

131 1742 275 1794 prelis.
337 1741 399 1779 Cf.
427 1739 524 1780 Plin.
555 1740 609 1780 H.
642 1739 693 1780 N.
725 1740 773 1790 3,
803 1740 844 1781 5.
876 1745 916 1779 et
944 1741 1101 1781 Sickler.
1134 1741 1241 1791 „A1t.
1270 1740 1486 1791 Geogr.“1.
1519 1754 1560 1791 p.
1584 1742 1682 1783 366.

135 1809 197 1850 De
211 1811 382 1849 bonitate
408 1810 519 1861 hujus
535 1809 611 1846 vini
639 1809 839 1860 disputant
853 1813 986 1848 contra
1001 1809 1218 1848 Rodellium
1238 1810 1460 1847 Massonas
1476 1809 1571 1862 (Vit.
1586 1809 1684 1852 Hor.

134 1892 176 1931 p.
207 1877 349 1931 206.),
397 1881 530 1917 contra
556 1875 784 1916 Lambinum
810 1882 850 1916 et
881 1879 1089 1929 Cruquium
1126 1878 1390 1917 W'elandius
1416 1877 1468 1918 N.
1496 1878 1537 1920 3.
1565 1882 1605 1916 et
1635 1879 1685 1916 de

135 1934 262 1985 aetate
288 1945 365 1984 vini
389 1946 440 1984 ad
465 1945 671 1984 bibendum
691 1950 784 1998 apta
810 1947 1042 1985 schmidzus
1068 1949 1236 1997 itemque
1267 1947 1361 1985 car.
1385 1946 1638 1985 Frankiusl.
1659 1946 1683 1984 1.

136 2029 175 2067 p.
195 2013 290 2055 202.

250 2081 298 2118 V.
318 2082 358 2123 6.
405 2082 454 2119 Si
473 2080 616 2118 melius
638 2081 741 2133 quid
756 2082 897 2129 habes,
926 2097 1080 2121 arcesse
1106 2086 1177 2120 etc.
1235 2083 1391 2122 Jocatur
1411 2081 1546 2134 Poeta,
1566 2094 1684 2132 quum

137 2150 403 2200 Torquatum,
444 2153 487 2186 ut
517 2148 672 2186 meliora
691 2149 779 2186 vina
801 2150 925 2188 afferri
948 2151 1081 2201 jubeat
1099 2150 1158 2188 vel
1181 2149 1303 2200 legem
1329 2151 1511 2202 accipiat,
1549 2151 1682 2188 admo-

136 2223 215 2258 net.
274 2219 375 2256 Sunt
406 2221 556 2267 tamen,
593 2218 658 2266 qui
688 2217 785 2255 illud
811 2219 913 2269 quid
941 2231 1017 2256 non
1051 2219 1172 2256 solum
1196 2219 1323 2255 vinum
1345 2218 1584 2268 intelligant,
1612 2219 1681 2256 sed

140 2289 255 2326 etiam
272 2287 394 2325 cibum
405 2314 417 2336 ,
447 2297 544 2335 quae
569 2285 720 2334 quidem
736 2285 934 2337 explicatio
951 2286 1161 2325 necessaria
1187 2299 1265 2323 non
1281 2289 1354 2327 est.
1410 2285 1498 2323 Vid.
1515 2285 1681 2325 Schmid.

139 2357 191 2395 ad
217 2356 345 2407 Epist.
377 2355 426 2405 1,
467 2354 540 2404 15,
582 2354 648 2394 17.
707 2351 783 2391 ΑΙίἰ
818 2367 935 2404 quum
956 2355 1005 2393 ob
1034 2358 1210 2393 neutrum
1234 2354 1353 2405 quid,
1380 2357 1461 2391 tum
1483 2354 1533 2392 ob
1548 2367 1683 2392 arces-

135 2425 251 2462 sendi
266 2423 422 2463 verbum
443 2423 588 2461 faciunt
604 2435 689 2460 cum
724 2423 904 2460 Tur-nebo
934 2422 1050 2475 (Adv.
1075 2422 1114 2472 1,
1138 2421 1243 2472 18.):
1266 2422 1335 2472 „Si
1358 2421 1549 2460 meliorem
1564 2422 1681 2461 habes

136 2505 312 2543 coenam,
341 2505 435 2530 voca
452 2504 512 2528 me
527 2491 746 2541 convivam,
772 2491 832 2529 vel
855 2504 947 2544 pare
962 2491 1052 2528 mihi
1073 2490 1244 2540 vocanti,
1273 2490 1401 2529 sinon
1423 2490 1583 2530 habes.“
1627 2489 1682 2530 At

138 2573 334 2598 arcessere
363 2561 412 2597 de
435 2560 548 2598 rebus
577 2572 728 2609 quoque
762 2560 921 2610 dicitur,
951 2563 995 2597 ut
1030 2559 1108 2597 Cic.
1143 2559 1193 2597 ad
1222 2557 1307 2596 Div.
1338 2560 1392 2609 7,
1421 2559 1498 2609 23,
1531 2559 1597 2599 13.
1629 2559 1679 2598 ad

138 2628 254 2668 Attio.
291 2628 366 2678 16,
397 2627 464 2670 11.
522 2629 612 2680 Ego
641 2636 776 2666 autem
807 2634 843 2664 et
870 2629 954 2675 ejus
977 2627 1128 2664 librum
1148 2627 1348 2664 arcessivi.
1408 2627 1471 2667 Cf.
1495 2628 1604 2668 Cort.
1628 2629 1679 2666 ad

137 2694 283 2734 Lucan.
304 2695 327 2734 1
344 2723 357 2746 ,
382 2695 479 2737 166.
537 2696 741 2735 Praeterea
766 2695 877 2734 simili
894 2696 980 2746 joco
999 2695 1176 2746 Virgilius
1198 2695 1272 2733 od.
1293 2691 1345 2745 4,
1375 2695 1449 2746 12,
1480 2696 1545 2737 22.
1581 2708 1679 2734 mer-

136 2776 218 2802 cem
249 2764 300 2802 ad
330 2776 485 2802 coenam
513 2765 648 2804 afferre
673 2765 828 2817 jubetur
857 2766 896 2801 et
921 2763 1102 2802 Fabullus
1128 2768 1249 2802 totam
1276 2775 1431 2802 coenam
1453 2776 1516 2815 ap.
1538 2763 1678 2802 Catull.

140 2831 214 2883 13,
245 2828 367 2872 1—4.
425 2833 549 2883 Quid,
578 2834 682 2883 quod
697 2832 884 2872 Martialis
907 2832 956 2882 5,
987 2833 1065 2882 78,
1096 2832 1164 2871 16.
1229 2832 1406 2878 Vinum,
1435 2831 1578 2883 inquit,
1597 2831 1678 2884 fiz-

139 2901 218 2937 cies
249 2899 396 2938 honum
424 2900 604 2941 bibendo.
659 2903 727 2941 R.
752 2900 910 2940 Jacobs.
938 2899 1000 2954 (V.
1036 2913 1075 2951 p.
1093 2897 1181 2952 36.)
1202 2905 1395 2952 comparat
1425 2900 1500 2939 Od.
1533 2900 1578 2951 1,
1607 2900 1676 2952 20,

141 2968 179 3008 1.
199 2967 238 3008 9.
295 2968 396 3008 Mira
421 2973 548 3010 autem
568 2971 784 3023 conjectura
814 2969 979 3021 quadam
1000 2981 1080 3007 rem
1112 2968 1327 3021 ambiguam
1343 2969 1520 3023 expedire
1545 2969 1677 3007 studet
