2028 3268
391 230 474 272 312
541 232 909 272 COMMENTARII
936 233 992 271 IN
1021 232 1238 272 HORATII
1265 233 1361 274 LIB.
1381 235 1409 274 Ι.
1432 236 1592 275 EPIST.
1614 237 1761 280 SEXT.
1843 236 1898 280 40

389 356 508 394 beret.
566 357 678 400 Quod
705 367 818 405 quum
847 368 921 391 non
946 354 1126 393 vidissent
1153 354 1294 405 aliquot
1315 358 1552 410 interpretes,
1581 362 1619 399 in
1642 374 1801 411 quorum
1826 374 1896 399 nu-

385 437 490 461 mero
519 428 578 460 est
607 421 879 465 Welandias,
907 419 1102 459 Horatium
1131 434 1240 458 versu
1268 424 1336 464 20.
1365 426 1516 463 modum
1542 429 1728 477 quendam
1747 429 1898 467 divitem

386 490 458 527 sibi
493 491 648 540 parandi
677 501 831 525 uxorem
865 489 1101 538 praecepisse
1129 488 1296 526 arbitrati
1329 496 1428 528 sunt.
1483 493 1630 532 Rursus
1659 495 1719 534 alii
1747 509 1898 534 versum

385 559 454 598 21.
483 569 658 606 perverso
688 555 799 591 modo
826 554 873 591 ab
899 555 1142 593 antecedente
1167 557 1220 594 ita
1247 556 1509 607 distraxerunt,
1537 564 1579 597 ut
1605 562 1642 599 in
1669 562 1740 600 hoc
1761 575 1898 600 novum

385 624 575 672 quoddam
603 624 772 659 viderent
800 626 1043 672 praeceptum
1072 623 1198 660 datum
1226 627 1339 672 atque
1368 636 1449 661 voc.
1480 638 1576 662 cura
1597 627 1655 664 vel
1676 642 1770 665 cave
1786 629 1897 668 intel-

383 688 573 738 ligendum
611 690 862 738 opinarentur.
922 689 1064 726 Contra
1100 689 1184 726 illos
1220 690 1298 739 jam
1335 690 1537 741 disputavit
1570 692 1798 733 Lambinus.
1854 696 1898 733 In

384 755 483 790 aliud
513 756 641 792 vitium
667 756 822 793 incurrit
859 756 1107 801 Torrentius,
1149 756 1288 806 quippe
1319 757 1381 805 qui
1409 768 1443 793 v.
1471 757 1522 796 19
1541 781 1595 788 --
1614 759 1681 800 23,
1708 761 1758 798 ad
1783 773 1898 799 unum

386 821 620 871 eundemque
652 822 859 871 hominem,
909 835 1019 871 quem
1046 835 1115 873 pro
1151 823 1339 860 causidico
1367 823 1550 875 habebat,
1602 826 1661 862 cui
1689 828 1898 864 contrarius

383 895 516 924 mutus
545 890 694 938 quidam
726 894 839 939 atque
867 889 1022 939 elinguis
1047 889 1194 938 positus
1224 894 1340 939 esset,
1369 892 1537 929 referret.
1594 892 1694 931 Vidit
1721 894 1833 943 igitur
1860 894 1898 932 in

384 967 493 992 versu
523 957 588 996 20.
618 956 769 993 modum
799 957 983 1006 quendam
1010 967 1166 1005 magnas
1201 960 1448 1006 componendi
1486 972 1530 997 ex
1560 959 1775 1009 eloquentia
1804 973 1897 1011 opes

383 1023 626 1072 descriptum.
683 1024 899 1060 Juvencias
926 1023 1049 1073 ipsum
1071 1023 1246 1072 intelligit
1273 1024 1502 1074 Numicium,
1535 1027 1598 1076 qui
1625 1026 1710 1064 lites
1735 1028 1899 1064 fortasse

382 1102 467 1126 cum
485 1089 610 1125 Mucio
636 1089 682 1126 de
712 1091 811 1140 agris
838 1103 906 1140 per
929 1090 1054 1126 uxoris
1074 1090 1202 1127 dotem
1225 1091 1342 1139 partis
1370 1091 1553 1131 habuerit.
1607 1092 1728 1130 Recte
1749 1094 1899 1144 quidem

382 1155 443 1191 alii
474 1168 623 1192 versum
654 1156 719 1195 19.
749 1162 788 1194 et
816 1158 883 1198 20.
913 1157 1070 1193 diversis
1103 1156 1312 1194 attribuunt
1339 1161 1523 1208 personis,
1553 1160 1620 1198 sed
1647 1161 1761 1198 iidem
1786 1162 1826 1198 in
1852 1175 1898 1199 eo

381 1223 477 1272 lapsi
504 1223 700 1272 videntur,
732 1224 832 1273 quod
861 1223 1047 1273 duplicem
1074 1235 1186 1271 opum
1215 1226 1463 1273 parandarum
1491 1230 1528 1263 et
1558 1226 1770 1276 eloquentia
1796 1228 1898 1277 [cau-

383 1291 504 1339 sidici,
534 1302 631 1339 quae
660 1290 718 1327 vel
747 1303 944 1327 causarum
971 1289 1179 1327 actionibus
1209 1290 1355 1328 divitias
1378 1293 1609 1342 peperisset,
1639 1293 1698 1331 vel
1725 1295 1822 1331 viam
1847 1295 1897 1331 ad

381 1357 543 1394 honores
581 1357 725 1395 lucrum
763 1359 943 1395 facientes
981 1357 1200 1394 munivisset
1236 1370 1270 1394 v.
1300 1357 1377 1407 19.]
1415 1363 1453 1396 et
1489 1360 1650 1410 negotiis
1685 1360 1898 1398 forensibus

382 1424 437 1474 [re
466 1425 692 1462 feneratoria
720 1437 754 1462 v.
773 1425 853 1475 20.]
881 1425 1033 1462 modum
1061 1423 1310 1473 significatum
1338 1426 1476 1476 opinati
1506 1431 1604 1467 sunt.
1661 1426 1702 1464 In
1730 1426 1802 1465 hoc
1828 1441 1898 1465 nu·

380 1504 486 1528 mero
522 1490 716 1528 Orellium
752 1505 837 1530 esse
875 1492 1001 1529 miror.
1058 1488 1110 1527 At
1143 1489 1262 1527 Poeta
1290 1492 1398 1541 ponit
1422 1504 1457 1532 v.
1488 1493 1552 1534 19.
1579 1493 1786 1543 hominem,
1824 1483 1898 1544 >qui

381 1571 456 1593 sua
477 1558 632 1607 fruitur
647 1557 772 1608 sama
802 1559 876 1596 oris
907 1558 1140 1607 eloquentiS,
1169 1570 1376 1607 quemque,
1413 1564 1455 1596 ut
1478 1560 1530 1596 ait
1554 1561 1630 1609 16,
1669 1559 1762 1609 57.,
1786 1574 1900 1598 omne

373 1625 511 1674 forum
539 1631 689 1673 spectat
716 1631 753 1660 et
780 1638 892 1661 omne
916 1623 1104 1663 tribunal.
1162 1624 1226 1661 Sic
1248 1625 1350 1673 Virg.
1383 1625 1453 1662 Ge.
1483 1628 1522 1674 2,
1551 1625 1645 1665 508.
1701 1626 1786 1662 Hic
1812 1632 1899 1662 ctu-

373 1697 444 1738 pet
472 1692 660 1726 attonitus
690 1691 859 1727 Rostris.
921 1691 1043 1728 Tacit.
1071 1690 1168 1727 Dial.
1199 1692 1236 1730 6.
1274 1691 1382 1740 quod
1403 1692 1602 1741 gaudium
1639 1692 1900 1742 consurgendi

379 1757 664 1807 assistendique
691 1759 791 1793 inter
818 1765 985 1794 tacentes
1014 1765 1051 1794 et
1077 1759 1120 1794 in
1149 1771 1272 1794 unum
1301 1760 1525 1794 conversos!
1572 1759 1670 1795 coire
1700 1759 1898 1809 populum

382 1831 419 1860 et
444 1825 619 1873 accipere
646 1823 858 1875 affectum,
899 1838 1181 1875 quemcumque
1209 1831 1339 1861 orator
1366 1824 1563 1860 induerit!
1609 1826 1656 1862 ad
1685 1839 1798 1875 quem
1823 1827 1895 1864 loc.

382 1893 454 1929 vid.
483 1891 595 1929 Hess.
625 1904 662 1941 p.
691 1888 757 1930 34.
814 1891 926 1931 Hom.
958 1892 1032 1928 Od.
1063 1893 1087 1931 8
1098 1917 1111 1940 3
1151 1892 1245 1931 170.
1274 1892 1320 1928 de
1349 1891 1497 1928 homine
1531 1890 1747 1941 eloquente:
1787 1893 1829 1933 οἷ
1855 1893 1897 1934 δέ

379 1957 452 2004 τ’ἕς
482 1952 600 1997 αὐτὸν
635 1958 871 2010 Τερπόμενοι
899 1955 1146 1997 λεύσσουσιν.
1202 1957 1357 1994 Lucian.
1382 1957 1510 1994 Somn.
1542 1959 1606 1999 12.
1643 1956 1720 1998 κόἱυ
1749 1974 1828 1999 που
1860 1975 1898 1999 η

380 2023 505 2077 λέγων
535 2021 667 2079 τύχῃς,
698 2021 903 2075 κεχηνότες
933 2025 973 2064 οἷ
996 2023 1134 2063 πολλοὶ
1164 2019 1419 2069 ἀκούσονται,
1448 2019 1718 2073 θαυμάζοντες
1741 2023 1806 2064 καὶ
1829 2021 1898 2064 aev’-

381 2088 674 2140 δαιμονίζοντὲς
704 2103 746 2129 σε
774 2093 852 2130 τῶν
872 2087 1002 2143 λόγων
1021 2093 1092 2142 τῆς
1113 2087 1334 2142 δυνάμεως.
1394 2089 1485 2126 Inde
1507 2089 1615 2126 mille
1644 2091 1765 2137 oculi,
1795 2093 1898 2142 quod

379 2158 562 2207 παχυλῶς
600 2157 739 2194 dietum
773 2157 934 2196 illustrat
973 2159 1078 2196 Cort.
1117 2158 1166 2194 ad
1192 2157 1336 2195 Lucan.
1362 2157 1412 2204 3,
1459 2156 1553 2196 689.
1611 2156 1696 2194 Huc
1734 2158 1897 2207 quodam

380 2223 493 2260 modo
522 2224 632 2272 facit,
677 2224 779 2272 quod
807 2224 967 2262 Romani
989 2227 1146 2275 juvenes
1177 2229 1215 2262 et
1245 2223 1467 2261 declamare
1493 2227 1530 2260 et
1557 2221 1738 2274 linguam
1767 2225 1898 2262 causis

380 2303 517 2326 acuere
544 2289 667 2340 Epist.
697 2291 742 2339 1,
781 2292 830 2339 2,
868 2293 906 2332 2.
933 2290 982 2340 3,
1012 2291 1077 2333 23.
1108 2292 1292 2329 dicuntur.
1350 2290 1410 2328 Cf,
1436 2289 1565 2327 Klotz.
1594 2290 1642 2326 ad
1672 2289 1750 2327 Cic.
1779 2290 1895 2328 Tusc.

382 2357 422 2405 5,
449 2357 518 2405 36,
550 2357 643 2396 103.
702 2357 848 2393 Grauff.
877 2358 925 2394 ad
950 2357 1105 2396 Lucian.
1134 2358 1262 2395 Somn.
1290 2358 1354 2397 11.
1383 2370 1420 2406 p.
1447 2356 1540 2397 215.
1597 2356 1734 2404 Neque
1760 2355 1896 2394 absur*

381 2423 470 2459 dum
496 2423 726 2473 putaverim,
764 2425 795 2460 si
820 2425 923 2473 quis,
952 2429 994 2461 ut
1021 2423 1273 2474 Brieglebius
1286 2450 1300 2468 ,
1335 2422 1434 2458 hunc
1463 2434 1612 2458 versum
1638 2435 1713 2459 non
1741 2423 1787 2460 ad
1816 2423 1895 2461 elo—

381 2490 571 2537 quentiam
595 2495 746 2540 putaret
770 2491 1020 2540 referendum,
1050 2493 1118 2528 sed
1145 2491 1224 2540 „ad
1244 2490 1516 2537 auctoritatem,
1545 2490 1707 2538 spectari
1726 2502 1748 2526 a
1766 2490 1894 2540 vulgo,

382 2555 443 2592 ubi
472 2556 681 2606 loquaris.“
737 2558 799 2595 Sic
827 2557 1000 2595 adulator
1026 2557 1086 2595 ille
1115 2570 1176 2609 ap.
1197 2556 1387 2606 Theophr.
1408 2555 1522 2591 Char.
1545 2557 1583 2596 2.
1604 2555 1710 2606 (ibiq.
1729 2556 1892 2594 Casaub.

379 2636 419 2674 p·
451 2623 554 2673 28.):
583 2620 765 2679 Ἐνθυμῇ
795 2622 848 2672 ὥς
877 2620 1148 2676 ἀποβλέπουσι
1175 2620 1274 2675 πρός
1304 2619 1346 2662 σὲ
1373 2621 1414 2661 οἱ
1439 2618 1669 2673 ἅνθρωποις
1701 2644 1748 2651 -
1781 2618 1894 2663 εὗδο-

380 2688 505 2739 κίμεις
541 2688 636 2740 χθὲς
674 2690 716 2730 ἐν
742 2693 792 2746 τῇ
821 2693 928 2745 στοᾷ.
958 2713 1014 2719 —
1040 2690 1085 2728 V.
1117 2691 1183 2732 20.
1226 2690 1393 2727 Gnavus
1417 2693 1491 2726 etc.
1520 2687 1744 2726 describitur
1770 2701 1893 2739 neque

382 2754 605 2805 causidicus,
637 2763 679 2795 ut
706 2759 904 2808 opinantur
929 2758 1167 2794 Sanadonus
1186 2760 1224 2793 et
1244 2754 1495 2805 Doriglzello,
1523 2768 1646 2805 neque
1673 2755 1892 2807 competitor

381 2822 530 2872 quidam
559 2823 800 2874 ambitiosus,
843 2829 884 2862 ut
917 2825 996 2862 vult
1026 2824 1247 2868 Dacerius,
1275 2827 1340 2860 aut
1368 2824 1578 2871 fenerator,
1610 2823 1678 2861 sed
1706 2823 1738 2860 is
1763 2822 1891 2870 homo,

382 2890 445 2938 qui
471 2902 540 2940 per
567 2895 687 2928 totum
713 2892 810 2929 diem
834 2892 1004 2941 quaestui
1032 2892 1069 2928 in
1087 2891 1171 2928 foro
1191 2891 1256 2927 dat
1277 2902 1429 2940 operam
1450 2890 1628 2927 eximiam.
1686 2888 1774 2926 Plus
1793 2888 1890 2925 scire
