2028 3268
383 252 465 295 184
493 255 861 294 COMMENTARII
890 255 944 292 IN
972 251 1192 292 HORATII
1211 253 1386 292 EPIST.
1406 254 1621 294 SECUND.
1644 256 1744 295 LIB.
1762 256 1791 294 1.
1849 257 1906 297 78

381 365 462 408 σέτὶ
491 366 686 418 μανιῶδες
714 371 787 402 etc·
818 365 959 401 Galen·
977 362 1026 401 de
1044 363 1171 402 affect.
1190 377 1273 402 cur.
1292 377 1328 402 c.
1353 365 1391 405 5.
1417 362 1462 405 ‘O
1479 362 1607 418 θυμὸς
1626 359 1747 406 οὐδὲν
1765 359 1911 407 ἀποδεῖ

381 434 535 486 μανίας.
566 430 766 472 Plutarch.
796 429 844 467 de
873 443 985 482 puer.
1018 431 1190 468 institut.
1211 432 1276 479 13,
1306 429 1398 471 184.
1421 453 1478 460 —
1494 428 1539 472 vd
1560 429 1661 472 πολύ
1682 435 1753 484 τῆς
1783 428 1908 486 ἄκρα-

380 503 475 549 τοῦς
500 499 569 540 καὶ
601 495 842 551 μαινομένης
870 495 1060 549 ’ὑφαιρεῖν
1091 493 1224 551 ὀργῆς.
1261 497 1321 534 Cf.
1348 499 1475 535 Even.
1512 499 1555 535 iu
1581 499 1732 537 Delect.
1770 501 1910 552 Epigr-

382 569 519 605 Graec.
539 568 579 615 7,
607 563 674 605 64.
705 570 743 601 et
765 562 931 616 Phocyl.
957 565 1023 606 58.
1052 566 1194 602 Muret.
1223 563 1362 602 laudat
1388 563 1587 603 Themist.
1616 566 1682 603 Or.
1709 565 1758 603 de
1779 567 1910 605 Amic.

381 636 422 675 3.
448 649 488 685 p.
506 635 573 674 72.
601 627 698 684 Ἐγώ
724 628 768 670 δὲ
798 627 909 682 οἶμαι
929 629 1004 684 τήν
1025 632 1173 683 μανίαν
1199 627 1472 684 ὀλιγοχρόνιον
1491 628 1709 672 εἴπω-016.
1728 633 1852 670 Tuso.
1868 630 1910 681 4,

381 703 450 750 36,
473 702 543 740 77.
573 699 644 736 Ira
674 712 783 744 vere,
812 712 914 750 quae
943 712 1064 750 quam
1093 699 1164 735 diu
1182 697 1392 748 perturbat
1410 699 1607 744 animum,
1631 698 1913 736 dubitationem

381 767 562 804 insaniae
586 779 666 802 non
695 765 826 803 habet.
893 764 996 803 Ibid.
1028 763 1067 814 4,
1103 766 1171 814 23,
1200 766 1267 806 52.
1323 765 1398 802 An
1427 772 1482 801 est
1503 766 1715 816 quicquam
1742 766 1912 803 similius

381 834 562 871 insaniae
578 845 700 884 quam
717 833 810 870 ira?
837 846 959 884 quam
977 832 1071 869 bene
1087 833 1244 869 Ennius
1264 834 1422 869 initium
1435 832 1536 869 dixit
1549 833 1740 872 insaniae.
1769 832 1913 871 senec.

383 900 432 939 de
462 902 526 938 Ira
554 900 592 948 1,
622 899 661 939 1.
710 899 884 949 Quidam
905 913 925 936 e
949 899 1192 950 sapientibus
1210 901 1308 937 viris
1327 901 1430 937 iram
1445 901 1541 947 jam
1560 899 1744 936 dixerunt
1761 898 1913 937 brevem

381 969 581 1006 insaniam
591 973 614 1014 ;'
637 979 759 1018 aeque
791 968 896 1003 enim
921 967 988 1003 sui
1019 967 1209 1016 impotens
1234 973 1290 1003 est
1315 973 1391 1003 etc.
1428 967 1578 1004 Arnob.
1609 964 1698 1005 adv.
1725 966 1841 1003 Gent.
1873 968 1912 1006 1.

382 1051 423 1088 p.
457 1036 525 1076 10.
569 1033 677 1084 Quid
701 1040 758 1071 est
788 1035 892 1071 enim
921 1033 1039 1070 aliud
1064 1035 1199 1079 irasci,
1227 1047 1350 1085 quam
1379 1035 1570 1080 insanire,
1599 1047 1721 1084 quam
1738 1032 1913 1084 furere?

382 1101 482 1140 Inde
508 1102 616 1152 Virg.
650 1102 754 1138 Aen.
784 1098 823 1149 4,
854 1101 950 1140 697.
987 1099 1191 1152 cubitoque
1220 1114 1387 1138 accensa
1408 1101 1579 1151 surore;
1608 1101 1662 1138 ib.
1692 1103 1821 1152 Heyn.
1850 1101 1912 1139 Cf.

381 1167 541 1207 Mitsch.
568 1167 620 1205 ad
637 1166 710 1206 Od.
735 1169 772 1216 1,
801 1167 866 1216 16,
890 1169 930 1208 5.
948 1191 1000 1197 —
1029 1169 1208 1205 animum
1225 1181 1328 1219 rege.
1387 1170 1446 1206 Ita
1462 1169 1652 1219 praecipit
1675 1166 1819 1206 Chilon
1846 1180 1912 1219 ap.

383 1237 505 1276 Orell.
538 1237 570 1274 Ι.
608 1249 649 1286 Ρ.
688 1231 783 1274 140.
830 1236 971 1286 Θυμοῦ
1001 1232 1146 1287 κράτει.
1182 1233 1398 1273 Periander
1435 1234 1531 1275 ibid.
1568 1248 1610 1286 p.
1639 1233 1733 1274 186.
1774 1230 1914 1286 Ὀργῆς

382 1307 556 1358 κρατεῖν.
585 1300 803 1339 Menander
831 1314 870 1352 p·
895 1301 992 1341 322.
1023 1303 1164 1354 Θυμοῦ
1190 1305 1382 1355 κρατῆσαι
1412 1298 1663 1354 κᾶπιθυμίας
1689 1295 1824 1341 καλόν.
1852 1300 1915 1338 Cf·

381 1373 484 1409 Plat.
507 1369 555 1408 de
577 1369 747 1420 Republ.
772 1365 812 1416 4,
835 1365 900 1407 15.
928 1374 967 1405 et
989 1368 1068 1407 cic.
1097 1367 1146 1406 de
1164 1371 1262 1420 Rep.
1290 1370 1326 1418 1,
1352 1368 1422 1408 38.
1452 1367 1566 1407 Ovid.
1592 1366 1754 1405 Heroid.
1781 1367 1822 1416 3,
1845 1366 1915 1408 85.

391 1439 514 1478 Vince
540 1438 695 1474 animos
716 1436 894 1486 iramque
917 1442 1046 1481 tuam,
1075 1437 1146 1487 qui
1163 1443 1287 1473 cetera
1305 1436 1442 1473 vincit.
1476 1436 1615 1475 Senec.
1637 1435 1798 1486 Hippol.
1817 1433 1914 1474 256.

384 1506 597 1544 Moclerare
615 1525 668 1533 —
685 1502 854 1554 ffenae
879 1505 1020 1540 mentis
1058 1504 1224 1553 impetus
1234 1517 1251 1551 ;
1287 1502 1460 1540 Animos
1489 1502 1642 1539 coerce!
1682 1502 1749 1539 Sic
1778 1500 1914 1538 cicero

383 1588 444 1625 pr.
477 1573 655 1610 Marcell.
683 1571 725 1610 3.
757 1571 936 1607 animum
970 1570 1123 1607 vincere
1146 1577 1185 1607 et
1214 1570 1464 1607 iracundiam
1493 1568 1667 1606 cohibere
1699 1568 1914 1617 conjungit.

385 1642 447 1678 cf.
474 1638 637 1678 Ruhnk.
657 1637 708 1675 ad
732 1638 894 1674 Terent·
920 1638 1023 1673 Eun·
1045 1636 1083 1684 5,
1102 1639 1140 1686 6,
1167 1637 1233 1679 14.
1289 1639 1397 1674 Haeo
1415 1638 1547 1674 omnia
1570 1642 1729 1687 propter
1746 1633 1915 1672 Achillis

383 1709 496 1755 iram,
522 1706 571 1743 de
599 1718 676 1756 qua
701 1705 822 1740 etiam
843 1702 1017 1753 disputat
1041 1703 1242 1742 Plutarch.
1273 1703 1322 1740 de
1353 1702 1442 1742 aud.
1463 1705 1574 1741 Poet.
1592 1703 1659 1742 VI.
1686 1715 1727 1753 p.
1749 1701 1818 1742 67.
1845 1701 1914 1741 95.

386 1774 508 1812 dilata
533 1786 617 1810 esse
637 1784 753 1808 nemo
775 1770 861 1818 erit,
899 1771 995 1821 quin
1013 1769 1158 1822 videat.

495 1843 544 1879 V.
578 1839 647 1879 63.
684 1839 863 1888 Imperat
882 1857 934 1863 —
954 1828 1108 1873 catena'.
1179 1836 1352 1874 Sensum
1382 1835 1500 1886 hujus
1533 1833 1628 1872 dicti
1659 1835 1808 1887 optime
1838 1846 1915 1872 ex-

385 1910 526 1962 plicuit
544 1906 760 1955 Bentlejus,
792 1916 913 1956 quem
935 1903 1040 1940 vide.
1071 1903 1132 1941 Cf.
1150 1904 1278 1954 Epist.
1299 1904 1364 1950 10,
1386 1901 1453 1944 47.
1482 1906 1529 1940 In
1550 1915 1634 1940 rem
1647 1903 1778 1940 Plaut.
1798 1903 1913 1940 Trin-

385 1981 426 2026 2,
451 1979 490 2025 2,
521 1974 576 2016 25
596 1986 684 2024 sqq.
749 1972 809 2008 Tu
842 1971 878 2006 si
905 1971 1085 2007 animum
1118 1971 1248 2007 vicisti
1261 1972 1415 2019 potius,
1445 1983 1566 2020 quam
1592 1970 1751 2006 animus
1779 1976 1832 2015 te,
1861 1975 1918 2006 est

386 2043 496 2096 quod
519 2040 701 2093 gaudeas
724 2045 798 2076 etc.
829 2036 928 2075 Inde
963 2037 1045 2074 Cic.
1077 2037 1198 2073 Tusc.
1217 2037 1257 2085 2,
1278 2037 1346 2085 21,
1367 2033 1437 2075 47.
1466 2037 1584 2073 Haec
1603 2034 1739 2087 (ratio)
1767 2042 1814 2072 ut
1839 2037 1918 2072 im-

380 2117 495 2162 peret
517 2109 582 2146 illi
607 2107 722 2157 parti
751 2105 894 2150 animi,
923 2117 1025 2155 qnae
1059 2102 1214 2140 obedire
1249 2101 1378 2148 debet,
1401 2102 1448 2140 id
1475 2103 1690 2141 videndum
1722 2110 1780 2140 est
1814 2104 1913 2140 viro.

389 2176 502 2217 ovid.
519 2177 615 2213 Met.
638 2175 676 2222 9,
698 2173 766 2214 28.
796 2185 986 2209 accensae
1005 2185 1084 2208 non
1089 2170 1254 2221 sortiter
1274 2170 1445 2219 imperat
1460 2171 1556 2207 irae.
1588 2171 1752 2208 Aristot.
1773 2170 1916 2221 Topic-

389 2244 428 2294 5,
451 2245 489 2284 1.
520 2240 612 2283 οὔτε
639 2238 683 2282 τό
722 2236 1012 2291 ἐπιθυμητικόν
1033 2237 1102 2278 καὶ
1124 2234 1301 2288 θυμικόν
1330 2232 1394 2276 ἀεὶ
1414 2233 1701 2290 προςτοὶττεται,
1731 2233 1831 2276 dno}
1850 2234 1918 2276 καὶ

388 2310 618 2364 προςτάττει
642 2307 750 2349 ποτέ.
789 2308 930 2346 senec.
955 2305 1003 2342 de
1029 2307 1092 2343 Ira
1120 2306 1156 2353 1,
1187 2306 1228 2345 7.
1267 2305 1467 2344 Commota
1500 2305 1603 2340 enim
1629 2302 1748 2340 semel
1771 2309 1808 2339 et
1823 2315 1918 2339 con-

390 2391 506 2416 cussa
535 2390 643 2413 mens
672 2376 709 2412 ei
737 2377 873 2420 servit,
912 2387 940 2411 a
973 2387 1048 2424 quo
1070 2372 1253 2423 pellitur.
1297 2371 1356 2409 Id.
1387 2371 1424 2420 1,
1457 2371 1523 2410 16.
1552 2368 1706 2415 Habet,
1735 2370 1918 2421 inquam,

389 2443 601 2481 iracundia
632 2442 706 2479 hoc
732 2441 848 2487 mali,
879 2454 958 2478 non
983 2439 1072 2477 vult
1099 2440 1196 2490 regi.
1220 2461 1276 2467 -—
1300 2438 1408 2475 lame
1424 2437 1575 2488 frenis,
1603 2436 1711 2473 hunc
1741 2443 1785 2473 tu
1812 2449 1920 2473 com-

386 2525 501 2562 pesce
518 2518 671 2548 catena.
726 2511 843 2546 Hunc
859 2506 1110 2545 Pronominis
1129 2507 1171 2542 in
1200 2506 1322 2542 altero
1340 2505 1576 2555 plerumque
1598 2503 1776 2541 membro
1799 2503 1918 2554 positi

391 2592 511 2616 usum
540 2584 694 2629 praeter
717 2577 860 2624 Bentl.,
890 2577 996 2623 Jan„
1025 2571 1198 2620 Mitsch„
1227 2570 1384 2608 Peerlk.
1403 2569 1454 2607 ad
1476 2570 1548 2608 Od.
1570 2571 1608 2619 1,
1630 2572 1669 2620 9,
1694 2570 1760 2611 15.
1790 2571 1919 2622 pluri-

391 2646 465 2683 bus
485 2647 733 2682 illustrarunt
749 2645 907 2681 Dissen.
938 2640 990 2679 ad
1010 2640 1103 2678 Tib.
1131 2640 1168 2687 1,
1196 2639 1234 2687 1,
1257 2639 1322 2678 37.
1349 2644 1387 2675 et
1404 2638 1519 2675 Corn.
1544 2639 1702 2675 Miiller.
1728 2637 1771 2674 in
1803 2638 1919 2675 Com-

394 2718 570 2749 mentatt.
593 2712 640 2749 de
665 2711 760 2748 locis
783 2710 884 2762 alqt.
914 2706 1122 2747 Iuvenalis
1143 2718 1246 2756 spec.
1264 2706 1298 2741 Ι.
1318 2718 1359 2756 p.
1378 2706 1460 2753 29„
1492 2704 1541 2743 de
1563 2706 1723 2743 Graecis
1743 2703 1918 2742 Nitzsch.

393 2780 436 2816 in
460 2778 811 2830 „Anmerkungen
824 2791 876 2815 zu
887 2777 1058 2814 Homer-e
1082 2772 1285 2823 Odyssee“
1301 2773 1332 2813 Ι.
1353 2785 1394 2823 p.
1418 2773 1486 2812 87.
1508 2773 1602 2813 111.
1624 2779 1664 2810 et
1682 2772 1918 2811 Stallbaum.

395 2845 447 2884 ad
476 2847 581 2884 Plat.
613 2847 732 2896 Gorg.
759 2859 794 2884 c.
822 2845 891 2885 83.
917 2858 959 2896 p.
986 2843 1084 2883 267.
1139 2839 1255 2888 Sunt,
1284 2839 1354 2891 qui
1379 2839 1456 2879 hoc
1491 2839 1641 2878 dictum
1669 2851 1721 2878 ex
1741 2840 1919 2878 Platonis

394 2912 647 2969 philosophia
678 2915 996 2966 interpretentur,
1025 2911 1090 2950 cui
1122 2905 1244 2947 homo
1278 2912 1447 2960 quatuor
1473 2907 1846 2961 perturbationibus,
1875 2913 1920 2945 ut
