2028 3268
350 265 429 308 166
457 271 819 309 COMMENTARII
847 273 901 309 IN
928 271 1146 308 HORATII
1173 270 1340 309 EPIST.
1363 272 1578 311 SECUND.
1603 275 1703 311 LIB.
1723 276 1755 312 Ι.
1809 275 1867 316 60

349 379 451 429 dius,
480 381 630 433 aliquid
661 388 861 432 pungunt,
893 388 1146 430 consumunt,
1178 381 1294 419 ducta
1322 383 1488 433 praeivit
1516 386 1723 432 Homerus,
1755 385 1864 435 cujus

348 449 498 499 aliquot
524 450 631 487 locos
661 449 820 498 collegit
843 449 1069 496 Lambinus,
1100 455 1143 485 ut
1162 450 1208 484 Il.
1227 446 1294 495 24,
1326 449 1417 488 129.
1451 447 1538 501 Σὴν
1559 450 1662 491 ἔδεαι
1681 451 1862 504 κραδίην.

348 515 387 562 6,
413 515 508 554 202.
527 512 603 554 “Ov
633 511 762 565 θυμὸν
787 513 972 553 κατέδων.
1003 515 1095 565 [Cic.
1114 515 1236 551 Tusc.
1255 514 1294 562 3,
1311 515 1377 562 26,
1399 517 1479 567 63.]
1505 516 1618 555 Adde
1639 517 1710 556 Od.
1733 520 1772 567 9,
1794 518 1863 558 75.

350 579 413 630 10,
440 580 533 622 143.
590 583 690 618 Hinc
709 581 876 633 καρδίαν
898 578 952 632 μή
976 580 1126 620 ἐσθίειν
1146 580 1195 618 de
1216 581 1330 618 rebus
1354 584 1529 621 animum
1546 586 1646 623 curis
1668 592 1707 622 et
1730 597 1864 622 amore

347 648 623 684 cruciantibus.
664 646 754 686 vid.
774 648 892 688 Orell.
913 649 1051 698 Opusc.
1073 649 1209 686 Graec.
1232 655 1327 686 vett.
1348 652 1378 687 Ι.
1397 664 1436 702 p.
1459 653 1511 691 62
1529 659 1567 689 et
1582 651 1678 693 476.
1706 651 1862 690 Jacobs.

345 715 495 750 Delect.
514 715 650 765 Epigr.
671 717 710 762 7,
737 715 803 761 86,
826 711 866 753 4.
897 711 926 764 ἦ
955 712 997 753 δὲ
1018 714 1183 768 περισσή
1201 713 1338 767 θυμόν
1368 713 1429 756 cisi
1449 717 1599 759 κατέδει
1615 715 1865 771 χρυσομανής

346 780 499 832 μελέτη,
529 781 598 818 ubi
620 781 790 818 similem
810 780 961 818 Rhian.
987 782 1023 828 1,
1045 783 1084 821 8.
1112 783 1245 819 locum
1265 783 1376 820 affert
1393 783 1640 824 doctissimus
1657 786 1864 835 interpres.

344 848 455 885 Paul.
480 849 605 899 Epist.
634 846 685 883 ad
714 848 802 885 Gal.
828 849 866 896 5,
902 849 967 888 15.
997 849 1032 888 εἰ
1056 846 1098 888 δὲ
1131 844 1324 900 ἀλλήλους
1353 850 1513 891 δάκνετε
1531 851 1597 892 καὶ
1626 851 1864 890 κατεσθίετε.

344 914 532 964 Apprime
564 913 774 964 respondet
807 913 903 952 haec
929 914 1048 954 dictio
1079 917 1166 953 voci
1186 916 1407 966 torquebere
1433 931 1470 955 v.
1491 919 1559 958 37.
1590 916 1862 970 Porphyrion:

345 987 417 1026 est,
448 982 655 1026 consumit,
685 988 731 1018 ut
762 980 886 1033 (Virg.
910 983 1008 1020 Aen.
1033 980 1071 1030 4,
1102 981 1188 1033 66.)
1245 984 1319 1020 Est
1327 985 1504 1033 stamma
1523 985 1721 1022 medullas
1735 998 1752 1031 ;
1780 982 1863 1021 vid.

343 1047 400 1083 ibi
417 1048 682 1096 Taubmaun„
718 1050 786 1099 qui
806 1046 912 1084 hunc
940 1049 1071 1085 locum
1091 1058 1383 1099 commemorat,
1414 1059 1452 1088 et
1471 1051 1588 1089 eund.
1608 1051 1657 1089 ad
1680 1054 1742 1100 12,
1766 1051 1862 1092 801.

345 1115 432 1150 Nec·
452 1122 488 1150 te
506 1121 639 1151 tantus
656 1115 747 1151 edat
772 1116 935 1151 tacitum
953 1114 1075 1151 dolor.
1109 1117 1222 1152 Auct.
1251 1118 1363 1167 Eleg.
1391 1117 1438 1155 de
1455 1120 1559 1157 Fort.
1578 1120 1739 1156 vicissit.
1768 1119 1863 1159 108.

336 1189 500 1231 pec-tora
515 1195 663 1218 moeror
680 1182 770 1218 edit.
805 1182 863 1219 Cf.
887 1183 1040 1220 Erasm.
1060 1179 1212 1232 Adagg.
1233 1183 1266 1230 1,
1292 1185 1328 1223 1.
1346 1198 1382 1235 p.
1408 1187 1488 1233 17.,
1517 1187 1652 1222 Heius.
1675 1191 1712 1221 et
1727 1186 1862 1221 Burin.

342 1247 395 1285 nd
418 1249 505 1286 Val.
534 1249 661 1286 Flacc.
686 1248 725 1295 3,
758 1249 854 1288 365.
877 1248 971 1287 693.
1002 1271 1052 1276 -
1084 1250 1269 1294 curandi,
1298 1248 1610 1303 θεραπεύεσθαι,
1670 1253 1724 1288 Ut
1753 1264 1863 1289 mor-

343 1315 497 1363 borum,
516 1317 573 1352 ita
593 1315 811 1352 medicinae
826 1315 1018 1352 vocabula
1039 1317 1325 1355 transferuntur
1341 1318 1390 1355 ad
1409 1320 1607 1367 animum3
1635 1317 1713 1356 vid.
1731 1319 1863 1356 Bentl.

344 1381 394 1419 ad
417 1383 544 1432 Epist.
578 1382 615 1430 1,
649 1383 713 1428 16,
743 1380 824 1430 40.,
853 1381 1031 1420 Broukh.
1059 1383 1108 1420 ad
1142 1385 1234 1422 Tib.
1264 1386 1301 1432 2,
1326 1385 1365 1434 3,
1395 1387 1472 1434 13.,
1501 1387 1667 1436 Koenig,
1688 1383 1738 1421 ad
1756 1386 1863 1422 Pers.

342 1451 383 1499 3,
408 1450 473 1489 63.
529 1450 630 1494 Quin
649 1450 735 1499 ipsa
758 1447 1008 1500 philosophia
1023 1451 1242 1489 medicinae
1263 1461 1532 1504 comparatur3
1557 1451 1637 1493 vid.
1659 1465 1757 1504 quos
1773 1453 1864 1489 lau-

345 1515 435 1553 (lavi
455 1515 505 1552 ad
526 1517 653 1566 Epist.
685 1518 722 1563 1,
760 1516 828 1556 37.
885 1518 986 1554 Hinc
1006 1517 1121 1556 Philo
1144 1520 1372 1557 Larissaeus
1394 1533 1455 1570 ap.
1480 1519 1588 1557 Stob.
1604 1521 1644 1556 in
1666 1519 1800 1569 Eclog.
1820 1519 1861 1567 2,

343 1584 383 1631 7,
406 1583 443 1621 1.
471 1595 510 1632 p.
529 1580 723 1622 40—44.
751 1584 891 1620 Heer.:
930 1583 997 1623 καὶ
1022 1581 1096 1635 yde
1118 1588 1170 1639 τῇ
1201 1585 1357 1640 ἰατρικῇ
1383 1583 1535 1636 σπουδὴ
1566 1587 1674 1624 πᾶσα
1701 1585 1791 1638 περὶ
1817 1582 1863 1625 vd

343 1648 464 1697 τέλος,
497 1651 612 1688 τοῦτο
645 1645 682 1688 δ’
714 1643 766 1699 ἦν
799 1647 938 1701 ὖγῐεία,
969 1648 1036 1688 καὶ
1062 1653 1112 1704 τῇ
1139 1653 1357 1706 φιλοσοφίᾳ
1375 1651 1462 1704 περὶ
1489 1649 1563 1702 τὴν
1593 1648 1861 1702 εὐδαιμονίαν.

342 1714 534 1766 Porphyr.
564 1727 627 1765 ap.
660 1716 778 1752 Orell.
806 1717 836 1751 I.
863 1728 903 1765 p.
933 1715 1030 1755 310.
1058 1718 1202 1754 XXXI.
1230 1715 1374 1769 ’Έρωτι
1404 1715 1477 1770 γαρ
1507 1718 1746 1767 φιλοσοφίας
1771 1714 1862 1769 οἷλη-

303 1821 306 1825 ,
342 1785 466 1834 θινῆς
485 1784 593 1821 πᾶσα
603 1777 832 1833 ταραχώδης
843 1781 908 1821 καὶ
927 1781 1116 1830 ἐπίπονος
1131 1781 1323 1835 ἐπιθυμία
1336 1779 1526 1823 ἐκλύεται.
1563 1781 1690 1832 Κενός
1708 1783 1862 1825 ἐκείνου

343 1845 571 1900 φιλοσόφου
598 1843 727 1901 λόγος,
757 1844 836 1897 ὑφ’
864 1843 912 1887 οὗ
946 1847 1070 1899 μηδὲν
1093 1844 1229 1895 πάθος
1256 1845 1474 1901 ἀνθρώπου
1500 1845 1760 1902 θεραπεύεται
1787 1856 1861 1887 etc.

341 1919 389 1954 In
411 1929 495 1953 rem
515 1916 633 1952 etiam
659 1915 798 1952 Senec.
818 1916 940 1965 Epist.
958 1916 1038 1964 68.‚
1068 1928 1187 1966 quem
1207 1917 1340 1954 locum
1358 1917 1532 1967 apprime
1548 1916 1682 1954 laudat
1701 1915 1862 1954 Schmi-

343 1983 444 2020 dius.
467 2004 523 2011 —-
559 1982 784 2020 Formulam
815 1983 859 2018 in
886 1995 1038 2019 annum
1071 1983 1269 2020 illustrant
1296 1983 1468 2021 Gronov.
1502 1989 1540 2020 et
1558 1981 1678 2020 Drak.
1705 1982 1756 2020 ad
1773 1985 1861 2021 Liv.

342 2048 381 2098 4,
403 2047 468 2097 54,
488 2050 528 2088 6.

451 2117 499 2154 V.
521 2113 588 2156 40.
619 2114 844 2151 Dimidium
865 2136 915 2141 ——
935 2114 1051 2152 aude.
1111 2117 1242 2154 Veteri
1258 2115 1498 2168 laudatoque
1516 2117 1722 2167 proverbio
1738 2117 1863 2155 Poeta

341 2183 396 2220 ita
427 2183 562 2226 utitur,
593 2188 637 2219 ut
657 2182 876 2218 maximam
907 2179 1146 2221 difficultatis
1170 2191 1323 2234 partem
1345 2185 1385 2220 in
1405 2197 1457 2231 re,
1489 2196 1608 2235 quam
1629 2185 1859 2235 susceperis,

337 2252 420 2301 jam
440 2249 635 2287 sublatam
656 2255 927 2299 remotamque
957 2262 1040 2286 esse
1057 2247 1208 2287 doceat.
1263 2251 1321 2286 De
1345 2257 1500 2287 auctore
1523 2249 1639 2300 hujus
1658 2251 1767 2289 verbi
1787 2265 1861 2289 ve-

340 2324 443 2354 teres
467 2317 543 2367 ipsi
573 2315 818 2353 dissentiunt.
877 2313 1124 2353 Jamblichus
1155 2315 1222 2367 (de
1254 2317 1334 2354 vita
1356 2315 1524 2368 Pythag.
1545 2331 1578 2357 c.
1597 2319 1664 2358 29.
1694 2331 1732 2369 p.
1760 2316 1859 2358 342.

343 2383 405 2423 ed.
432 2383 592 2436 Kiessl.)
612 2390 650 2420 et
666 2384 864 2420 Luciauus
886 2380 1080 2432 (Hermot.
1101 2395 1136 2419 c.
1159 2383 1199 2422 3.
1219 2384 1282 2420 lV.
1306 2397 1345 2434 p.
1367 2383 1393 2423 4
1414 2383 1522 2434 Bip.)
1539 2385 1656 2435 primi
1676 2383 1778 2421 illud
1796 2398 1861 2422 re·-

341 2453 473 2488 ferunt
504 2449 554 2487 ad
582 2457 731 2487 certum
759 2455 970 2495 auctorem,
998 2447 1065 2485 hic
1084 2447 1134 2485 ad
1155 2448 1386 2497 Hesiodum,
1421 2451 1488 2486 ille
1510 2449 1560 2486 ad
1580 2449 1861 2502 Pythagoram.

342 2519 561 2554 Lucianum
591 2524 723 2554 autem
747 2517 910 2554 fortasse
934 2516 1078 2553 fefellit
1108 2515 1271 2553 Hesiodi
1292 2511 1388 2569 Ἐργ.
1413 2514 1480 2556 40.
1510 2514 1567 2566 (et
1595 2517 1652 2554 ibi
1671 2518 1794 2555 Gtittl.
1818 2531 1859 2570 p.

345 2586 454 2637 139.)
491 2584 611 2625 πλέον
637 2582 760 2637 ἥμισυ
798 2580 958 2630 παντός,
987 2582 1094 2634 quod
1126 2583 1226 2620 bene
1259 2584 1513 2620 observarunt
1542 2584 1632 2621 Alb.
1659 2585 1860 2623 Fabricius

342 2653 401 2702 (in
432 2653 512 2688 vita
537 2653 667 2690 Procli
695 2665 734 2702 p.
769 2651 854 2703 85.)
894 2657 932 2688 et
963 2651 1148 2687 Reitzius.
1206 2650 1319 2697 Quod
1354 2652 1536 2688 Horatius
1569 2652 1747 2702 attingit,
1778 2658 1859 2690 est:

341 2713 456 2770 Ἀρχή
484 2718 527 2758 δέ
554 2734 614 2758 τοι
641 2715 764 2770 ἥμισυ
793 2714 954 2764 παντός.
1011 2719 1070 2754 Ita
1096 2718 1208 2754 Plato
1243 2717 1291 2754 de
1320 2719 1442 2767 Legg.
1470 2717 1510 2756 6.
1535 2731 1575 2775 p.
1609 2717 1690 2758 856
1714 2720 1762 2757 Ε.
1793 2717 1859 2757 ed,

343 2784 474 2822 Frkf.:
506 2781 605 2837 ἀρχή
624 2782 698 2839 γὰρ
733 2783 882 2837 λέγεται
901 2781 972 2835 μὲν
1000 2780 1122 2835 ἥμισυ
1151 2782 1298 2831 παντός
1321 2784 1364 2824 ἐν
1383 2788 1467 2831 ταῖς
1484 2785 1713 2836 παροιμίαις
1733 2785 1859 2839 ἔργον.

343 2853 452 2890 Alios
474 2851 590 2901 hujus
618 2852 814 2901 proverbii
832 2852 938 2889 locos
959 2850 1168 2901 diligenter
1194 2852 1436 2901 collegerunt
1463 2850 1782 2890 Hemsterhusius
1808 2852 1859 2890 ad

343 2920 502 2957 Lucian.
527 2918 651 2956 Somn
682 2917 723 2960 3.
743 2922 775 2957 Ι.
800 2932 839 2970 p.
859 2917 952 2958 175.
980 2920 1082 2970 Bip.,
1111 2919 1246 2956 Astius
1274 2916 1323 2954 ad
1352 2919 1453 2956 Plat.
1476 2920 1594 2957 Polit.
1613 2932 1654 2971 p.
1671 2916 1767 2959 426.
1797 2921 1858 2958 ef.
