2028 3268
502 1121 1317 1197 HORATII

319 1284 620 1333 LIBRI
687 1288 722 1333 1.

824 1282 1363 1333 EPIS'POLA
1422 1283 1499 1329 111.

610 1419 680 1454 AD
711 1418 928 1455 JULIUM
958 1417 1215 1454 FLORUM.

208 1707 264 1779 J
263 1734 322 1780 uli
355 1734 517 1796 Flore,
548 1735 696 1795 quibus
727 1739 940 1782 terrarum
972 1737 1129 1784 militet
1158 1738 1247 1782 oris

209 1813 421 1861 Claudius
456 1814 647 1876 Augusti
679 1817 930 1879 privignus,
967 1819 1078 1863 scire
1110 1818 1279 1863 laboro.

209 1894 438 1939 Thracane
471 1909 551 1940 vos
585 1894 841 1956 Hebrusque
873 1898 1008 1944 nivali
1042 1897 1247 1959 compede
1275 1896 1459 1950 vinctus,

187 2049 246 2082 Ad
261 2049 400 2084 Julium
423 2049 585 2086 Florum.
630 2050 720 2084 Mss.
739 2051 840 2085 Dess.
858 2055 892 2089 2.

142 2105 243 2151 LiPS.
276 2106 311 2141 2.
342 2107 378 2141 3.
422 2107 558 2141 Graev.
583 2107 678 2143 Edd.
702 2109 784 2143 Ald.
811 2109 894 2145 501.

142 2162 241 2208 Lips.
257 2163 338 2198 516.
357 2167 394 2197 et
409 2165 507 2209 vulg.
555 2165 613 2198 Ad
632 2165 784 2200 Lucium
809 2166 894 2200 Flo-

143 2231 237 2257 rum.
254 2220 437 2255 Ed.G1ar.
454 2220 534 2256 543.
550 2222 727 2256 Horatius
738 2224 895 2259 Flaccus

143 2279 202 2313 Ad
229 2278 370 2313 Julium
399 2279 563 2314 Florum.
612 2279 681 2314 Ed.
705 2279 796 2315 Ven.
814 2281 894 2317 520.

148 2335 307 2380 Quintus
318 2336 494 2370 Horatius
507 2336 663 2371 Flaccus
672 2338 771 2371 ,Iulio
785 2338 896 2371 Floro

145 2393 183 2427 S.
206 2393 276 2429 Ms.
306 2394 407 2428 Gott.
432 2397 464 2431 2.
511 2393 604 2427 Edd.
623 2394 711 2428 Ven.
730 2394 809 2429 479.
837 2395 895 2430 81.

145 2451 204 2486 83.
227 2450 286 2485 86.
307 2452 365 2487 90.
384 2453 442 2488 92.
464 2453 522 2487 98.
553 2452 652 2486 Flor.
670 2453 753 2490 482.
785 2452 894 2487 Loch.

147 2505 228 2542 498.
259 2505 358 2551 Lips.
375 2505 456 2544 492.
472 2509 529 2543 98.

194 2562 236 2595 V.
256 2564 288 2598 1.
338 2564 429 2599 Luci
447 2568 538 2611 conj.
554 2567 708 2612 Marcil„
724 2568 788 2603 sed
805 2569 898 2607 conf.

150 2620 258 2655 Torr.
297 2621 340 2655 ad
372 2621 409 2658 h.
434 2624 477 2666 l.,
503 2625 658 2659 Masson.
697 2626 768 2661 vit.
807 2627 898 2661 Hor.

150 2690 187 2724 p.
207 2680 288 2715 291.
317 2683 354 2712 et
385 2679 429 2713 de
459 2691 620 2717 mensura
651 2684 796 2718 nominis
822 2685 902 2718 Juli

150 2735 289 2772 Weich.
316 2735 359 2770 de
381 2736 482 2774 Cass.
506 2738 622 2775 Parm.
638 2753 674 2786 p.
690 2742 774 2777 343.
795 2742 899 2776 Jahn.

153 2793 199 2828 ad
214 2792 282 2827 Od.
299 2792 334 2836 4,
356 2796 389 2837 2,
407 2797 442 2830 2.
458 2814 504 2820 -
516 2797 654 2832 militet.
698 2798 792 2834 Edd.
807 2799 899 2833 Ven.

151 2849 234 2886 481.
252 2850 331 2888 520.
355 2855 391 2885 et
407 2853 504 2898 vulg.
524 2854 666 2890 militat.
691 2856 760 2891 Ms.
778 2857 899 2892 Guelf.

154 2910 187 2944 1.
206 2907 300 2942 Edd.
339 2908 452 2955 princ.
471 2922 527 2956 ap.
542 2913 651 2947 Feam
663 2939 673 2958 ‚
704 2913 800 2947 Med.
818 2912 900 2948 476.

154 2965 245 3001 Ven.
261 2967 341 3001 478.
371 2968 429 3004 79.
457 2969 515 3006 83.
537 2969 594 3005 86.
613 2970 670 3007 90.
694 2971 750 3009 92.
768 2970 825 3007 95.
841 2971 900 3006 98.

208 3022 358 3059 Homvr.
382 3025 414 3060 Ι.

937 2053 1036 2088 Flor.
1061 2053 1143 2090 482.
1160 2052 1262 2097 Lips.
1289 2049 1370 2087 492.
1400 2049 1512 2083 Loch.
1537 2047 1620 2083 498.
1644 2065 1692 2072 —-

940 2110 1049 2144 horis.
1059 2111 1148 2147 Mss.
1163 2110 1286 2146 Guelf.
1305 2119 1396 2142 omn.
1406 2107 1510 2142 Dess.
1522 2106 1556 2140 2.
1573 2103 1690 2141 Berol.

941 2171 972 2206 1.
991 2167 1124 2201 Eodem
1139 2167 1238 2202 modo
1253 2165 1358 2200 etiam
1373 2164 1460 2198 alibi
1475 2164 1512 2197 in
1519 2164 1694 2196 membra-

939 2224 993 2258 nis
1012 2224 1161 2258 vetustis
1184 2227 1366 2269 peccatur.
1414 2220 1493 2254 vid.
1511 2220 1620 2253 Drak.
1648 2218 1695 2252 ad

939 2282 1020 2319 Liv.
1034 2283 1065 2325 1,
1085 2282 1180 2324 33,9.
1196 2280 1230 2323 5,
1244 2281 1301 2322 37,
1320 2281 1354 2315 2.
1376 2282 1413 2312 et
1427 2287 1514 2323 quos
1529 2276 1580 2311 ibi
1593 2275 1694 2310 citat.

941 2350 1132 2373 —aurum
1155 2338 1225 2373 Ms.
1241 2335 1363 2370 Jaeck.
1380 2335 1414 2370 4.

988 2397 1034 2430 V.
1064 2398 1096 2432 2.
1119 2397 1155 2431 3.
1203 2405 1320 2428 nosse.
1350 2393 1421 2427 Ms.
1453 2403 1509 2437 ap.
1543 2390 1693 2432 Valart„

940 2453 1014 2487 sine
1031 2453 1136 2488 dubio
1153 2464 1197 2486 ex
1214 2452 1290 2488 Sat.
1309 2452 1343 2494 2,
1360 2451 1394 2493 8,
1414 2449 1471 2484 19.
1489 2448 1606 2483 scisse.
1621 2447 1694 2483 Ms.

939 2510 1061 2544 Jaeck.
1079 2512 1113 2545 6.
1125 2509 1401 2554 —privignum
1419 2507 1490 2541 Ed.
1508 2506 1594 2540 Ven.
1612 2504 1694 2540 483.

944 2587 993 2593 --
1010 2569 1056 2605 V.
1070 2569 1105 2603 3.
1127 2567 1327 2601 Trachane.
1362 2565 1452 2600 MSS.
1470 2564 1589 2601 Guelf.
1612 2563 1644 2596 l.
1658 2561 1694 2598 4.

945 2625 1044 2671 Lips.
1067 2627 1099 2663 1.
1118 2624 1251 2658 Eadem
1266 2622 1443 2657 scribendi
1459 2621 1617 2656 varietas
1631 2621 1696 2655 ob·-

947 2687 1110 2718 servatur
1131 2682 1166 2715 in
1190 2685 1280 2717 vett.
1305 2680 1385 2714 edd.
1405 2681 1504 2726 Virg.
1530 2679 1620 2713 Aen.
1638 2679 1695 2723 12,

945 2741 1026 2776 335.
1044 2740 1090 2773 cf.
1108 2738 1257 2783 Forbig.
1280 2738 1324 2772 ad
1340 2737 1486 2776 Lucret.
1506 2738 1539 2781 5,
1556 2736 1601 2774 29
1614 2748 1693 2783 sqq.

945 2797 1068 2832 Heius.
1086 2796 1129 2830 ad
1147 2796 1254 2834 Ovid,
1273 2795 1388 2830 Trist.
1404 2796 1439 2839 4,
1462 2799 1494 2840 1,
1511 2796 1568 2831 21.
1602 2794 1696 2829 Tra-

947 2866 1048 2892 cane.
1089 2854 1157 2890 Ms.
1175 2854 1295 2888 Guelf.
1311 2855 1345 2889 2.
1371 2852 1470 2899 Lips,
1489 2854 1524 2888 3.
1560 2853 1614 2887 De
1638 2864 1697 2887 or-

947 2910 1157 2958 thographia
1172 2911 1206 2945 h.
1223 2922 1304 2946 voc.
1324 2910 1400 2946 vid.
1421 2910 1530 2945 Drak.
1546 2911 1603 2947 ad.
1614 2910 1696 2945 Liv.

946 2971 1005 3014 37,
1029 2969 1087 3013 33,
1104 2969 1137 3005 3.
1182 2968 1346 3005 wernsd.
1374 2967 1415 3003 P.
1437 2967 1481 3004 L.
1507 2967 1558 3003 M.
1577 2968 1640 3003 lv.
1657 2979 1694 3014 p.

1214 3026 1269 3068 14
1325 3028 1390 3081 (1)
