2028 3268
370 240 450 284 170
481 245 844 283 COMMENTARII
870 246 923 282 IN
950 243 1168 280 HORATII
1196 243 1364 281 EPIST.
1393 243 1604 283 SECUND.
1629 244 1725 282 LIB.
1743 245 1775 282 I.
1830 241 1887 284 64

368 354 532 393 trudunt
562 353 720 393 aliunde
754 367 835 391 non
865 354 1077 405 cognitam.
1133 355 1278 391 Talem
1311 355 1498 392 rusticum
1529 356 1719 406 ignavum
1755 354 1887 406 effigie

369 421 574 473 descripsit
602 420 691 459 Oth.
722 421 892 460 Vaenius
920 421 963 457 in
990 420 1185 457 Emblem.
1212 422 1358 458 Horat.
1390 434 1431 471 p.
1463 422 1533 462 26.
1589 423 1655 459 Ex
1693 420 1755 459 his
1790 421 1886 472 ipsis

369 496 549 540 apparet,
590 501 709 539 quam
746 500 888 538 parum
925 485 990 524 hic
1017 488 1150 525 locum
1177 487 1321 525 habeat
1352 489 1422 524 illa
1456 489 1657 539 Doeringii
1685 487 1734 525 de
1763 488 1888 538 parti-

369 557 457 593 cula
493 552 744 605 comparandi
782 560 826 590 ut
865 555 931 591 vel
966 555 1084 591 sicuti
1122 552 1380 604 intelligenda
1416 555 1658 604 observati03
1703 555 1890 605 exempla

370 623 489 670 enim,
526 634 625 672 quae
656 626 858 670 praeterea
888 620 1000 658 affert
1038 621 1088 658 ad
1124 620 1167 658 id
1194 620 1383 672 loquendi
1413 633 1536 672 genus
1570 623 1652 659 fere
1679 623 1888 672 pertinent,

368 690 411 725 in
441 700 518 739 quo
543 688 714 724 cernitur
742 688 902 738 elegans
929 689 999 725 illa
1029 690 1267 726 Graecorum
1296 695 1333 725 et
1352 689 1583 725 Latinorum
1609 688 1890 739 breviloquen-

368 756 434 803 tia,
463 766 540 804 qua
569 752 678 790 haud
705 766 791 791 raro
821 757 1058 805 appositioni
1087 769 1133 793 ea
1161 756 1221 793 vis
1250 755 1395 791 tributa
1418 761 1488 803 est,
1516 761 1560 792 ut
1581 753 1742 792 haberet
1770 754 1890 792 simul

368 822 671 872 comparationis
700 822 1044 872 significationem,
1083 829 1127 859 ut
1154 822 1236 860 Sat.
1268 823 1305 870 1,
1334 822 1372 870 1,
1404 822 1484 870 99.,
1512 823 1571 859 uti
1598 821 1798 860 verissime
1823 821 1891 871 ju·-

369 887 514 926 dicavit
545 888 826 927 StaHbaumius
855 889 907 926 ad
934 890 1038 927 Plat.
1069 890 1208 940 Symp.
1245 903 1286 940 p.
1317 889 1411 928 159.
1470 891 1628 926 Mecum
1657 889 1800 926 sentire
1827 888 1891 925 vi-

370 955 484 993 detur
519 956 794 1006 sagacissimus
825 958 1003 995 omnium
1042 963 1293 995 venustatum
1331 958 1576 1004 aestimator,
1614 957 1680 993 Fr.
1717 954 1890 1003 Jacobs„

368 1030 505 1074 utpote
545 1024 614 1074 qui
649 1024 848 1074 „plurima
886 1037 1042 1072 eorum,
1087 1036 1187 1075 quae
1216 1025 1451 1074 Doeringius
1493 1022 1544 1060 ad
1571 1021 1613 1059 h.
1642 1023 1673 1060 l.
1704 1023 1890 1070 attulerit,

369 1091 469 1128 falsa
499 1103 584 1128 esse
617 1089 719 1127 dicat
750 1098 790 1127 et
817 1092 987 1127 aliena.“
1011 1110 1069 1120 —-
1095 1104 1134 1128 v.
1163 1089 1231 1130 43.
1260 1091 1463 1136 volubilis,
1499 1092 1555 1127 ita
1584 1088 1658 1128 Od.
1685 1088 1723 1138 4,
1755 1091 1793 1138 1,
1821 1087 1891 1130 40.

368 1171 498 1208 aquas
524 1156 728 1194 volubiles.
788 1159 932 1196 Versus
960 1164 1142 1194 naturam
1171 1170 1296 1209 aquae
1334 1158 1461 1196 verbis
1492 1157 1715 1195 describens
1745 1170 1798 1194 ex
1827 1164 1892 1194 ta-

368 1225 474 1262 libus
504 1230 574 1272 est,
606 1225 734 1275 qualis
763 1225 908 1275 legitur
927 1227 1054 1276 Epist.
1078 1226 1115 1273 1,
1139 1226 1204 1269 10,
1233 1225 1316 1272 20„
1347 1231 1387 1262 et
1412 1227 1460 1262 A.
1481 1226 1527 1262 P.
1559 1225 1624 1264 17.
1681 1225 1748 1262 Sic
1774 1236 1892 1275 supra

368 1304 504 1330 versus
537 1290 601 1331 15.
632 1292 834 1328 celerrime
864 1291 1073 1328 decurrens
1103 1292 1250 1342 optime
1278 1298 1388 1328 notat
1418 1292 1654 1342 populorum
1689 1293 1732 1328 in
1762 1291 1893 1329 diver-

370 1371 433 1396 sas
462 1364 593 1408 partes
623 1358 853 1396 abeuntium
880 1359 1143 1396 mobilitatem
1171 1371 1387 1410 eorumque
1418 1357 1544 1395 calida
1571 1359 1744 1407 consilia,
1775 1371 1894 1410 quem

372 1425 423 1462 ad
451 1424 615 1462 modum
651 1438 689 1463 v.
722 1423 787 1465 14.
831 1423 941 1462 tarde
980 1424 1104 1463 fluens
1133 1439 1284 1477 poenae
1318 1424 1481 1463 Achivis
1521 1423 1773 1463 sustinendae
1802 1437 1894 1475 gra-

370 1494 555 1540 vitatem3
586 1493 628 1529 iu
659 1491 800 1530 eodem
827 1505 993 1529 numero
1021 1490 1226 1543 ponendus
1257 1499 1315 1529 est
1353 1505 1391 1530 v.
1417 1491 1485 1531 31.
1519 1498 1558 1528 et
1586 1492 1751 1529 fortasse
1785 1491 1823 1539 1,
1854 1493 1891 1538 1,

374 1561 439 1600 12.
480 1558 530 1596 ad
568 1572 688 1610 quem
727 1560 860 1597 locum
889 1558 1117 1610 Dorighello
1145 1561 1251 1596 lento
1280 1572 1396 1596 versu
1423 1557 1642 1595 meditandi
1669 1554 1894 1595 tarditatem

372 1627 543 1677 exprimi
571 1625 732 1662 indicat.
789 1626 948 1663 Veteres
977 1627 1209 1676 interpretes
1234 1627 1275 1662 in
1296 1626 1456 1663 Horatio
1482 1630 1616 1675 utpote
1636 1625 1893 1663 versificatore

370 1694 489 1745 paulo
526 1693 812 1742 negligentiore
843 1694 938 1729 talia
977 1706 1057 1730 non
1098 1699 1255 1740 curant,
1295 1705 1522 1743 quanquam
1562 1693 1631 1743 qui
1668 1696 1896 1743 poematum

370 1758 664 1811 pulchritudine
685 1766 893 1796 moventur
908 1761 1127 1795 maximam
1152 1758 1244 1796 inde
1264 1757 1450 1796 hauriunt
1469 1759 1725 1809 voluptatem.
1782 1759 1896 1805 Quod

371 1828 555 1865 Horatius
588 1824 631 1863 h.
657 1827 685 1862 1.
717 1824 766 1862 de
795 1825 969 1874 flumine,
1000 1826 1150 1863 Seneca
1189 1824 1256 1876 (de
1285 1826 1392 1862 brev.
1420 1826 1499 1863 Vit.
1530 1838 1563 1862 c.
1597 1824 1680 1876 10.)
1715 1824 1764 1862 de
1791 1832 1896 1863 tem-

372 1907 466 1946 pore
497 1892 613 1930 dicit:
650 1894 843 1929 Praesens
870 1899 1021 1942 tempus
1037 1893 1194 1943 -suit
1226 1899 1262 1928 et
1281 1893 1571 1942 praecipitatur
1581 1905 1598 1938 ;
1637 1899 1728 1929 ante
1754 1892 1898 1929 desinit

374 1975 453 1998 esse
478 1973 599 2012 quam
629 1961 747 1996 venit.
807 1959 896 1995 Nee
920 1962 1051 2010 magis·
1074 1974 1225 1997 moram
1238 1960 1395 2009 patitur
1413 1972 1535 2009 qaam
1552 1958 1724 1995 mundus
1747 1965 1821 1994 aut
1840 1959 1896 1995 si—

373 2028 486 2073 dera,
516 2039 682 2078 quorum
710 2027 918 2076 irrequieta
944 2040 1093 2077 semper
1119 2028 1284 2078 agitatio
1305 2039 1510 2076 nunquam
1529 2026 1572 2062 in.
1589 2025 1719 2062 eodem
1737 2026 1897 2076 vestigio

373 2101 519 2132 manet.
588 2091 886 2140 Quodammodo
927 2091 1006 2129 huc
1034 2093 1195 2141 faciunt,
1226 2104 1454 2144 quanquam
1495 2093 1572 2130 alio
1602 2105 1733 2141 sensu,
1763 2105 1898 2130 versus

374 2163 574 2214 elegantes
596 2159 726 2198 Ovidii
748 2161 832 2197 Art.
853 2161 893 2208 3,
914 2161 988 2199 62:
1017 2160 1164 2197 Ludite
1170 2175 1186 2207 ;
1217 2166 1309 2196 eunt
1328 2160 1429 2196 anm·
1448 2172 1552 2196 more
1560 2159 1730 2209 fluentis
1752 2171 1893 2210 aquae.

373 2230 462 2266 Nec
481 2241 582 2280 quae
595 2229 816 2278 praeteriit,
839 2228 979 2264 iterum
997 2227 1244 2265 revocabitur
1262 2227 1372 2264 unda
1383 2241 1399 2274 ,·
1429 2226 1533 2272 Nec,
1562 2238 1664 2277 qliae
1679 2225 1898 2274 praeteriit,

375 2296 474 2334 hora
518 2295 642 2332 redire
684 2300 828 2345 potest.
914 2295 1110 2331 Utendum
1163 2301 1219 2331 est
1264 2299 1417 2340 aelate5
1470 2294 1544 2330 cito
1595 2291 1698 2342 pede
1750 2290 1900 2327 labitur

374 2370 496 2401 aetas.
557 2363 725 2413 Egregie
759 2362 878 2399 etiam
900 2361 1084 2399 describit
1110 2361 1297 2411 temporis
1325 2361 1580 2411 fugacitatem
1602 2358 1762 2395 flumini
1789 2370 1898 2395 com-

375 2438 553 2482 paratam
583 2429 696 2467 Ovid.
729 2430 824 2466 Met.
858 2428 922 2476 15,
957 2429 1032 2469 179
1065 2440 1117 2465 SS.
1146 2427 1280 2478 ibique
1309 2425 1430 2464 Bach.
1458 2439 1498 2477 p.
1518 2424 1612 2466 449.
1669 2425 1760 2462 Alia
1787 2424 1900 2462 affert

377 2496 620 2535 Schmidius.

486 2566 534 2603 V.
574 2562 643 2605 44.
699 2563 910 2613 Quaeritur
937 2582 992 2590 —
1019 2560 1198 2597 creandis
1247 2560 1364 2597 Uxor.
1450 2556 1553 2596 Ordo
1598 2558 1898 2595 sententiarmn:

377 2630 575 2679 „Omnino
613 2636 746 2668 autem
782 2628 986 2678 homines,
1029 2635 1067 2665 et
1091 2628 1254 2677 juvenes
1284 2627 1451 2663 Romani
1479 2626 1708 2676 singulatim
1743 2623 1902 2662 student

377 2698 508 2747 potius
538 2699 639 2746 utili,
671 2710 793 2748 quam
813 2694 978 2732 honesto
1007 2707 1038 2732 s.
1068 2695 1296 2745 sapientiae.
1355 2696 1552 2741 Quaerunt
1570 2693 1676 2730 enim
1695 2698 1784 2729 ante
1813 2705 1902 2729 om-

378 2764 446 2799 nia
476 2772 682 2814 argentum
712 2764 892 2810 „Virtus
913 2767 1006 2811 post
1030 2765 1244 2798 nummos“
1273 2761 1517 2798 clamitantes
1536 2782 1592 2789 —
1607 2771 1774 2797 uxorem
1800 2758 1901 2796 bene

381 2828 554 2868 dotatam
592 2839 629 2868 et
659 2830 819 2881 praedia
847 2831 1000 2881 ampla,
1043 2840 1269 2880 quanquam
1307 2840 1378 2864 sua
1416 2834 1519 2865 sorte
1554 2839 1639 2864 esse
1675 2826 1903 2862 contentum

381 2894 563 2935 homines
592 2895 722 2936 reddit
741 2899 919 2936 beatos.“
975 2895 1127 2934 Acerba
1145 2907 1238 2941 vox,
1269 2906 1347 2946 qua
1366 2895 1550 2933 Horatius
1567 2893 1714 2946 ubique
1729 2892 1902 2930 multum
1956 2903 1959 2905 ·
