2028 3268
146 280 226 323 113
304 277 688 318 COMMENTARII
707 278 766 317 IN
785 276 1006 319 HORATII
1024 277 1123 320 LIB.
1146 277 1175 317 1.
1196 275 1361 317 EPIST.
1375 275 1523 316 SEPT.
1600 273 1686 316 385

143 406 210 446 86.
239 404 457 444 hauserunt.
518 403 635 449 Quod
673 404 884 443 rectissime
923 403 1010 442 olim
1051 408 1184 442 contra
1217 402 1447 454 Gyraldum
1474 407 1515 442 et
1541 401 1686 440 Fabri-

144 475 253 511 cium
280 472 504 511 observarat
534 475 756 512 Massonus
781 472 902 524 (Hor.
932 473 1006 511 Vit.
1038 486 1075 523 p.
1106 470 1227 524 13.),
1269 471 1309 511 id
1334 471 1394 511 hic
1422 484 1500 510 non
1527 476 1605 510 tam
1634 470 1684 509 ob

150 541 531 594 Vanderbourgium
541 570 558 589 ,
596 543 709 592 nugis
739 541 877 580 talibus
901 541 1200 592 Scholiastarum
1229 541 1345 580 fidem
1373 542 1437 591 qui
1463 540 1600 590 habet,
1646 544 1687 578 et

64 659 67 662 Ι
142 610 182 651 J.
215 610 276 650 Η.
319 610 506 648 Vossium
534 611 591 663 (in
618 611 718 648 falsa
744 611 842 648 illius
881 610 955 648 loci
982 607 1343 660 interpretatione),
1389 621 1501 660 quam
1538 608 1588 646 ob
1617 620 1687 646 au—

144 678 366 718 ctoritatem
390 679 458 717 viri
484 680 634 729 summi,
661 679 729 717 [4.
753 677 948 724 Jacobsii,
974 678 1030 730 (p.
1055 677 1170 729 119.)
1191 679 1442 728 repetendum
1466 677 1686 715 existimavi.

255 746 302 784 V.
333 747 390 788 60
407 770 455 775 ——
473 746 542 788 64.
577 747 730 784 Scitari
755 769 812 776 -
839 747 984 784 lzorret.
1047 745 1256 797 Philippus,
1284 759 1359 796 quo
1392 745 1463 783 fuit
1489 746 1614 784 animo
1638 745 1690 783 ad

139 815 347 868 jocandum
382 818 586 867 prompt0,
631 828 746 866 quum
780 828 826 853 ex
853 814 1038 852 Demetrii
1075 814 1295 852 narratione
1323 813 1464 852 Volteii
1499 813 1690 865 simplices

143 897 271 923 mores
302 884 579 934 candidumque
608 885 787 932 animum,
815 895 894 919 non
918 882 1194 931 „inhumanum
1221 883 1482 934 praeconem“
1503 883 1604 934 (Cic.
1629 895 1691 934 pr.

144 954 278 999 Quint.
314 952 387 1001 3,,
425 951 512 1003 11.)
548 954 831 1003 perspexisset,
883 949 1075 988 hominem
1109 952 1267 1001 antiqua
1303 952 1442 990 virtute
1484 950 1691 1002 plebejum,

144 1022 287 1072 quippe
317 1021 382 1071 qui
412 1006 489 1058 sibi'
516 1020 666 1071 largam
692 1020 790 1071 jocis
820 1020 1019 1057 materiam
1048 1019 1292 1070 praebiturus
1320 1024 1450 1070 esset,
1494 1031 1694 1057 arcessere

143 1082 327 1128 decrevit.
354 1109 411 1117 --
433 1087 495 1126 De
521 1088 685 1126 formula
703 1088 846 1125 scitari
864 1086 976 1133 libet,
1001 1101 1091 1138 qua,
1122 1088 1213 1139 quid
1235 1087 1346 1126 nobis
1371 1089 1501 1126 facere
1526 1087 1695 1140 placeat,

144 1159 310 1208 utimur,
355 1157 451 1195 dixit
477 1155 632 1195 Peerlk.
671 1157 722 1194 ad
752 1156 829 1194 Od.
859 1156 909 1206 3,
954 1156 1022 1197 25.
1057 1170 1096 1207 p.
1120 1155 1222 1197 340.
1283 1157 1360 1202 Qui
1395 1170 1440 1195 ex
1479 1156 1539 1194 his
1566 1155 1696 1195 verbis

143 1231 357 1275 tonsorem,
386 1237 466 1263 non
489 1225 646 1263 Menam
673 1226 800 1276 ipsum
821 1225 1099 1275 interrogatum
1127 1238 1214 1263 esse
1243 1238 1280 1263 v.
1311 1226 1379 1268 52.
1410 1225 1597 1275 efficiunt,
1624 1237 1696 1263 eos

142 1295 245 1334 fallit
274 1294 488 1344 sententia,
534 1307 631 1344 quae
662 1299 744 1332 est:
785 1320 814 1344 „
826 1306 905 1332 non
932 1293 1023 1331 mihi
1052 1294 1146 1331 satis
1176 1297 1237 1331 est
1264 1307 1310 1331 ex
1339 1298 1378 1331 te
1406 1295 1562 1343 audire,
1608 1292 1697 1331 volo

146 1378 193 1403 ex
225 1364 315 1415 ipso
350 1362 467 1401 Mena
505 1362 743 1413 quaerere.‘⁶
799 1363 865 1400 Sic
906 1363 1021 1400 etiam
1055 1361 1280 1400 Lambinus.
1339 1362 1400 1401 De
1430 1368 1589 1401 tonsore
1624 1375 1697 1401 nec

147 1432 257 1482 vola,
291 1444 364 1470 nec
392 1431 611 1482 vestigium.
642 1454 698 1462 -
720 1429 767 1469 V.
801 1432 868 1472 61.
909 1445 989 1469 non
1011 1444 1135 1478 sane,
1174 1427 1225 1471 οὕ
1254 1428 1386 1480 πάνυ,
1417 1427 1467 1472 ου’
1495 1427 1624 1484 μάλα,
1653 1435 1698 1469 ut

149 1501 234 1539 Cic.
259 1501 310 1538 de
340 1499 453 1537 Orat.
485 1501 524 1550 1,
553 1502 598 1550 2,-
625 1499 667 1540 4.
699 1513 780 1536 non
807 1513 905 1537 sane
933 1501 1034 1537 satis
1061 1498 1264 1536 intellecta
1292 1501 1527 1538 recordatio.
1571 1501 1699 1545 Quam

148 1567 421 1617 Heindorfius
448 1568 498 1606 ad
534 1568 617 1606 Sat.
650 1570 697 1618 2,
729 1568 779 1617 3,
812 1568 908 1609 138.
937 1566 1024 1606 huic
1053 1567 1260 1618 formulae,
1300 1568 1410 1619 hujus
1440 1570 1595 1619 quidem
1623 1568 1699 1605 loci

146 1649 320 1686 memor,
347 1635 484 1674 tribuit
510 1636 848 1687 significationem:
897 1636 1069 1687 „plane
1089 1651 1170 1674 non
1180 1641 1244 1684 ,“
1283 1637 1438 1689 proprie
1466 1650 1545 1675 non
1566 1636 1699 1685 habet,

147 1707 219 1744 sed
247 1718 318 1757 per
347 1705 540 1755 quandam
568 1705 845 1743 contrariorum
872 1705 949 1744 vim
968 1706 1162 1744 interdum
1185 1706 1359 1756 accipere
1387 1706 1552 1744 videtur.
1609 1703 1699 1743 Hoc

146 1774 264 1826 igitur
295 1772 405 1811 loco:
449 1771 561 1822 „Vix
587 1772 705 1812 fidem
739 1772 921 1824 habet‚“
957 1773 1019 1812 vel
1057 1773 1250 1825 „dubitat
1277 1774 1448 1813 Mena.“
1506 1774 1571 1811 Sic
1598 1772 1700 1811 bene

153 1841 367 1881 Giinther:
397 1839 546 1891 „Nicht
570 1845 653 1879 rect
673 1845 778 1880 traut
804 1842 920 1881 Mena
947 1843 1024 1882 den
1051 1843 1258 1882 Worten.“
1315 1843 1498 1881 Similiter
1519 1843 1558 1885 J,
1582 1843 1700 1880 [Πεν-

149 1903 341 1953 kel.'Vid.
371 1909 563 1947 Goerenz.
592 1913 632 1947 et
661 1909 758 1947 Otto
788 1911 838 1948 ad
866 1911 949 1950 Cic.
976 1913 1026 1950 de
1055 1911 1141 1958 Fin.
1166 1915 1217 1962 2,
1255 1912 1332 1963 13,
1363 1911 1432 1953 43.
1491 1913 1618 1951 Beier.
1647 1913 1700 1950 ad

150 1979 235 2016 Cic.
265 1976 382 2014 Offic.
412 1977 466 2026 3,
496 1977 574 2026 10,
605 1974 676 2016 41.
735 1978 904 2029 Herzog.
935 1980 985 2017 ad
1016 1980 1109 2018 Sall.
1136 1981 1224 2018 Cat.
1256 1981 1339 2030 37,
1370 1979 1410 2019 9.
1470 1979 1616 2019 Gernh.
1649 1980 1700 2018 ad

151 2045 236 2083 Cic.
267 2043 356 2082 Cat.
393 2043 484 2092 maj.
521 2056 561 2094 p.
595 2042 692 2083 169.
747 2045 891 2084 Elster.
926 2047 976 2084 ad
1010 2045 1171 2086 Lucian.
1203 2048 1318 2086 Char.
1350 2049 1387 2088 1.
1427 2061 1468 2098 p.
1498 2049 1539 2088 3.
1601 2048 1701 2087 Cum

149 2110 378 2155 Heindorfio
403 2113 534 2149 autem
557 2111 703 2148 faciunt
723 2111 941 2151 Hocheder.
970 2112 1032 2150 hic
1061 2119 1101 2152 et
1120 2115 1172 2152 ad
1193 2114 1240 2153 A.
1263 2114 1307 2154 P.
1331 2116 1429 2157 206.
1488 2113 1618 2152 Peter.
1648 2116 1699 2152 ad

150 2182 235 2220 Cic.
254 2181 366 2219 Brut.
385 2191 425 2229 p.
440 2178 536 2221 280.
595 2177 725 2216 Fabri.
747 2181 798 2217 ad
817 2171 1018 2220 Sall.'Cat.
1043 2183 1111 2231 16,
1140 2182 1181 2223 5.
1213 2187 1253 2220 et
1280 2184 1470 2232 interpres
1490 2183 1535 2220 C.
1552 2181 1698 2220 Passo—

151 2251 254 2288 vius:
283 2247 433 2298 „Nein,
460 2247 621 2284 nimmer
645 2245 805 2286 beredet
827 2248 907 2285 sich
931 2249 1114 2287 Menas.“
1169 2249 1222 2288 At
1248 2250 1351 2289 illam
1378 2251 1698 2301 significationem

155 2315 407 2369 comprobant
435 2316 648 2365 sequentia.
706 2314 917 2365 Postquam
945 2315 1061 2354 Mena
1089 2331 1219 2356 secum
1248 2319 1406 2357 miratus
1435 2323 1495 2357 est
1522 2319 1620 2356 hanc
1647 2319 1700 2356 ad

154 2398 314 2424 coenam
337 2386 378 2422 in
404 2383 522 2422 talem
541 2384 696 2421 domum
722 2384 984 2423 invitationem
1008 2383 1074 2436 (ef.
1091 2384 1217 2424 Plaut.
1242 2384 1330 2425 Aul.
1357 2388 1398 2437 2,
1420 2389 1461 2437 2,
1487 2385 1588 2439 43.)‚
1616 2392 1699 2427 tuin

150 2442 307 2493 vdemum
347 2451 464 2491 rebus
491 2453 603 2503 quasi
632 2452 917 2503 circumspectis
959 2453 1121 2492 honeste
1150 2458 1191 2493 et
1219 2453 1357 2493 blande
1386 2460 1551 2494 recusat.
1610 2456 1699 2493 Be-

156 2523 298 2574 nigne,
322 2524 366 2559 ut
393 2533 511 2572 supra
539 2533 575 2558 v.
610 2521 703 2570 16.‚
734 2520 898 2558 formula
927 2520 975 2558 ab
1003 2522 1049 2559 iis
1074 2523 1259 2574 imprimis
1287 2527 1492 2574 usurpata,
1520 2524 1584 2573 qui
1608 2535 1698 2574 gra-

154 2590 250 2629 tiam
270 2590 456 2627 facientes
483 2589 644 2640 prandio
671 2588 731 2627 vel
754 2602 875 2627 coena
900 2591 955 2627 uti
982 2589 1142 2629 nollent.
1199 2590 1285 2629 Vid.
1313 2590 1475 2630 Taubm.
1500 2592 1551 2629 ad
1570 2590 1696 2630 Plaut.

154 2657 395 2696 Menaechm.
427 2658 468 2707 2,
497 2657 539 2706 3,
569 2656 638 2697 36.
668 2661 707 2695 et
734 2659 798 2708 qui
827 2658 1006 2696 laudatur
1036 2658 1202 2697 Casaub.
1230 2658 1359 2698 Lectt.
1381 2659 1547 2698 Theocr.
1571 2673 1604 2698 c.
1629 2659 1695 2701 16.

155 2737 196 2776 p.
227 2727 326 2769 271.
387 2725 502 2762 conf.
534 2724 655 2763 Orell.
688 2725 835 2777 Opusc.
867 2728 1006 2765 Graec.
1037 2732 1130 2765 vett.
1161 2727 1208 2765 ll.
1247 2740 1286 2778 p.
1317 2727 1414 2768 615.
1483 2728 1559 2773 Qui
1585 2726 1698 2765 heni-

155 2805 237 2844 gne
259 2792 490 2843 Respondet
513 2794 743 2844 conjunctim
771 2796 917 2846 legunt,
949 2808 1032 2833 cum
1059 2794 1272 2844 Lambino,
1304 2795 1368 2844 qui
1396 2796 1450 2834 uti
1481 2795 1698 2848 Herzogius

156 2861 207 2898 ad
229 2859 322 2902 Sall.
346 2860 436 2910 Jug.
464 2862 531 2910 11,
560 2863 597 2902 1.
621 2861 718 2899 hanc
738 2864 944 2902 dictionem
968 2864 1146 2912 illustrat,
1176 2860 1396 2900 liberaliter
1418 2865 1497 2902 sive
1522 2865 1699 2903 humane

158 2927 470 2979 interpretantur.
530 2929 610 2966 Sed
645 2930 760 2968 verba
796 2944 894 2982 quae
923 2934 1134 2981 sequuntur
1162 2929 1259 2969 hanc
1286 2932 1474 2971 rationem
1501 2938 1697 2986 respuunt.

157 2993 203 3034 In
227 2995 287 3034 his
317 2995 514 3048 Philippus
541 2997 787 3038 mirabundus
815 3011 913 3049 quae
943 2997 1015 3036 sibi
1043 3011 1122 3038 non
1149 2999 1320 3051 opinanti
1345 3002 1552 3042 acciderint
1579 3003 1699 3040 inter-

203 3059 352 3097 nonu.
373 3060 402 3096 I.
1277 3065 1332 3107 25
1359 3068 1425 3121 (8)
