2028 3268
346 263 427 304 152
455 265 820 304 COMMENTARII
846 266 900 302 IN
921 265 1140 303 HORATII
1155 266 1322 306 EPIST.
1350 264 1566 308 SEGUND.
1594 270 1694 309 LIB.
1721 273 1752 310 1.
1807 268 1862 311 46

342 375 644 413 semivolucrum
673 373 916 424 puellarum.
989 376 1050 411 De
1086 378 1320 416 creberrimo
1348 391 1425 416 usu
1448 393 1535 418 voc.
1557 381 1794 431 poculorum
1817 382 1861 420 in

341 455 495 480 veneno
516 441 646 479 dando
664 441 811 476 multos
832 441 963 476 attulit
978 441 1084 480 locos
1102 443 1279 482 Broukh.
1297 443 1348 482 ad
1367 446 1462 483 Tib.
1480 447 1519 495 3,
1544 446 1583 495 5,
1607 450 1646 490 9,

452 511 501 547 V.
533 507 602 550 24.
649 507 759 556 Quae
784 507 821 543 si
836 528 892 534 —-
909 505 1077 545 bibisset.
1146 511 1305 548 Biberat
1339 511 1502 564 quidem
1523 515 1666 564 pocula
1707 515 1860 564 Ulixes,

341 582 441 613 teste
465 578 635 612 Homero
660 572 801 624 Odyss.
828 574 894 621 10,
917 575 1036 622 318„
1068 574 1138 612 sed
1163 589 1243 614 non
1267 579 1410 617 stultus
1431 580 1697 632 cupidusque,
1724 587 1862 632 utpote

341 643 534 679 Mercurio
554 640 658 678 dicto
677 639 876 688 obediens,
896 641 1056 693 ejusque
1077 642 1251 681 remedio
1265 647 1550 695 praemunitus.
1591 649 1729 699 Itaque
1748 648 1861 692 socii,

341 708 447 760 quod
475 709 603 746 ventri
633 714 672 744 et
691 706 971 758 cupiditatibus
993 707 1115 746 dediti
1143 711 1325 759 fuerunt,
1350 714 1560 764 remigium
1589 715 1772 751 vitiosum
1798 712 1863 750 di-

340 782 481 811 cuntur
502 777 539 823 1,
566 775 603 822 6,
634 775 715 821 63„
747 774 796 811 cf.
816 775 932 812 Hom.
953 774 1090 827 OdySS.
1111 777 1149 824 1,
1169 779 1210 817 7·
1241 778 1305 825 10,
1326 775 1392 818 46.
1423 780 1488 828 12,
1507 779 1604 820 352.
1627 778 1722 821 417.
1750 781 1860 830 Virg-

338 845 439 880 Aen.
461 844 502 890 7,
534 840 733 881 15—20.
762 840 962 879 Plutarch.
980 843 1145 894 Conjug.
1167 851 1365 895 praecept.
1384 846 1451 883 VI.
1468 859 1509 897 p.
1524 846 1619 887 525.
1647 845 1743 886 Rsk.
1764 843 1862 887 οὐδὲ

338 908 413 964 γάρ
440 906 514 961 τη“ν
540 909 696 961 Κίρκην
721 904 882 958 ὤνησαν
910 908 953 948 οἰ
973 910 1417 963 καταφαρμακευθέντες
1444 906 1531 951 οὐδ’
1548 908 1735 965 ἐχρήσατο
1762 909 1862 965 πρὸς

340 973 457 1019 ου’δὲν
487 971 623 1022 αὐτοῖς
639 972 707 1014 ὑσὶ
727 973 793 1014 καὶ
812 971 920 1022 ὄνοις
939 975 1176 1028 γενομένοις.
1238 975 1314 1017 Τὸν
1335 974 1369 1018 δ’
1390 975 1579 1018 Ὀδυσσέα
1603 978 1702 1020 νόον
1724 978 1861 1029 ἔχοντα

339 1043 405 1084 καὶ
433 1039 605 1083 συνόντα
632 1041 837 1094 φρονίμως
867 1039 1195 1095 ὑπερηγάπησαν.
1253 1045 1438 1082 Similem
1459 1047 1650 1084 sermonis
1687 1047 1860 1084 colorem

338 1110 486 1148 habent
509 1110 628 1148 verba
659 1121 723 1159 ap.
745 1107 859 1147 Ovid.
886 1109 980 1148 Met.
1005 1108 1071 1158 14,
1094 1111 1190 1150 287.
1223 1110 1405 1149 Vidimus
1426 1112 1723 1163 Eurylochum:
1753 1113 1860 1150 solus

337 1179 434 1216 data
453 1176 603 1228 pocula
613 1176 744 1226 jugit.
812 1175 922 1224 Quae
940 1177 1019 1212 nisi
1036 1178 1222 1222 vitasset,
1244 1180 1400 1228 peeoris
1419 1193 1523 1228 pars
1544 1193 1626 1217 una
1643 1193 1853 1217 manerem.

338 1246 462 1283 Nunc
480 1256 632 1296 quoque
649 1242 806 1292 setigeri
823 1248 895 1279 etc.

446 1314 494 1352 V.
515 1311 583 1351 25.
625 1308 710 1347 Sub
735 1309 895 1346 domina
910 1330 966 1337 ——
983 1322 1124 1350 excors.
1189 1312 1393 1363 Bentlejus
1416 1324 1645 1365 quanquam
1669 1325 1756 1350 voc.
1786 1312 1859 1349 do-

337 1381 448 1417 mina
472 1380 514 1415 in
539 1383 654 1415 textu
684 1377 835 1427 posuit,
870 1388 951 1413 non
978 1376 1217 1427 improbavit
1243 1385 1378 1416 tamen
1406 1381 1618 1417 lectionem
1649 1379 1763 1416 ,Diva
1787 1391 1860 1430 pro

336 1449 524 1494 domina;
553 1444 624 1483 sed
650 1445 752 1481 bene
780 1443 968 1488 domina,
999 1456 1122 1491 „nam
1150 1447 1327 1498 quisquis
1354 1447 1576 1484 meretricio
1603 1449 1782 1496 amore‚“
1812 1453 1859 1485 ut

336 1516 540 1553 verissime
572 1513 753 1550 observat
783 1510 1023 1558 Lambinus,
1061 1510 1294 1560 „devinctus
1332 1520 1412 1562 est,
1461 1515 1691 1551 servitutem
1722 1514 1854 1562 servit,

337 1594 504 1632 eamque
523 1578 836 1629 turpissimam-‘⁶
892 1576 1043 1614 Similis
1062 1579 1294 1628 significatio
1319 1587 1378 1618 est
1397 1581 1484 1618 voci
1512 1580 1693 1617 dominus
1710 1580 1794 1618 Sat.
1812 1583 1854 1628 2,

335 1651 376 1697 7,
396 1649 450 1690 75
470 1660 524 1687 ss,
552 1647 606 1687 93
625 1658 676 1682 ss.
707 1644 758 1684 cf.
777 1644 904 1694 Epist.
930 1645 996 1692 16,
1016 1645 1070 1685 63
1092 1658 1144 1686 ss,
1165 1653 1204 1683 et
1224 1647 1366 1688 Stallb.
1397 1646 1448 1684 ad
1473 1648 1575 1687 Plat.
1606 1645 1655 1683 de
1684 1646 1856 1698 Republ.

338 1717 376 1763 1,
404 1715 444 1755 3.
472 1728 512 1765 p.
536 1714 600 1753 13.
658 1713 745 1749 Huc
773 1709 944 1758 accedit,
974 1710 1079 1762 quod
1098 1714 1289 1750 vocabula
1312 1714 1472 1750 domina
1490 1719 1529 1750 et
1553 1713 1734 1750 dominus
1751 1715 1793 1751 in
1812 1727 1856 1751 re

335 1781 524 1820 amatoria
557 1779 712 1831 proprie
740 1783 994 1827 usurpantur.
1050 1778 1115 1816 Sic
1135 1781 1252 1830 Prop.
1278 1781 1319 1828 2,
1353 1782 1419 1829 17,
1448 1781 1513 1820 17.
1540 1779 1744 1817 dominam
1765 1793 1855 1818 mu—

334 1857 417 1885 tare
435 1845 592 1884 cavebo.
651 1844 749 1882 Inde
769 1848 912 1883 servire
931 1853 970 1883 et
986 1859 1121 1883 servus
1137 1845 1302 1884 Amoris
1321 1859 1384 1898 ap.
1405 1845 1578 1883 eundem
1596 1845 1635 1894 3,
1654 1846 1722 1895 25,
1740 1847 1781 1887 3·
1813 1849 1854 1896 2,

335 1916 402 1963 13,
423 1915 492 1954 86.
518 1913 575 1950 ibi
592 1911 728 1949 Barth·
783 1914 982 1964 Imprimis
1005 1914 1137 1949 mariti
1166 1926 1237 1964 per
1265 1913 1476 1951 blanditias
1498 1925 1642 1951 uxores
1675 1913 1855 1951 dominas

331 1982 546 2028 vocabant,
577 1991 654 2031 qua
671 1993 713 2016 re
734 1979 938 2018 observata
958 1978 1052 2017 huic
1077 1981 1164 2017 loco
1186 1993 1258 2018 sua
1276 1980 1482 2031 affulgebit
1498 1981 1584 2020 lux.
1632 1979 1722 2020 vid.
1742 1980 1854 2022 Serv.

333 2048 385 2086 ad
408 2049 518 2098 Virg.
540 2048 641 2086 Aen.
661 2048 700 2095 6,
730 2047 826 2087 397.
858 2048 996 2087 Heius.
1026 2045 1078 2083 ad
1093 2048 1250 2083 Petron.
1271 2047 1339 2087 66.
1366 2045 1529 2084 Ruhnk.
1550 2045 1602 2084 ad
1625 2046 1739 2085 Ovid.
1758 2049 1853 2091 Her.

334 2117 401 2164 13,
427 2116 495 2156 78.
526 2112 646 2152 Jahn.
674 2119 713 2150 et
738 2111 863 2150 Bach.
893 2112 944 2150 ad
973 2113 1089 2151 Ovid.
1116 2115 1212 2154 Met.
1236 2114 1275 2162 9,
1296 2111 1393 2153 466.
1425 2114 1546 2151 Dorv.
1566 2113 1616 2150 ad
1637 2112 1784 2152 Charit.
1811 2127 1852 2165 p.

330 2180 426 2224 242.
454 2181 602 2231 Bb'ttig.
622 2180 757 2218 Sabin.
783 2193 824 2231 p.
842 2180 913 2220 31.
965 2180 1117 2217 Excors
1141 2179 1284 2218 dicitur
1303 2181 1442 2218 Ulixes
1469 2193 1523 2217 ex
1544 2181 1765 2218 multorum
1787 2181 1855 2217 in-

330 2255 548 2300 terpretum
562 2253 718 2296 mente,
748 2253 942 2299 quatenus
970 2248 1044 2285 sub
1072 2247 1232 2284 domina
1256 2247 1387 2296 Circe,
1416 2248 1452 2285 si
1472 2249 1509 2284 ei
1530 2247 1851 2299 obtemperasset,

331 2315 435 2354 nihil
452 2316 578 2353 virilis
601 2315 726 2352 animi
745 2313 971 2364 habuisset,
997 2321 1046 2352 ut
1065 2327 1299 2366 expressum
1320 2314 1371 2351 sit
1385 2313 1487 2352 illud
1505 2316 1665 2352 Homeri
1690 2313 1851 2366 (Odyss-

334 2384 402 2432 10,
428 2381 545 2435 341.)
578 2377 758 2433 ἀνήνορα
785 2383 917 2434 θείης.
983 2380 1240 2419 Marklandus
1279 2387 1413 2418 autem
1446 2381 1598 2418 excord.
1630 2381 1852 2432 significare

332 2451 416 2487 sine
443 2456 595 2494 mente,
623 2450 844 2499 sapientia,
872 2449 1038 2486 stultum
1066 2449 1204 2486 multis
1233 2448 1427 2498 exemplis
1460 2446 1594 2496 docet3
1622 2448 1666 2484 in
1695 2460 1774 2500 qua
1807 2461 1852 2486 re

331 2530 396 2554 me
423 2517 541 2554 facile
567 2515 689 2553 habet
714 2517 1047 2564 consentientem3
1076 2514 1148 2553 sed
1173 2515 1234 2552 vir
1258 2513 1394 2551 doctus
1423 2513 1540 2552 valde
1570 2521 1696 2564 errat,
1725 2527 1852 2567 quum

331 2581 374 2623 h.
386 2584 415 2624 l.
432 2585 599 2621 senserit
616 2585 898 2634 tautologiam:
920 2584 983 2632 „si
994 2583 1132 2621 Ulixes
1148 2581 1291 2618 stultas
1299 2581 1474 2630 bibisset,
1492 2582 1635 2620 suisset
1650 2581 1851 2619 stultus.“

333 2650 508 2700 Conjecit
533 2652 655 2702 igitur
674 2664 801 2687 exsors
821 2651 850 2691 i.
873 2664 908 2691 e.
929 2648 1094 2688 exheres
1124 2648 1403 2697 humanitatis,
1433 2645 1624 2700 ἄκληρος,
1657 2661 1751 2686 cum
1770 2660 1850 2701 qua

332 2729 429 2754 voce
444 2718 487 2753 in
504 2718 659 2768 legIbus
676 2719 818 2756 Atticis
837 2718 1021 2768 conjungi
1042 2714 1190 2768 ἄτιμος,
1212 2714 1325 2753 docet
1342 2713 1568 2752 Marklandi
1587 2715 1850 2766 conjecturam

333 2784 551 2835 approbans
578 2784 843 2828 Eichstadius.
899 2784 1051 2824 Eodem
1074 2784 1157 2821 fere
1175 2782 1295 2821 modo
1318 2783 1498 2822 Valartus
1520 2783 1715 2834 explicat:
1742 2795 1848 2827 „ex-

332 2863 415 2887 sors
431 2856 490 2888 est
514 2852 641 2889 omnis
659 2850 917 2892 humanitatis
938 2859 977 2891 et
993 2864 1130 2892 sensus
1152 2850 1373 2888 communis
1397 2851 1583 2902 expers.“
1633 2846 1719 2887 ‘Sed
1735 2849 1847 2886 nulla

332 2916 485 2969 indiget
505 2916 702 2957 medicina
721 2918 788 2958 hic
803 2921 927 2961 locus.
982 2921 1164 2959 Primum
1183 2931 1286 2970 nego
1307 2919 1350 2955 iu
1362 2917 1565 2957 vocabulis
1583 2915 1696 2954 stulti
1711 2923 1752 2954 et
1778 2929 1845 2953 ex-
