2028 3268
404 280 486 322 372
544 282 914 322 COMMENTARII
943 283 1000 320 IN
1029 281 1251 322 HORATII
1278 281 1426 320 LIB.1.
1446 282 1607 322 EPIST.
1628 283 1771 323 SEPT.
1829 285 1911 327 100

515 405 560 442 V.
590 405 703 443 37-
719 404 786 443 39.
850 403 976 452 Saepe
1002 423 1056 432 ——
1085 403 1224 441 laetus.
1285 405 1500 442 Sententia:
1524 406 1676 454 „Quam
1703 405 1815 456 longe
1841 406 1909 443 ab·

405 473 475 510 sim
499 471 546 508 ab
575 472 658 508 istis
687 471 824 508 divitiis
853 470 1086 520 pluriumque
1117 471 1263 519 studio,
1309 476 1350 508 tu
1375 472 1514 521 optime
1542 473 1642 510 nosti
1665 485 1796 523 meque
1822 477 1910 510 tuae

406 538 616 575 liberalitati
649 541 762 585 atque
786 536 1001 573 humanitati
1037 535 1299 573 beneficiorum
1324 537 1468 574 vinculo
1501 537 1704 587 obligatum
1729 550 1910 588 praesens

405 605 615 652 absensque
639 603 831 652 professus
857 615 960 651 sum,
998 607 1036 639 et
1065 607 1190 639 tamen
1215 604 1406 652 experire,
1447 616 1534 640 num
1562 603 1686 640 laetus
1713 605 1911 642 restituere

405 684 501 720 quae
538 669 674 706 dedisti
714 681 859 718 queam.
874 669 901 692 ‘⁶
966 668 1077 706 Haud
1110 669 1341 707 incommode
1386 669 1612 707 Groebeliue
1647 670 1912 707 sententiarum

406 738 573 773 ordinem
602 736 656 772 sic
686 737 892 772 constituit:
918 735 1032 784 „Hoc
1060 747 1120 772 mc
1148 748 1234 772 vere
1257 740 1295 772 et
1322 749 1366 773 ex
1390 737 1513 774 animo
1534 736 1650 785 loqui,
1677 737 1750 774 scis
1767 740 1824 785 tu,
1849 736 1910 786 qui

406 816 464 840 me
491 804 630 853 optime
656 802 788 838 noris“
811 806 882 838 etc.
939 801 984 838 V.
1006 802 1074 840 37.
1099 802 1380 847 verecundum,
1401 798 1446 840 ut
1467 803 1546 839 Cic.
1569 801 1663 840 Phil.
1685 804 1753 852 12,
1777 802 1818 851 5,
1846 803 1912 842 11.

407 869 770 906 verecundioremne
799 882 932 905 coram
954 875 1147 918 putamus
1175 869 1215 904 in
1234 868 1473 918 postulando
1490 869 1611 919 jore,
1648 881 1768 920 quam
1782 867 1915 919 suerit

406 945 489 974 tum
503 965 518 982 ,
549 951 672 988 quum
693 936 801 972 misit
830 935 1022 971 mandata
1050 934 1108 971 ad
1132 935 1342 972 senatum?
1369 935 1426 974 Ita
1454 937 1633 974 Horatius
1663 935 1739 973 od.
1770 938 1816 984 2,
1846 935 1912 984 18,

409 1007 471 1046 12.
501 1017 571 1040 nee
592 1010 790 1054 potentem
818 1004 991 1038 amicum
1018 1002 1217 1050 Largiora
1242 1003 1419 1053 flagitO,
1467 1003 1575 1040 Satis
1613 1002 1748 1039 beatus
1788 1002 1914 1038 unicis

411 1071 584 1109 Sabinis.
643 1071 753 1107 Conf.
781 1070 903 1119 Epod.
933 1071 970 1117 1,
994 1069 1060 1108 31.
1119 1069 1193 1106 Od.
1219 1069 1260 1118 3,
1293 1070 1358 1118 16,
1390 1070 1455 1111 25.
1481 1071 1549 1110 38.
1605 1070 1686 1106 Sat.
1713 1069 1751 1117 1,
1779 1068 1820 1116 6,
1846 1067 1913 1108 98.

407 1142 455 1187 2,
479 1140 504 1177 6
513 1165 524 1187 ,
555 1136 594 1177 4.
624 1161 680 1165 --
706 1159 756 1166 --
790 1149 931 1186 rexque
954 1142 1157 1185 paterque.
1218 1135 1272 1173 Ut
1293 1137 1422 1185 patri-9
1450 1136 1652 1187 appellatio
1678 1134 1840 1172 caritatis
1869 1145 1915 1170 ac

407 1205 654 1242 verecundiae
691 1204 837 1253 signum
875 1206 934 1239 est
966 1201 1057 1250 (vid.
1086 1202 1132 1238 ad
1157 1202 1204 1250 6,
1244 1200 1352 1252 54.),
1391 1204 1444 1240 ita
1475 1204 1577 1253 regis
1601 1201 1798 1240 clientium.
1855 1200 1917 1238 Ita

405 1273 527 1322 Epist.
558 1273 634 1319 17,
674 1269 741 1311 43.
807 1270 948 1306 Coram
978 1281 1068 1318 rege
1096 1281 1166 1304 suo
1195 1267 1243 1304 de
1262 1276 1500 1319 paupertate
1527 1275 1694 1306 tacentes
1709 1267 1824 1304 'Plus
1843 1266 1916 1318 se-

406 1346 503 1376 rent.
564 1338 678 1375 Mart.
707 1339 753 1386 2,
784 1337 859 1385 68,
895 1337 934 1374 1.
999 1335 1116 1383 Quod
1140 1341 1176 1370 te
1204 1335 1358 1372 nomine
1372 1339 1468 1383 jam
1496 1344 1562 1374 tuo
1589 1334 1745 1380 saluto,
1792 1334 1916 1383 Quem

405 1418 536 1456 regem
564 1412 599 1440 et
626 1404 828 1441 dominum
846 1403 963 1451 prius
988 1401 1180 1438 vocabam
1208 1405 1280 1438 etc.
1339 1402 1394 1440 Id.
1423 1402 1470 1452 5,
1502 1403 1578 1452 19,
1611 1402 1675 1442 13.
1731 1401 1916 1438 Luxuria

406 1480 480 1518 est,
507 1471 725 1521 tumidique
747 1475 891 1506 vocant
913 1468 1009 1505 haec
1035 1482 1200 1505 munera
1228 1481 1348 1518 reges.
1405 1469 1463 1507 Id.
1493 1467 1534 1518 4,
1564 1466 1631 1518 84,
1657 1467 1696 1508 5.
1758 1467 1917 1514 80ῖίίοὶ-

407 1548 469 1576 tus
505 1539 629 1575 donas
643 1553 654 1574 :
705 1537 907 1574 dominum
941 1548 1146 1586 regemque
1181 1534 1349 1575 salutas.
1410 1535 1571 1574 Tertull.
1608 1536 1693 1573 adv.
1733 1534 1915 1572 Marcion.

405 1609 457 1655 2,
491 1608 558 1647 22.
595 1606 631 1641 si
664 1603 784 1640 cliens
818 1593 934 1639 dilui
969 1610 1041 1639 aut
1067 1603 1152 1653 regi
1180 1607 1252 1639 etc.
1310 1601 1392 1640 Vid.
1432 1615 1527 1652 quos
1558 1603 1628 1640 hac
1662 1603 1709 1640 de
1741 1614 1783 1639 re
1811 1601 1916 1651 larga

406 1684 516 1709 manu
545 1671 786 1720 suppeditant
812 1669 976 1706 Schmid.
1007 1673 1054 1708 ad
1082 1671 1119 1707 h.
1150 1670 1175 1707 l.
1207 1668 1370 1706 Seebod.
1400 1671 1437 1706 in
1465 1669 1714 1718 ,‚Scholien“
1752 1668 1781 1705 I.
1808 1681 1847 1718 p.
1876 1669 1916 1708 8.

406 1759 462 1765 —-
485 1737 654 1773 Audisti
681 1749 830 1780 coram,
860 1741 900 1773 ut
928 1736 992 1784 16,
1022 1739 1088 1777 17.
1119 1742 1157 1773 et
1183 1735 1320 1772 Graeci
1349 1730 1526 1774 οἷκουέιν.
1588 1735 1698 1772 Conf.
1722 1733 1855 1772 Lamb.
1879 1739 1918 1772 et

407 1804 571 1843 Schmid.
600 1824 653 1830 —
682 1801 796 1839 verbo
818 1804 1004 1851 porcine,
1030 1808 1071 1840 ut
1099 1803 1257 1840 Terent.
1285 1801 1434 1839 Phorm.
1471 1803 1509 1850 1,
1540 1799 1580 1850 4,
1611 1803 1678 1844 20.
1708 1801 1823 1839 verbo
1851 1815 1919 1839 ex-

400 1870 515 1921 pedi,
545 1870 646 1918 quod
675 1869 833 1906 barbare
863 1869 990 1907 dicunt
1015 1883 1092 1907 uno
1122 1869 1250 1906 verbo.
1293 1890 1349 1896 -—
1392 1867 1436 1904 V.
1462 1867 1530 1906 39.
1588 1867 1747 1918 Inspice
1775 1890 1829 1896 ——
1855 1881 1919 1905 re-

405 1949 560 1988 ponere.
621 1936 729 1973 Hanc
768 1935 1043 1974 similitudinem
1076 1936 1304 1973 Schmidius
1340 1938 1443 1971 recte
1479 1946 1502 1970 a
1535 1934 1664 1971 codice
1704 1936 1848 1985 accepti
1880 1940 1920 1973 et

409 2003 562 2054 expensi
593 2006 776 2051 sumptam
813 2003 986 2051 opinatur
1010 2004 1047 2039 in
1077 2016 1157 2040 eam
1183 2016 1263 2039 rem
1287 2003 1334 2039 de
1365 2000 1480 2038 verbo
1509 2000 1742 2050 respiciendi
1762 1999 1918 2038 laudans

410 2071 505 2108 Plin.
526 2069 649 2118 Epist.
675 2069 740 2116 10,
765 2069 831 2107 57.
853 2066 954 2118 (49.)
983 2074 1021 2106 et
1049 2070 1096 2106 de
1126 2083 1161 2105 v.
1182 2068 1395 2118 reponendi
1420 2071 1571 2117 praeter
1598 2067 1703 2105 locos
1726 2067 1806 2116 jam
1835 2066 1921 2104 olim

410 2138 582 2174 laudatos
606 2134 727 2171 Plaut-
759 2133 864 2170 Pers·
893 2135 930 2182 1,
962 2135 1007 2182 1,
1031 2135 1098 2175 38.
1157 2137 1290 2173 Senec.
1318 2136 1365 2173 de
1389 2134 1554 2172 Benefic.
1587 2130 1635 2182 4,
1667 2133 1734 2175 32.
1766 2133 1850 2172 Juv.
1881 2135 1920 2183 1,

415 2207 454 2244 1.
484 2202 590 2254 (ibiq.
617 2198 766 2249 Heinr.)
822 2200 955 2236 Senec.
986 2202 1033 2238 de
1059 2202 1108 2239 Ir.
1137 2204 1175 2251 1,
1204 2203 1243 2242 3.
1275 2201 1420 2238 doloris
1446 2200 1675 2250 reponendi,
1702 2199 1764 2237 ubi
1791 2201 1830 2238 in
1857 2212 1921 2237 ea—

413 2273 499 2308 dem
528 2282 568 2306 re
591 2267 768 2306 Lactant.
797 2267 843 2303 de
868 2267 916 2304 Ir.
975 2267 1046 2305 Dei
1079 2269 1145 2308 17.
1171 2268 1420 2319 rependendi.
1482 2266 1590 2304 Adde
1614 2267 1708 2305 Tac.
1730 2266 1828 2305 Ann-
1855 2269 1922 2317 16,

416 2338 480 2377 13.
511 2343 557 2372 ut
585 2336 733 2371 amissa
761 2331 850 2368 urbi
876 2342 1117 2381 reponerent,
1145 2350 1267 2387 quam
1283 2336 1495 2385 pecuniam
1517 2333 1806 2383 Lugdunenses
1832 2341 1924 2371 ante

414 2402 635 2441 obtulerant
655 2399 823 2437 turbidis
843 2399 998 2436 casibus
1005 2415 1022 2447 ;
1054 2402 1188 2440 Senec.
1208 2403 1331 2453 Epist.
1350 2402 1418 2441 81.
1478 2398 1686 2437 Particulae
1707 2401 1744 2436 si
1759 2413 1842 2438 cum
1859 2401 1923 2438 Iu-

416 2470 574 2507 dicativo
590 2470 741 2518 junctae
757 2478 864 2502 usum
880 2466 1044 2516 pluribus
1067 2469 1229 2506 vindicat
1241 2469 1340 2505 idem
1349 2467 1404 2503 vir
1427 2466 1480 2513 d.‚
1501 2466 1598 2502 adde
1608 2465 1771 2505 Ellendt.
1782 2469 1830 2505 ad
1842 2467 1920 2505 Cic.

416 2538 523 2574 Brut.
544 2533 612 2584 49,
636 2531 728 2574 184.
758 2531 914 2582 Forbig.
937 2534 985 2571 ad
1006 2534 1107 2584 Virg.
1123 2535 1217 2572 Aen.
1233 2538 1270 2584 1,
1293 2535 1388 2574 577.
1446 2531 1550 2569 Diss.
1572 2533 1621 2569 ad
1631 2531 1720 2570 Tib.
1735 2533 1776 2583 3,
1799 2534 1838 2582 1,
1857 2533 1922 2573 19.

528 2602 572 2639 V.
601 2600 656 2641 40
676 2623 731 2628 —-
751 2598 818 2639 44.
874 2601 1007 2637 IIaud
1029 2602 1133 2638 male
1155 2623 1211 2631 —-
1234 2601 1467 2650 relinquam.
1527 2599 1650 2643 Quam
1678 2599 1822 2645 laetus,
1847 2600 1872 2637 i.
1888 2611 1922 2637 e.

419 2681 529 2719 quam
561 2681 647 2705 vere
675 2668 894 2716 sincereque
917 2667 1008 2704 illud
1038 2670 1086 2706 sit
1123 2669 1312 2715 facturus,
1361 2670 1492 2715 utpote
1523 2666 1581 2702 cui
1611 2678 1833 2716 persuasum
1860 2665 1924 2714 sit,

421 2748 515 2785 quae
545 2737 626 2784 quis
655 2747 743 2771 suae
772 2739 926 2771 naturae
949 2747 1025 2772 non
1054 2735 1249 2772 convenire
1280 2733 1520 2783 cognoverit,
1564 2743 1610 2769 ea
1632 2732 1824 2782 sequenda
1848 2744 1924 2769 non

422 2815 529 2850 esse,
554 2802 630 2850 jam
657 2800 872 2838 Telemachi
902 2802 1070 2852 exemplo
1094 2801 1291 2851 significat.
1350 2799 1465 2836 Conf.
1492 2798 1558 2836 Fr.
1588 2798 1740 2837 Jacobs.
1764 2811 1802 2849 p.
1828 2798 1922 2839 115.

423 2892 478 2898 —
502 2868 548 2905 V.
565 2865 632 2907 40.
656 2868 858 2916 patientis·
887 2866 1163 2915 πολυτλάντος,
1193 2861 1504 2918 πολυτλήμονος,
1532 2865 1834 2917 ταλασίφρονος.
1861 2864 1926 2901 Sic

422 2935 546 2986 Epod.
573 2936 638 2982 17,
666 2935 730 2973 16.
761 2933 988 2975 laboriosus.
1051 2935 1234 2987 Epithetis
1260 2935 1356 2973 enim
1375 2933 1566 2984 perpetuis
1589 2932 1627 2970 id
1652 2933 1751 2983 quod
1771 2931 1925 2970 maxime
