2028 3268
454 238 508 280 99.
591 241 954 279 COMMENTARII
981 242 1036 278 IN
1063 241 1282 279 HORATII
1310 242 1479 280 EPIST.
1507 244 1647 282 PRIM.
1674 246 1779 286 LIB.
1801 247 1831 284 Ι.

454 350 524 390 sed
549 365 651 389 unus
678 350 866 402 idemque
893 348 1013 387 homo
1042 350 1203 401 fingitur
1231 353 1306 388 sibi
1331 354 1408 404 ipsi
1439 351 1707 392 contradicens
1733 368 1804 406 pro
1834 369 1965 396 rerum

454 418 702 466 conditione,
730 430 809 469 qua
834 424 900 454 aut
921 417 1128 467 conjugem
1143 416 1262 455 habet
1283 427 1350 456 aut
1368 433 1448 456 non
1464 418 1596 469 habet,
1617 421 1672 470 id,
1692 420 1799 473 quod
1818 422 1966 460 indicat

453 500 492 524 v.
511 487 578 526 82.
617 487 852 535 Quanquam
870 484 986 521 facile
1016 483 1250 522 crediderim
1262 515 1272 534 ,
1303 487 1511 524 Horatium
1528 488 1570 524 in
1589 486 1663 524 hac
1683 489 1787 525 vitae
1808 489 1965 525 coelibis

454 552 571 590 laude
602 557 802 601 corruptos
831 552 894 588 sui
917 551 1003 588 aevi
1022 564 1151 589 mores
1171 554 1347 588 maxime
1370 560 1579 603 spectasse.
1619 556 1779 590 Etenim
1798 555 1966 592 coelibes

453 620 636 658 vivebant
668 618 855 668 permulti
887 618 994 668 iique
1023 619 1099 654 viri
1131 620 1307 670 alioquin
1337 618 1628 670 honestissimi,
1667 618 1784 670 (tales
1806 623 1912 657 enim
1930 629 1967 658 et

454 686 593 724 divites
629 691 667 721 et
696 683 908 724 honoratos
937 685 1102 722 Poetam
1128 687 1321 737 imprimis
1362 687 1609 724 intellexisse
1639 685 1754 723 docet
1775 687 1967 736 pauperis

452 755 602 791 mentio
622 765 662 789 v.
683 752 751 791 91.
770 750 905 802 facta),
934 758 1169 802 quapropter
1185 754 1386 803 Augustus
1408 766 1443 790 a.
1461 755 1508 791 U.
1528 753 1623 794 736.
1642 753 1773 802 legem
1799 750 1968 803 (Iuliam

452 821 500 858 de
519 818 756 856 maritandis
778 815 998 868 ordinibus)
1029 820 1184 868 posuit,
1215 832 1293 870 qua
1327 827 1364 856 et
1389 821 1564 871 praemia
1591 825 1630 856 et
1649 832 1796 870 poenas
1826 817 1967 856 distin-

453 893 600 937 gueret.
630 885 720 925 Vid,
739 886 909 936 interpp.
935 882 987 920 ad
1010 884 1054 921 C.
1073 885 1113 922 S.
1143 887 1208 926 17.
1246 887 1356 936 Lips.
1378 889 1476 924 Exc.
1498 886 1548 924 ad
1569 887 1667 924 Tac.
1691 886 1794 923 Anu.
1813 886 1861 934 3,
1885 885 1967 934 25„

452 955 526 990 Dio
548 953 653 989 Cass.
674 950 751 999 54,
785 954 850 992 16.
872 958 911 988 et
933 963 1031 1002 quos
1060 958 1261 1002 praeterea
1283 952 1419 990 laudat
1451 954 1648 989 Zimmern
1666 953 1708 988 in
1733 950 1967 988 Geschichte

453 1021 522 1058 des
539 1022 654 1057 Rom.
672 1017 936 1055 Privatrechts
959 1020 989 1055 Ι.
1011 1032 1049 1069 Ρ.
1073 1021 1153 1059 110
1172 1032 1231 1071 sq.
1250 1020 1330 1060 631
1346 1042 1394 1048 —-
1407 1018 1475 1060 34.
1498 1043 1555 1049 —
1586 1019 1709 1055 lectus
1727 1017 1900 1068 genialis
1926 1019 1966 1054 in

453 1089 550 1125 atrio
575 1088 748 1138 positus,
779 1084 872 1122 inde
890 1083 1096 1121 Arnobius
1116 1083 1206 1122 adv.
1229 1086 1345 1124 Gent.
1366 1089 1414 1126 Π.
1436 1102 1475 1138 Ρ.
1497 1088 1562 1127 91.
1584 1085 1644 1124 ed.
1656 1086 1830 1123 Sahnas:
1869 1084 1969 1121 Cum

452 1156 494 1191 in
509 1153 762 1191 matrimonia
781 1153 1011 1197 convenitis,
1039 1158 1131 1202 toga
1154 1154 1323 1190 sternitis
1342 1154 1503 1191 lectulos
1520 1161 1557 1190 et
1573 1154 1806 1190 maritorum
1825 1151 1968 1187 Genios

451 1221 656 1259 advocatis
666 1234 681 1266 ;
711 1218 762 1256 ad
786 1231 906 1270 quem
924 1219 1058 1256 locum
1078 1216 1158 1255 vid.
1178 1218 1363 1257 Elmeuh.
1381 1234 1422 1271 p.
1457 1220 1548 1260 101.
1579 1217 1738 1257 Herald.
1755 1231 1795 1268 p.
1818 1218 1910 1258 119.
1930 1223 1968 1254 et

452 1301 550 1340 quos
565 1285 730 1324 laudant
749 1287 989 1331 Torrentius,
1009 1284 1232 1322 Schmidius
1245 1285 1348 1323 adh.
1361 1287 1402 1334 l.,
1428 1287 1574 1324 Graev.
1592 1285 1642 1323 ad
1653 1286 1731 1322 Cic.
1742 1297 1799 1334 pr.
1811 1284 1966 1321 cluent.

452 1358 490 1405 5,
514 1354 577 1396 14.
595 1362 632 1392 et
651 1354 714 1392 W
711 1353 849 1390 iistem.
873 1351 924 1390 ad
932 1354 1065 1391 Palast
1090 1351 1158 1390 des
1171 1353 1341 1391 Scaurus
1360 1360 1434 1390 etc.
1451 1368 1490 1404 p.
1502 1353 1566 1394 58.
1578 1383 1587 1401 ,
1618 1351 1718 1389 adde
1727 1351 1967 1402 Lips.Elect.

453 1427 475 1465 1
490 1453 499 1471 ,
527 1425 606 1471 17„
637 1423 727 1460 Juv.
750 1422 789 1468 6,
811 1423 898 1468 22„
929 1421 1040 1458 Serv.
1059 1419 1110 1456 ad
1128 1422 1233 1470 Virg.
1253 1421 1351 1460 Aen.
1366 1422 1411 1468 6,
1434 1421 1528 1460 603.
1543 1447 1553 1467 ,
1581 1420 1741 1456 Festum
1762 1431 1802 1468 p.
1814 1419 1882 1458 70.
1904 1415 1966 1454 ed.

451 1489 634 1527 Lindem.
656 1489 833 1538 aliosque
851 1488 894 1524 in
911 1486 973 1526 ed.
991 1488 1030 1527 1.
1046 1501 1086 1538 p.
1099 1487 1166 1527 75.
1192 1486 1394 1534 laudatos3
1425 1499 1545 1538 quare
1562 1498 1642 1523 non
1657 1482 1844 1521 audiendi
1863 1490 1966 1532 sunt,

453 1558 522 1608 qui
532 1554 721 1606 genitalis
733 1554 848 1591 scribi
859 1554 1008 1603 jubent.
1022 1553 1116 1603 [vid.
1127 1555 1297 1604 Boettig.
1306 1555 1405 1590 Exc.
1422 1554 1549 1601 „Was
1561 1551 1684 1588 heisst
1696 1551 1817 1587 lectus
1823 1551 1967 1600 genia—

452 1623 502 1659 lis
513 1624 555 1658 in
566 1621 662 1657 aula
672 1620 692 1656 ‚9
703 1623 727 1641 “
757 1622 798 1656 in
807 1621 882 1656 Die
892 1619 1136 1657 Aldobrand.
1148 1619 1297 1658 Hochz.
1313 1633 1353 1670 p.
1377 1618 1456 1660 124
1468 1633 1527 1671 sq.
1541 1617 1630 1668 Bk.]
1647 1617 1914 1655 IdemArnob.
1929 1615 1966 1656 4.

451 1703 490 1740 Ρ.
505 1686 595 1728 140.
611 1700 684 1723 usu
688 1715 702 1732 ,
706 1687 825 1738 farre
826 1716 842 1733 ,
857 1687 1094 1736 coemptione
1099 1687 1271 1738 genialis
1283 1687 1420 1723 lectuli
1429 1692 1676 1723 sacramenta
1687 1685 1961 1722 condicunt.—

451 1758 498 1795 V.
518 1755 584 1794 89.
602 1757 733 1802 jurat.
795 1753 957 1791 Ovidius
977 1755 1070 1794 Met.
1092 1755 1139 1801 8,
1159 1753 1227 1793 31.
1249 1753 1297 1790 de
1318 1754 1451 1804 Scylla
1472 1754 1513 1789 in
1533 1753 1654 1788 simili
1674 1753 1967 1802 perturbatione

452 1821 699 1860 affirmandi:
738 1821 805 1858 Sic
839 1820 1041 1857 Phoebum
1067 1821 1234 1870 sumptis
1256 1819 1428 1867 jurabat
1457 1827 1561 1856 stare
1590 1820 1758 1869 sagittis.
1794 1841 1844 1846 —
1875 1818 1968 1855 bene

451 1903 543 1927 esse.
577 1889 721 1939 „Origo
739 1887 945 1935 formulae,
966 1885 1074 1939 quod
1093 1887 1157 1924 cui
1178 1889 1310 1924 omnia
1327 1886 1500 1924 secunda
1517 1887 1678 1934 vellent,
1706 1887 1741 1922 ei
1758 1898 1967 1936 precaren—

450 1964 535 2004 tur,
567 1955 658 1992 bene
675 1968 764 1991 esse.
780 1959 815 1977 “
844 1953 1038 1991 Ehrhard.
1063 1952 1113 1990 ad
1136 1955 1293 1992 Petron.
1311 1952 1378 1995 34.
1409 1955 1572 1991 Terent.
1593 1952 1668 1992 Ad.
1692 1953 1715 1992 1
1729 1981 1739 2000 ‚
1763 1953 1785 1991 1
1799 1981 1809 1999 ,
1832 1954 1858 1991 7
1878 1964 1966 2004 sqq.

459 2024 582 2068 Uxor,
610 2023 646 2059 si
664 2035 800 2066 cesses,
829 2028 901 2058 aut
928 2028 963 2057 te
984 2034 1120 2058 amare
1138 2022 1287 2070 cogitat
1299 2020 1390 2057 Aut
1406 2028 1478 2057 tete
1497 2021 1626 2056 amari
1645 2025 1718 2055 aut
1741 2025 1879 2067 potare
1895 2025 1968 2054 aut

450 2091 583 2127 animo
609 2088 769 2140 obsequi
801 2089 858 2125 Et
883 2087 956 2124 tibi
984 2087 1078 2124 bene
1102 2100 1202 2132 esse,
1230 2086 1306 2123 soli
1331 2101 1453 2138 quum
1478 2086 1555 2124 sibi
1575 2088 1626 2123 sit
1651 2085 1768 2122 male.
1828 2085 1964 2124 Senec.

450 2158 575 2208 Epist.
593 2157 659 2195 92.
724 2155 832 2204 Quid
858 2169 947 2206 ergo
979 2153 1169 2192 dubitatis
1196 2154 1321 2191 dicere
1347 2153 1440 2191 bene
1466 2167 1544 2190 esse
1567 2153 1719 2190 homini
1726 2180 1741 2197 ,
1771 2153 1808 2188 si
1825 2151 1966 2202 palato

452 2224 545 2260 bene
565 2230 633 2260 est.
692 2223 783 2259 Alia
803 2223 987 2274 exempla
1004 2220 1259 2272 suppeditant
1281 2221 1418 2257 Lamb.
1450 2227 1489 2257 et
1507 2218 1649 2257 Heind.
1676 2217 1726 2255 ad
1746 2219 1827 2256 Sat.
1844 2221 1870 2257 2
1884 2247 1894 2267 ,
1925 2220 1965 2267 2,

453 2293 547 2332 120.
605 2290 666 2327 Cf.
688 2288 815 2328 Hand.
835 2291 953 2327 Turs.
970 2290 1022 2328 II.
1042 2302 1080 2338 p.
1102 2288 1140 2328 5.
1197 2285 1351 2324 Eodem
1379 2300 1498 2324 sensu
1517 2285 1688 2336 pulchre
1715 2298 1793 2321 esse
1822 2285 1905 2323 Sat.
1927 2287 1965 2334 2,

450 2360 498 2405 8,
524 2358 588 2398 19.
625 2357 743 2407 Vulp.
773 2354 826 2402 ad,
845 2356 987 2393 Catull.
1013 2356 1093 2404 23,
1115 2354 1155 2394 5.
1184 2352 1281 2390 Inde
1305 2354 1454 2390 factum
1485 2352 1659 2400 videtur,
1689 2357 1732 2387 ut
1765 2350 1887 2387 bonae
1907 2365 1967 2388 res

451 2425 673 2462 dicerentur
702 2436 913 2460 coenarum
933 2423 1111 2459 lautitiae
1133 2427 1171 2458 et
1202 2434 1302 2472 quae
1329 2419 1381 2457 ad
1412 2432 1476 2456 eas
1496 2419 1713 2470 pertinent,
1748 2424 1793 2454 ut
1811 2419 1965 2456 Lucret.

450 2494 499 2540 3,
539 2493 660 2533 1016.
705 2489 791 2528 vid.
823 2489 1046 2526 Mitsclzerl.
1083 2490 1126 2525 in
1155 2488 1341 2537 Catalogo
1375 2488 1501 2523 Lectt.
1539 2486 1657 2525 Univ.
1698 2485 1756 2522 lit.
1791 2485 1965 2535 Gotting.

453 2556 686 2599 1833—34.
712 2579 767 2586 —-
803 2558 1018 2608 Reliquum
1043 2563 1119 2603 est,
1146 2561 1210 2602 ut,
1240 2552 1347 2605 quod
1366 2555 1409 2589 in
1427 2553 1679 2589 annotatione
1705 2552 1837 2588 critica
1863 2550 1915 2588 ad
1930 2565 1966 2590 v.

451 2627 520 2666 87.
539 2624 868 2676 significavimus,
886 2622 952 2660 hic
963 2623 1122 2660 uberius
1138 2621 1326 2658 dicamus.
1355 2620 1448 2667 Qui,
1468 2626 1512 2655 ut
1535 2618 1811 2663 Lehmannus,
1829 2618 1967 2655 Bauer

453 2692 598 2742 aliique
621 2698 711 2742 post
729 2691 827 2728 aula
850 2698 907 2728 est
923 2687 1189 2739 interrogandi
1205 2688 1364 2738 signum
1379 2686 1552 2737 positum
1570 2685 1730 2733 volunt,
1757 2697 1839 2722 non
1860 2684 1966 2736 apud

452 2772 493 2796 se
510 2765 761 2809 reputarunt,
792 2756 944 2810 aliquid
962 2758 1005 2794 in
1031 2756 1175 2794 talibus
1200 2755 1419 2791 enunciatis
1446 2753 1542 2804 poni
1565 2752 1631 2789 vel
1659 2752 1784 2799 sumi,
1813 2763 1866 2788 ex
1887 2763 1965 2802 quo

453 2824 562 2862 aliud
582 2823 678 2876 quid
700 2825 894 2863 efficiatur
910 2825 976 2864 vel
997 2830 1204 2876 sequatur,
1233 2828 1279 2859 ut
1297 2834 1334 2860 v.
1356 2821 1423 2860 28.
1445 2820 1512 2860 33.
1531 2818 1599 2859 57.
1630 2825 1668 2856 et
1698 2817 1740 2855 h.
1755 2818 1783 2855 l.
1840 2816 1901 2855 cf.
1925 2819 1964 2866 6,

452 2893 520 2933 31.
540 2892 638 2944 ibiq.
659 2889 859 2941 Schmid.,
890 2893 968 2941 16,
989 2889 1069 2941 54.)
1097 2890 1180 2930 Sat.
1198 2890 1246 2939 2,
1271 2887 1319 2937 3,
1339 2888 1434 2927 292.
1489 2884 1570 2924 Sed
1588 2885 1663 2924 viri
1687 2883 1902 2923 doctissimi
1922 2884 1964 2920 in
