2028 3268
415 263 468 306 78
551 266 916 304 COMMENTARII
943 267 996 304 IN
1023 266 1242 304 HORATII
1269 264 1441 303 EPIST.
1469 266 1610 306 PRIM.
1636 267 1736 303 LIB.
1767 268 1798 304 Ι.

409 391 517 428 gara
528 377 688 427 pallent
701 391 717 422 ,·
747 375 797 412 ad
819 377 936 414 illum
955 377 1088 415 locum
1109 375 1191 414 vid.
1215 388 1312 427 quos
1336 374 1471 414 laudat
1493 376 1536 413 C.
1561 376 1726 414 Mallem
1749 378 1792 414 in
1813 377 1927 414 Com—

414 451 574 482 mentat.
607 444 655 480 de
683 443 756 479 loc.
789 442 941 492 aliquot
969 443 1062 479 Juv.
1101 443 1213 493 Spee.
1253 444 1290 482 1.
1324 456 1365 493 p.
1406 443 1446 481 9.
1482 441 1725 493 (Hamburg.
1761 441 1927 492 1831.),

415 518 454 548 et
482 510 531 548 de
563 511 682 548 verbo
711 508 957 558 pallescendi
984 510 1026 545 in
1054 507 1128 546 hac
1159 523 1200 546 re
1230 511 1372 547 usitato
1403 509 1578 546 Meister.
1623 508 1672 546 ad
1700 511 1808 546 Pers.
1841 508 1925 546 Sat.

415 579 456 617 4.
491 576 599 626 Traj.
634 574 686 612 ad
713 575 846 614 Viadr.
873 575 994 615 1807.
1030 588 1071 626 Ρ.
1100 574 1155 615 64
1174 589 1263 627 sqq.
1312 576 1526 613 Democrit.
1555 574 1646 627 (ap.
1676 576 1796 614 Orell.
1821 576 1854 611 Ι.
1885 588 1926 624 p.

414 644 483 684 96.
516 656 577 679 m·-
609 642 701 694 31.)
729 643 855 693 Δίκης
872 643 1011 691 κῦδος,
1042 638 1204 694 γνώμης
1221 639 1377 694 θάρσος
1398 641 1466 681 καὶ
1487 638 1684 693 εὖθυμίη,
1713 637 1870 691 ἀδικίης
1887 637 1931 679 δὲ

415 711 530 760 δεῖμα
561 709 771 760 ξυμφορῆς
800 707 942 761 τέρμα,
980 708 1049 744 ubi
1087 709 1256 747 Orellius
1291 710 1551 747 Horatianum
1588 710 1723 747 locum
1761 707 1926 746 confert.

414 775 643 814 Secundum
671 777 854 812 Biantem
883 773 996 826 (ibid.
1018 788 1057 825 p.
1075 774 1166 815 184.
1184 789 1242 814 nr.
1258 776 1341 827 19.)
1362 783 1421 813 est
1439 772 1542 828 ὀρθὴ
1565 775 1805 825 συνείδησις,
1829 786 1929 826 quae

414 846 509 881 facit
523 840 589 883 τὸν
604 843 696 895 βίον
721 839 890 894 ἄφοβον.
919 843 1027 878 Bene
1049 843 1167 878 etiam
1183 842 1445 894 Demophilus
1472 841 1585 892 (ibid.
1605 855 1643 892 p.
1662 842 1731 882 38.
1748 855 1807 879 nr.
1823 841 1929 893 16.):

414 907 604 960 αὔταρκες
635 906 678 948 δὲ
697 905 797 958 πρὸς
827 904 992 955 εὕζωΐαν
1017 905 1062 948 *to*
1089 907 1212 960 μηδὲν
1241 905 1412 959 ἀδικεῖν,
1442 916 1481 946 et
1506 911 1702 960 Diogenes
1729 905 1800 958 (ib.
1823 909 1872 946 ΙΙ.
1891 921 1930 959 p.

414 979 482 1017 68.
512 989 572 1012 nr.
594 973 704 1025 47.):
749 976 815 1022 Τίς
843 972 917 1028 γάρ
947 971 998 1014 ἂν
1023 969 1143 1026 ἧττον
1169 972 1337 1027 φοβοῖτό
1365 991 1423 1025 τι,
1448 972 1477 1028 ἢ
1493 976 1666 1028 θαρσοίη
1686 971 1874 1026 μάλιστα,
1902 970 1931 1025 ἢ

412 1040 518 1090 ’ὅστις
539 1040 648 1096 αὐτῷ
669 1039 792 1093 μηδὲν
811 1042 1006 1092 συνειδείη
1024 1038 1166 1091 κακὸνς
1195 1044 1307 1080 Stob.
1329 1043 1457 1080 Serm.
1477 1042 1604 1080 XXIV
1623 1040 1671 1078 de
1685 1042 1930 1079 Conscientia

412 1125 452 1162 p.
465 1110 562 1150 350.
585 1109 643 1146 ef.
656 1107 855 1145 Plutarch.
868 1107 915 1144 de
926 1109 1058 1145 Anim.
1073 1109 1222 1160 Tranq.
1232 1111 1316 1147 VII.
1331 1123 1371 1160 p.
1384 1109 1479 1149 863.
1491 1111 1538 1146 R.
1559 1115 1597 1145 et
1610 1107 1748 1145 Pabst.
1765 1106 1816 1144 ad
1832 1109 1930 1145 Tac.

413 1179 489 1216 An.
504 1176 543 1224 6,
562 1176 600 1215 6.
612 1177 653 1212 in
663 1175 799 1224 Eclog.
811 1175 938 1211 Tacit.
948 1188 988 1225 p.
1005 1175 1084 1215 135
1097 1187 1156 1226 sq.
1170 1197 1226 1203 —
1239 1177 1403 1214 Versum
1414 1189 1484 1213 suo
1502 1176 1588 1213 loco
1602 1176 1817 1212 restituturi
1835 1174 1931 1211 olim

413 1243 696 1281 illustravimus
715 1243 757 1278 in
767 1243 1079 1278 Zimmermanni
1093 1243 1267 1293 Allgem.
1289 1241 1502 1280 Schulzeit.
1514 1244 1564 1279 ΙΙ.
1588 1242 1707 1282 1833.
1726 1255 1767 1292 p.
1779 1240 1860 1281 875
1871 1253 1931 1292 sq.

523 1311 571 1348 V.
600 1305 795 1349 62—64.
852 1308 1001 1344 Roscia
1024 1330 1079 1338 —
1114 1308 1323 1346 Camillis?
1378 1311 1465 1346 Lex
1487 1309 1628 1346 Roscia
1656 1309 1736 1345 lata
1755 1314 1814 1345 est
1834 1308 1931 1348 687.

414 1391 454 1415 u.
474 1390 507 1414 c.
529 1378 639 1415 Varr.
667 1387 689 1412 a
714 1375 766 1412 L.
789 1375 932 1411 Roscio
963 1374 1114 1411 Othone
1124 1403 1141 1421 ,
1169 1376 1325 1413 tribuno
1352 1375 1502 1426 plebis,
1533 1387 1612 1427 qua
1639 1376 1858 1422 sancitum,
1888 1380 1933 1410 ut

414 1444 589 1488 nemini,
617 1442 696 1478 nisi
713 1455 827 1492 eques
842 1449 880 1478 et
899 1442 1067 1492 equestri
1085 1455 1202 1479 censu
1219 1449 1314 1479 esset
1323 1469 1338 1487 ,
1367 1443 1410 1478 in
1431 1441 1724 1493 quatuordecim
1736 1439 1933 1492 gradibus

415 1510 630 1548 orchestrae
648 1508 774 1544 sedere
792 1508 934 1545 liceret.
979 1507 1067 1546 Vid.
1089 1522 1185 1560 quos
1207 1508 1280 1546 hac
1300 1508 1348 1546 de
1374 1522 1415 1545 re
1434 1507 1598 1546 laudant
1613 1507 1745 1545 Bach.
1768 1509 1812 1544 in
1828 1508 1931 1544 Hist.

413 1578 583 1627 Jurispr.
607 1577 722 1612 Rom.
751 1588 792 1625 p.
816 1576 910 1615 176.
940 1581 979 1612 et
1005 1575 1182 1613 Creazer.
1217 1578 1259 1613 in
1288 1576 1494 1624 „Abriss“
1522 1582 1594 1613 etc.
1625 1572 1647 1626 §
1675 1575 1742 1615 88.
1764 1588 1804 1625 p.
1835 1574 1930 1615 126.

413 1643 528 1683 Adde
549 1643 680 1680 Bentl.
705 1648 743 1678 et
760 1639 918 1678 Mitsch.
941 1640 992 1678 ad
1013 1642 1142 1693 Epod.
1165 1641 1214 1691 4,
1239 1642 1304 1684 15.
1329 1650 1366 1680 et
1393 1655 1490 1694 quos
1516 1641 1675 1679 laudavi
1704 1642 1746 1678 in
1776 1640 1867 1678 edit.
1893 1642 1930 1680 1.

414 1725 455 1762 p.
482 1711 550 1751 59,
606 1711 690 1755 Qua
719 1709 761 1745 in
783 1722 824 1744 re
852 1707 1201 1746 animadvertenda
1228 1716 1286 1746 est
1315 1710 1467 1746 Horatii
1493 1710 1674 1756 libertas,
1706 1721 1784 1760 qua
1801 1709 1932 1758 legem

414 1778 615 1829 publicam
631 1776 892 1826 perstringere
908 1788 990 1812 non
1014 1774 1216 1813 dubitavit.
1274 1777 1380 1822 Quae
1397 1775 1558 1827 quidem
1580 1787 1697 1812 causa
1717 1776 1818 1813 bene
1835 1776 1932 1812 illu-

414 1851 560 1883 stratur
589 1857 612 1880 a
636 1844 825 1880 Suetonio
846 1843 887 1879 in
916 1844 993 1880 vit.
1017 1844 1119 1893 Aug.
1151 1842 1220 1885 40.
1262 1844 1311 1880 cf.
1331 1842 1428 1880 ibid.
1452 1841 1520 1883 44.
1561 1841 1674 1889 Quod
1694 1841 1801 1879 idem
1819 1843 1932 1878 illam

414 1924 627 1964 puerorum
644 1911 859 1947 formulam
893 1908 1038 1962 (qualis
1067 1923 1204 1961 reapse
1231 1910 1368 1957 fuerit,
1399 1911 1467 1946 alii
1489 1909 1676 1958 doceant,
1705 1908 1788 1946 vid.
1813 1906 1932 1946 Both.

415 1978 467 2016 ad
488 1992 527 2016 v.
551 1978 619 2018 63.
639 1990 703 2027 ap.
719 1977 781 2028 F.)
805 1978 963 2013 neniam
986 1976 1098 2026 dicit,
1133 1983 1192 2014 est
1223 1989 1275 2012 ex
1302 1975 1460 2014 dicendi
1486 1990 1581 2024 usu,
1621 1988 1698 2027 quo
1727 1974 1932 2027 quodlibet

416 2058 575 2082 carmen
599 2042 847 2080 inconditum
863 2049 902 2079 et
930 2047 1127 2082 cantilena
1153 2044 1308 2094 saepius
1340 2044 1504 2094 repetita
1534 2043 1652 2080 nenia
1677 2051 1859 2090 vocatur,
1888 2041 1932 2078 id

415 2112 525 2165 quod
546 2113 621 2150 viri
644 2109 748 2148 docti
766 2107 831 2146 hic
857 2110 942 2145 illic
968 2117 1227 2158 annotarunt,
1256 2108 1337 2146 vid.
1358 2110 1504 2160 Scalig.
1531 2109 1583 2147 ad
1607 2111 1717 2148 Varr.
1739 2109 1789 2146 «L.
1806 2109 1853 2145 L.
1879 2110 1931 2146 Π.

415 2194 455 2231 p.
480 2181 597 2227 227„
626 2176 793 2216 easaub.
817 2174 868 2212 ad
896 2175 1101 2230 Theophr.
1122 2176 1194 2215 Ch.
1220 2179 1260 2217 7.
1285 2190 1324 2227 Ρ.
1348 2174 1442 2217 104.
1465 2176 1526 2215 ed.
1551 2178 1616 2225 R,
1650 2176 1760 2226 Gisp.
1789 2175 1931 2225 Cuper.

415 2248 459 2283 in
480 2246 592 2284 Obss.
619 2247 665 2293 1,
688 2245 726 2283 1.
750 2256 791 2293 p.
812 2243 852 2282 7.
881 2244 1038 2283 Mitsch.
1061 2245 1111 2282 ad
1137 2241 1264 2295 Epod.
1291 2243 1366 2291 17,
1390 2242 1459 2282 29.
1490 2243 1540 2280 cf.
1558 2243 1725 2293 interpp.
1748 2240 1800 2278 ad
1816 2242 1930 2279 Paul.

414 2315 525 2351 Diae.
554 2327 594 2364 p.
625 2311 718 2352 519.
747 2309 810 2347 ed.
839 2310 1021 2348 Lindem.
1047 2312 1114 2349 Sic
1137 2308 1340 2348 Phaedrus
1372 2309 1528 2347 fabulas
1561 2321 1653 2346 suas
1685 2314 1799 2346 vocat
1835 2307 1932 2345 viles

417 2380 556 2416 nenias
579 2378 675 2415 Fab.
696 2376 735 2425 3,
757 2378 858 2428 prol.
886 2378 977 2426 10.;
1008 2375 1046 2426 4,
1072 2379 1107 2425 1,
1125 2377 1166 2418 3.
1195 2375 1309 2427 (ibiq.
1333 2377 1468 2413 Heius.
1490 2382 1528 2412 et
1545 2373 1754 2426 Schwabe)
1775 2381 1814 2412 et
1832 2375 1931 2411 Ful-

416 2446 572 2495 gentius
600 2446 643 2482 in
661 2443 830 2495 Mythol.
853 2445 890 2484 1.
918 2457 959 2495 Ρ.
978 2444 1019 2483 2.
1044 2442 1106 2481 ed.
1125 2441 1288 2480 Munck.
1308 2442 1521 2479 versiculos
1541 2454 1632 2479 suos
1653 2441 1932 2478 cachinnantes

418 2514 569 2550 nenias.
628 2513 772 2549 Errant
799 2517 953 2559 autem,
984 2511 1053 2563 qui
1072 2512 1115 2547 in
1135 2511 1255 2549 verbo
1276 2510 1486 2547 decantata
1504 2521 1652 2546 novum
1672 2509 1786 2559 quasi
1811 2520 1930 2558 argu-

416 2584 594 2615 mentum
612 2577 745 2616 videre
764 2579 840 2615 sibi
857 2579 934 2615 visi
952 2584 1062 2626 sunt,
1094 2590 1172 2629 quo
1192 2575 1291 2614 haec
1313 2577 1444 2615 omnia
1461 2576 1603 2614 verba:
1633 2575 1722 2612 Rex
1738 2597 1793 2602 —
1811 2576 1930 2625 culpa

417 2644 514 2680 olim
530 2656 553 2680 a
573 2645 699 2682 Curiis
718 2651 757 2682 et
774 2645 950 2682 Camillis
969 2650 1123 2681 cantata
1144 2645 1187 2680 in
1201 2643 1396 2695 puerilem
1413 2650 1509 2680 tunc
1533 2643 1770 2679 cantilenam
1789 2641 1930 2679 abiisse

417 2709 494 2746 sibi
512 2709 774 2759 persuadent,
803 2717 848 2748 ut
872 2712 933 2750 vir
955 2709 1092 2749 doctus
1114 2709 1277 2762 quidam
1295 2711 1338 2747 in
1361 2711 1452 2748 Jen.
1469 2711 1516 2747 L.
1535 2711 1581 2747 Ζ.
1605 2710 1727 2749 1829.
1755 2722 1815 2746 nr.
1837 2710 1930 2750 110.

417 2789 457 2827 p.
477 2775 574 2815 398.
606 2776 696 2814 vid.
725 2779 846 2815 etiam
867 2779 963 2816 Dac.
992 2784 1032 2815 et
1060 2778 1222 2815 Gesner.
1242 2777 1470 2814 Decantare
1501 2777 1608 2813 enim
1636 2789 1753 2827 saepe
1782 2782 1840 2813 est
1857 2789 1928 2826 pro

417 2841 616 2892 repetendi
630 2843 772 2892 verbo,
798 2845 959 2882 notione
978 2842 1151 2896 quadam
1176 2845 1366 2882 satietatis
1387 2842 1593 2892 adjuncta,
1621 2849 1666 2880 ut
1689 2855 1752 2894 ap.
1779 2843 1859 2880 cic.
1879 2841 1930 2879 de

418 2909 524 2947 Orat.
543 2910 592 2957 2,
617 2909 690 2958 18,
712 2910 782 2951 75.
813 2912 901 2950 Fin.
921 2909 971 2961 4,
993 2909 1041 2961 4,
1068 2911 1138 2952 10.
1165 2912 1297 2950 Divin.
1320 2912 1363 2960 1,
1384 2908 1460 2959 47,
1484 2909 1575 2951 105.
1604 2911 1752 2948 Lucan.
1772 2908 1812 2958 5,
1832 2905 1929 2950 394.
