2028 3268
336 263 416 307 172
444 266 810 305 COMMENTARII
836 266 890 302 IN
911 265 1130 303 HORATII
1146 264 1316 302 EPIST.
1345 265 1563 304 SECUND.
1592 267 1691 304 LIB.
1718 268 1750 305 1.
1805 267 1861 308 66

335 378 430 414 time
451 377 616 414 dabatur
634 376 966 425 retinebaturque.
1014 375 1098 420 Qua
1121 388 1162 412 re
1183 375 1386 412 observata
1407 389 1497 414 cum
1516 389 1662 427 magna
1681 376 1862 414 irrisione

335 443 552 483 intenditur
568 441 745 494 Epitheti
767 441 881 477 beata
899 442 1147 491 significatio.
1188 441 1276 480 Vid.
1297 443 1498 479 Heineccii
1512 442 1715 494 Antiquit.
1738 443 1859 479 Rom.

335 511 506 560 Jurispr.
539 511 579 557 2,
609 511 651 557 7,
679 509 706 548 3
737 520 823 558 sqq.
854 514 895 544 et
929 510 1044 546 Reiu.
1074 508 1278 545 Rb‘misclz.
1314 509 1567 546 Privatreeht
1590 523 1631 560 p.
1666 508 1745 550 194
1773 522 1863 562 sqq.

335 577 444 613 Tum
470 575 568 612 haec
595 574 767 611 formula
796 572 931 611 addita
958 574 1085 611 videri
1111 582 1241 626 potest
1275 587 1327 612 ex
1355 576 1501 612 recenti
1529 575 1629 625 legis
1660 576 1794 613 Iuliae
1816 576 1865 613 de

336 642 572 679 maritandis
603 639 809 677 ordinibus
844 643 1057 690 memoria,
1087 655 1206 693 quam
1235 649 1368 679 tamen
1399 643 1599 691 Augustus
1632 641 1734 693 (726
1757 654 1794 679 a.
1820 655 1864 680 u.

336 708 466 758 Varr.)
495 720 588 758 prae
613 706 869 744 multitudine
899 711 1164 746 recusantium
1188 710 1360 761 perferre
1381 721 1463 745 non
1486 710 1628 758 potuit.
1683 707 1748 746 Ad
1767 720 1867 745 caua

337 775 429 812 dem
450 775 607 825 respicit
629 774 855 824 Propertius
885 776 926 823 2,
950 777 990 814 6.
1030 775 1142 823 Vide,
1171 789 1290 828 quem
1317 774 1454 812 laudat
1481 776 1684 812 Zimmern
1710 775 1754 811 in
1784 774 1866 812 Ge-

337 841 508 878 selzielzte
532 841 573 878 cl.
596 841 716 877 Rem.
740 841 1012 878 Privatreclzts
1039 844 1071 879 Ι.
1097 857 1138 894 p.
1160 845 1267 891 110„
1297 842 1369 880 Ch.
1398 839 1571 880 Weuck.
1595 843 1637 878 in
1665 840 1778 878 Obss.
1811 839 1868 878 ad

328 909 497 958 jurispr.
529 908 698 959 elegant.
717 907 809 958 jac.
844 910 953 960 Zrig.
986 910 1094 959 Lips.
1126 909 1247 950 1825.
1277 923 1316 960 p.
1339 911 1392 950 16
1411 922 1499 961 sqq.
1521 915 1559 945 et
1579 907 1630 944 cf.
1651 908 1759 958 Lips.
1778 908 1868 944 Ex-

338 989 437 1013 curs.
459 974 509 1012 ad
535 977 634 1012 Tac.
657 977 761 1011 Anu.
782 974 821 1022 3,
838 975 907 1014 25.
930 977 981 1012 11.
1011 990 1051 1027 Ρ.
1072 974 1170 1017 534.
1192 979 1352 1028 Rupert.
1381 973 1575 1026 Quicquid
1597 981 1668 1023 est,
1696 972 1868 1013 formula

338 1049 420 1078 tam
436 1040 657 1079 verecunda
675 1043 752 1078 fuit
774 1043 963 1079 Romanis
983 1043 1155 1090 auribus,
1185 1049 1230 1079 ut
1255 1056 1307 1080 ne
1332 1056 1431 1094 puer
1449 1041 1612 1094 quidem
1634 1054 1680 1078 ea
1697 1041 1868 1092 potuerit

339 1107 488 1146 offendi
506 1105 557 1158 *).
614 1109 718 1145 Hinc
739 1107 973 1147 Plutarchus
992 1111 1021 1146 l.
1041 1111 1069 1147 l.
1087 1123 1126 1161 p.
1146 1105 1244 1149 544.
1279 1107 1440 1150 Τούτων
1459 1107 1502 1150 δὲ
1527 1106 1691 1149 πάντων
1709 1102 1870 1160 ἱερώτα-

337 1172 405 1222 τός
433 1174 539 1215 ἐστιν
574 1172 599 1215 o‘
618 1174 811 1228 γαμήλιος
839 1173 987 1229 σπόρος
1017 1175 1084 1216 καὶ
1107 1173 1248 1227 ἄροτος
1274 1175 1340 1216 ἐπὶ
1369 1177 1524 1216 παίδων
1549 1170 1746 1215 τεκνώσει.
1801 1174 1868 1210 Ex

339 1243 678 1279 Aristotelicorum
701 1243 856 1292 placitis
886 1256 950 1294 ap.
980 1244 1092 1281 Stob.
1121 1243 1277 1293 (Eclog.
1305 1245 1346 1291 2,
1374 1244 1415 1282 7.
1444 1255 1484 1293 Ρ.
1512 1241 1651 1293 322-)=
1682 1239 1870 1280 Πολιτεία

340 1307 383 1349 δὲ
402 1305 551 1360 πρώτη,
582 1305 753 1355 σύνοδος
773 1305 915 1362 ἀνδρὸς
938 1309 1005 1350 καὶ
1025 1306 1213 1362 γυναικός
1231 1306 1329 1349 κατὰ
1354 1305 1482 1359 νόμον
1503 1307 1566 1348 ἐπὶ
1588 1306 1738 1348 τέκνων
1760 1305 1871 1360 γενέ-

341 1387 400 1416 σει
428 1374 494 1415 καὶ
521 1375 615 1426 βίου
645 1377 850 1430 κοινωνίᾳ.
909 1377 970 1414 Cf.
993 1378 1110 1428 Diog.
1134 1379 1266 1414 Laert.
1291 1377 1332 1423 7,
1365 1376 1458 1415 121.
1489 1380 1530 1411 et
1548 1375 1650 1412 Plat.
1678 1373 1727 1412 de
1747 1375 1870 1424 Legg.

344 1443 409 1482 11.
437 1456 478 1492 p.
506 1439 604 1482 974.
637 1439 748 1479 Frkf.
779 1441 928 1480 Charit.
955 1443 995 1491 3,
1025 1445 1067 1483 2.
1097 1443 1170 1493 ἔξω
1197 1455 1239 1484 σε
1265 1439 1438 1496 γαμετήν
1467 1441 1623 1481 παίδων
1652 1437 1716 1482 ἐπ’
1745 1435 1871 1495 &pomp

340 1506 439 1548 κατοὲ
466 1504 619 1559 νόμους
642 1506 909 1560 Ἑλληνικούς,
935 1511 1006 1548 ubi
1039 1510 1121 1566 vid.
1143 1512 1265 1549 Dorv.
1298 1523 1338 1560 p.
1355 1507 1451 1548 345-
1483 1514 1523 1545 et
1553 1506 1649 1549 344.
1679 1506 1742 1544 ed.
1761 1508 1871 1558 Lips.

342 1577 494 1612 Ennius
521 1577 564 1611 iu
592 1574 756 1626 Cresph.
787 1589 829 1627 p.
856 1578 952 1617 220.
976 1577 1039 1615 ed.
1058 1576 1243 1615 Lindem.
1275 1577 1385 1614 ducit
1405 1588 1466 1611 me
1485 1587 1642 1611 uxorem
1661 1572 1872 1610 liberorum

342 1641 419 1679 sibi
447 1641 713 1692 quaesendum
738 1643 888 1693 gratia.
923 1643 982 1680 Id.
1005 1645 1048 1680 in
1073 1643 1263 1684 Androm.
1281 1643 1448 1679 liberum
1467 1639 1732 1691 quaesendum
1749 1651 1872 1676 causa

332 1708 526 1759 familiae
544 1716 710 1744 matrem
731 1715 834 1745 tuae.
867 1711 1079 1760 Augustin.
1100 1710 1148 1748 de
1169 1710 1310 1748 morib.
1332 1707 1504 1745 Manioh.
1522 1709 1562 1754 2,
1580 1706 1645 1746 18.
1675 1706 1872 1756 Nuptiae,

345 1782 390 1812 ut
407 1777 515 1825 ipsae
536 1774 734 1824 nuptiales
761 1774 921 1812 tabulae
945 1777 1139 1822 clamant,
1169 1776 1379 1813 liberorum
1394 1773 1728 1825 procreandorum
1749 1783 1873 1808 causa

345 1855 493 1879 marem
506 1841 785 1892 feminamque
814 1846 1074 1894 conjungunt.
1107 1845 1239 1880 Plaut.
1269 1843 1361 1880 Aul.
1400 1843 1439 1890 2,
1474 1842 1512 1888 1,
1541 1841 1609 1879 26.
1653 1839 1804 1889 Captiv.
1829 1835 1872 1886 4,

344 1911 384 1957 2,
414 1909 509 1950 109.
540 1914 579 1946 et
604 1909 690 1947 Mil.
713 1909 813 1958 glor.
843 1908 882 1956 3,
913 1910 950 1956 1,
972 1909 1039 1949 85.
1069 1911 1146 1950 Cic.
1170 1909 1295 1947 Acad.
1315 1911 1355 1957 2,
1377 1906 1444 1956 34,
1468 1908 1563 1948 109.
1594 1907 1637 1943 in
1660 1919 1777 1943 uxore
1796 1905 1874 1942 du-

346 1975 490 2020 cenda,
518 1976 562 2011 in
592 1974 726 2011 liberis
743 1975 1015 2024 procreandis.
1052 1978 1214 2015 Sueton.
1236 1977 1320 2026 Jul.
1349 1989 1382 2012 c.
1411 1975 1479 2015 52.
1498 1975 1586 2010 Liv.
1605 1974 1780 2023 Epitom.
1799 1971 1874 2008 lib.

347 2042 414 2081 59.
442 2042 562 2079 Varro
583 2053 646 2091 ap.
667 2041 840 2079 Macrob.
858 2042 1017 2079 saturn.
1042 2044 1079 2091 1,
1104 2045 1170 2083 12.
1199 2041 1311 2079 Adde
1336 2041 1422 2090 Gaj.
1447 2042 1484 2088 1,
1508 2040 1576 2079 29.
1604 2040 1695 2091 Ulp.
1715 2040 1873 2088 Fragm-

346 2108 388 2154 3,
412 2107 452 2147 3.
476 2108 585 2158 Lips.
612 2115 651 2145 et
669 2110 832 2159 Rupert.
854 2108 905 2146 ad
931 2111 968 2147 T
971 2123 1029 2147 ac.
1057 2111 1122 2158 11,
1148 2111 1230 2157 27„
1253 2110 1442 2159 interppr.
1475 2105 1526 2143 ad
1552 2107 1655 2143 Gell.
1672 2103 1712 2152 4,
1736 2104 1776 2144 3.
1809 2105 1874 2153 17,

347 2175 429 2222 21.,
459 2172 646 2211 Ehnenh.
664 2174 715 2212 ad
735 2177 884 2214 Arnob.
909 2178 939 2215 Ι.
963 2190 1003 2228 p.
1025 2178 1061 2216 6.
1085 2183 1123 2213 et
1150 2178 1234 2215 VII.
1252 2190 1293 2227 p.
1317 2176 1411 2216 183.
1439 2172 1601 2211 Herald.
1631 2186 1671 2223 p.
1691 2171 1788 2212 263·
1809 2169 1874 2208 ed-

349 2241 531 2289 Salmas„
561 2241 788 2281 Hemsterh.
817 2242 868 2280 ad
885 2244 1050 2280 Lucian.
1075 2245 1184 2282 Tim.
1211 2244 1277 2283 17.
1299 2245 1331 2280 Ι.
1359 2257 1396 2294 Ρ.
1416 2243 1512 2283 372.
1542 2242 1630 2290 Bip.
1647 2235 1806 2276 Peerlk·
1831 2237 1875 2272 iu

348 2308 452 2345 Bibl.
477 2309 561 2347 crit.
581 2322 673 2347 nov.
694 2310 727 2346 Ι.
748 2322 788 2360 Ρ.
808 2309 874 2349 96.
900 2310 1072 2347 Brissou.
1101 2309 1150 2346 de
1166 2310 1362 2347 Formulis
1386 2310 1424 2356 6,
1446 2309 1538 2349 122.
1561 2313 1600 2343 et
1625 2317 1722 2356 quos
1737 2301 1875 2340 laudat

350 2376 518 2412 Creuzer
539 2375 583 2412 iu
610 2376 760 2413 Abriss.
788 2374 858 2413 der
886 2374 1086 2414 Ro‘misch.
1110 2377 1306 2427 Antiquit.
1333 2372 1370 2426 §-
1394 2375 1462 2414 68.
1491 2387 1532 2425 Ρ.
1561 2373 1654 2413 100·
1678 2370 1874 2421 imprimis

349 2444 508 2480 Platon.
539 2442 685 2493 Cratyl.
714 2455 755 2493 Ρ.
774 2443 842 2483 78.
863 2442 925 2480 ed.
946 2441 1089 2482 Heind.
1115 2449 1154 2479 et
1181 2443 1328 2492 Bettig.
1363 2437 1632 2489 ‚,AJdobraud.
1657 2435 1874 2475 Hochzeit“

351 2521 391 2558 p-
426 2511 505 2550 166
532 2522 620 2560 sqq.
652 2530 703 2536 -—
756 2511 815 2547 Ac
849 2522 900 2546 ne
928 2511 1016 2561 quis
1050 2511 1093 2546 in
1113 2510 1252 2559 pueris
1286 2513 1506 2558 argutetur‚
1545 2505 1743 2543 observari
1766 2504 1874 2551 licet,

346 2588 509 2624 pueros,
537 2583 583 2613 ut
614 2577 770 2625 παῖδας,
801 2574 858 2618 de⁴
877 2583 1046 2628 utroque
1073 2588 1174 2613 sexu
1202 2573 1292 2612 dici.
1321 2575 1382 2612 Cf.
1411 2573 1539 2623 Epist.
1568 2573 1610 2620 7,
1643 2572 1709 2611 17.
1738 2569 1812 2609 Od.
1831 2571 1873 2617 2,

356 2642 422 2690 18,
457 2641 523 2683 34·
552 2641 593 2692 4,
617 2643 657 2692 9,
688 2642 758 2684 24.
796 2645 855 2681 Ita
862 2643 967 2692 filii,
993 2643 1131 2687 soceri,
1159 2642 1244 2687 avi,
1271 2654 1395 2692 reges.
1436 2638 1527 2679 vid.
1551 2639 1682 2677 Bentl.
1710 2636 1762 2676 ad
1790 2637 1874 2677 Sat.

445 2871 482 2915 *)
507 2873 672 2917 Stangius
694 2885 731 2918 p.
759 2874 822 2907 1οι
856 2873 951 2917 ‚,Vv.
975 2871 1142 2907 44—54.
1165 2874 1296 2906 tantum
1324 2872 1422 2906 abest
1443 2874 1482 2905 ut
1507 2880 1649 2916 puerum
1672 2868 1793 2912 fuisse,
1819 2868 1875 2903 cui

359 2926 480 2974 scripti
504 2927 586 2972 sint,
610 2939 820 2974 censeamuS,
845 2934 883 2964 ut
906 2942 950 2965 ne
971 2941 1076 2977 posse
1090 2928 1226 2975 quidem
1240 2938 1348 2975 puero
1371 2931 1453 2972 apte
1475 2926 1581 2963 scribi
1603 2926 1794 2961 videantur.
1806 2924 1831 2944 “
