2028 3268
5 906 34 1159 statumve<
13 888 24 896 ι
7 806 27 877 νῦν·
11 769 18 777 -·
7 738 27 762 ϊτ

16 1615 22 1618 ·
7 1446 38 1604 sea-*qemi

146 303 202 347 19
299 301 682 345 COMMENTARII
701 303 763 345 IN
781 302 1006 345 HORATII
1025 303 1126 346 LIB.
1140 303 1170 345 1.
1192 302 1361 346 EPIST.
1376 304 1526 345 SEXT.
1610 304 1694 348 287

143 429 350 479 Numicio,
393 441 470 480 quo
511 427 613 468 XVI.
674 429 859 479 Quintio,
896 429 956 468 vel
994 429 1100 468 XIX.
1158 429 1388 469 Maecenati.
1447 431 1695 483 Quapropter

142 499 240 538 levis
266 497 334 537 illa
364 498 488 536 ironia
517 511 588 549 per
617 501 739 536 totam
767 497 981 549 Epistolam
1014 498 1154 537 diffusa
1186 512 1268 538 rem
1295 499 1580 551 perstringere,
1618 514 1695 539 non

139 579 347 619 personam
379 567 549 618 putanda
580 569 655 604 est.
717 566 780 604 Cf.
818 570 948 606 annot.
983 567 1032 605 ad
1059 567 1188 619 Epist.
1227 569 1277 618 1,
1314 568 1352 608 1.
1393 581 1432 619 p.
1464 566 1531 611 25.
1572 571 1612 607 et
1645 569 1695 607 ad

139 634 192 686 5,
237 635 278 676 8.
318 635 361 675 9.
400 648 440 686 p.
473 631 569 675 254.
627 633 700 675 His
737 635 877 687 positis
918 648 1063 674 summa
1101 636 1302 689 Epistolae
1340 636 1472 688 paucis
1520 637 1694 676 concludi

138 706 269 756 potest
299 703 455 742 verbis:

253 771 328 810 Est
369 783 555 809 summum
581 769 724 809 bonum
755 771 872 822 idque
898 771 1068 822 positum
1099 771 1138 810 in
1167 785 1215 811 ea
1241 772 1394 811 vivendi
1432 771 1608 822 ratione,
1650 775 1694 811 ut

135 840 468 891 perturbationum
491 851 627 890 expers
651 838 732 889 sis,
766 838 859 877 nihil
890 851 1016 890 neque
1046 841 1203 892 cupiens
1232 853 1305 879 nec
1333 841 1484 879 timens.
1545 841 1694 886 Quodsi

136 907 232 946 haec
265 898 433 946 conditio
468 909 511 944 te
543 906 672 944 reddit
702 908 875 959 perfecte
904 907 1082 959 beatum,
1112 908 1211 947 hanc
1241 923 1367 947 unam
1388 910 1527 947 ceteris
1559 909 1693 947 studiis

136 976 290 1015 omissis
332 987 496 1027 sequere
531 975 736 1014 virtutem.
797 974 844 1014 V.
875 973 1030 1017 1—14.
1077 977 1186 1023 Quae
1219 977 1252 1015 si
1285 978 1336 1015 ad
1365 977 1464 1016 bene
1493 978 1694 1015 vivendum

135 1058 216 1083 non
249 1045 346 1084 satis
371 1055 492 1096 posse
520 1043 736 1094 videbitur,
767 1044 818 1082 ad
846 1043 1085 1082 divitiarum
1114 1058 1298 1084 summum
1322 1045 1464 1084 bonum
1491 1049 1531 1083 te
1561 1046 1692 1084 confer

134 1115 177 1150 et
205 1113 246 1150 in
281 1125 330 1151 eo
365 1112 638 1163 consequendo
669 1113 779 1163 quasi
806 1112 1092 1151 tabernaculum
1111 1113 1212 1151 vitae
1233 1113 1392 1154 colloca.
1437 1112 1483 1152 V.
1507 1114 1689 1156 15—31.

132 1180 240 1219 Idem
266 1181 504 1230 faciendum,
534 1194 649 1232 quum
677 1182 747 1220 tibi
772 1182 1023 1233 proposueris
1046 1182 1200 1221 tertium
1227 1182 1419 1232 quoddam
1441 1182 1574 1220 summi
1600 1181 1692 1220 boni

131 1261 276 1299 genus,
309 1249 414 1300 quod
442 1249 612 1288 cernitur
639 1251 681 1289 in
709 1250 908 1288 honorum
938 1249 1189 1301 amplitudine
1217 1262 1263 1288 ac
1291 1250 1524 1301 splendore,
1564 1262 1602 1288 v·
1634 1246 1690 1289 49

127 1316 268 1367 —55,
296 1316 358 1355 vel
392 1321 592 1369 quartum,
628 1319 732 1370 quod
771 1319 885 1358 situm
915 1321 976 1357 est
1003 1319 1042 1356 in
1079 1320 1165 1357 vita
1192 1318 1310 1356 lautu
1346 1330 1580 1368 mensaeque
1620 1318 1691 1355 de-

131 1385 240 1423 liciis.
300 1384 346 1423 V.
376 1384 560 1427 56-64.
599 1387 670 1427 Sin
693 1388 816 1440 magis
845 1387 1031 1439 placuerit
1059 1387 1161 1426 aliud
1190 1400 1374 1425 summurn
1394 1387 1556 1435 bonum,
1587 1386 1691 1436 quod

130 1456 192 1492 est
219 1454 259 1492 in
292 1467 455 1501 amore,
478 1454 567 1494 huic
599 1458 723 1495 totum
741 1460 782 1495 te
810 1458 934 1495 trade.
993 1456 1039 1495 V.
1061 1455 1130 1496 65.
1161 1455 1231 1495 66.
1266 1455 1374 1495 Haec
1392 1455 1545 1506 quidem
1565 1454 1688 1492 habeo

127 1534 344 1573 exponere3
386 1523 421 1561 si
455 1524 610 1564 saniora
642 1525 876 1578 melioraque
906 1526 1031 1575 scies,
1059 1536 1121 1562 me
1149 1524 1267 1574 doce,
1308 1523 1370 1562 sin
1397 1524 1545 1573 minus,
1578 1526 1688 1562 utere

127 1589 236 1628 meis.
293 1589 340 1627 V.
372 1590 441 1631 67.
473 1593 542 1633 68.

241 1658 285 1695 Si
313 1660 528 1710 quaeritur,
567 1674 633 1699 cur
661 1661 752 1699 talia
781 1661 963 1701 Horatius
994 1673 1078 1699 cum
1104 1660 1283 1700 Numicio
1311 1660 1617 1709 commimicarit9
1647 1660 1687 1697 id

125 1736 189 1764 me
226 1727 377 1765 nescire
414 1728 578 1780 ingenue
610 1730 775 1768 fatebor.
835 1731 1063 1781 Quanquam
1095 1729 1135 1766 in
1163 1730 1345 1779 promptu
1375 1731 1436 1766 est
1467 1729 1687 1779 conjectura

128 1794 223 1832 satis
251 1794 486 1848 probabilis,
515 1797 615 1836 ultra
635 1811 749 1850 quam
775 1810 911 1848 nemo,
939 1811 989 1836 ne
1016 1795 1265 1849 politissimus
1296 1796 1473 1847 quidem,
1503 1797 1686 1848 progredi

126 1865 271 1913 potest.
329 1862 408 1902 Aut
453 1866 654 1906 Numicius
693 1865 853 1906 Poetam
892 1865 1117 1904 adhortatus
1152 1867 1237 1913 est,
1274 1866 1319 1901 ut
1353 1865 1459 1915 cujus
1499 1865 1556 1903 rei
1595 1864 1685 1902 olim

125 1931 283 1970 fecisset
334 1934 567 1974 mentionem
604 1935 688 1974 Sat.
723 1935 774 1985 2,
811 1934 865 1985 6,
912 1934 1008 1984 76.‚
1051 1945 1135 1972 eam
1177 1938 1476 1985 persequeretur
1514 1933 1684 1984 plenius,

125 2003 193 2038 aut
231 1999 415 2039 Horatius
444 2015 488 2041 se
526 2004 614 2056 ipso
653 2006 813 2042 auctore
852 2001 952 2040 hanc
986 2002 1036 2040 de
1064 2013 1210 2040 summo
1245 2002 1346 2039 bono
1386 2002 1684 2053 disputationem

126 2066 306 2107 Numicio
351 2069 570 2122 inscripsit,
618 2084 730 2121 quem
771 2073 909 2122 utpote
957 2070 1080 2108 virum
1119 2069 1218 2107 bene
1256 2073 1393 2107 natura
1435 2072 1683 2108 constitutum

124 2135 266 2175 talibus
294 2138 512 2190 praeceptis
543 2138 726 2178 delectari
753 2138 876 2189 probe
903 2140 1051 2176 nosset.
1112 2137 1309 2175 Orationis
1343 2137 1450 2175 color
1472 2151 1542 2188 per
1561 2141 1682 2176 totam

46 2223 47 2226 ¹
124 2205 207 2244 fere
235 2205 450 2257 Epistolam
475 2219 573 2245 unus
607 2210 671 2246 est
708 2210 748 2246 et
774 2205 849 2244 sibi
882 2204 1037 2254 similis,
1067 2204 1142 2242 nisi
1168 2204 1207 2241 in
1236 2216 1284 2242 eo
1321 2203 1429 2254 loco,
1464 2218 1539 2255 quo
1559 2205 1681 2243 Poeta

124 2274 298 2313 acerbius
339 2275 381 2314 in
423 2288 492 2315 eos
531 2274 742 2324 invehitur,
788 2274 853 2324 qui
891 2272 1003 2324 gulae
1041 2272 1294 2310 inservientes
1331 2285 1443 2310 omne
1483 2273 1681 2324 deponunt

123 2341 226 2382 vitae
255 2344 388 2382 decus.
447 2343 629 2384 Ceterum
643 2344 676 2382 si
705 2343 755 2382 ad
783 2342 982 2381 veritatem
1000 2339 1303 2379 revocaverimus
1322 2340 1529 2392 rationem,
1565 2354 1677 2380 nemo

40 2432 55 2462 χ
125 2410 222 2460 erit,
257 2412 322 2462 qui
345 2424 424 2450 non
456 2413 624 2463 sentiat,
659 2415 802 2463 quanta
833 2423 919 2450 cum
947 2409 1176 2450 dexteritate
1207 2410 1338 2448 ridens
1370 2407 1496 2446 Poeta
1521 2412 1677 2448 senten-

41 2468 58 2475 ⁴
125 2477 261 2518 tiarum
290 2481 518 2531 gravitatem
544 2481 724 2533 paulatim
752 2480 911 2520 solverit
938 2480 978 2518 in
1006 2479 1145 2528 risum,
1173 2491 1287 2529 quum
1309 2477 1359 2516 ad
1382 2490 1431 2516 ea
1455 2477 1677 2528 declinaret,

43 2549 51 2595 ἦ
124 2558 226 2597 quae
251 2561 329 2586 non
361 2562 408 2588 ex
437 2548 752 2601 philosophorum
784 2562 886 2602 penu
915 2551 1048 2587 essent
1074 2547 1322 2598 deprompta,
1358 2546 1429 2584 sed
1457 2558 1505 2584 ex
1530 2547 1676 2585 Roma-

51 2611 59 2623 ⁷
123 2627 259 2654 norum
297 2616 449 2666 schola,
488 2621 532 2656 ut
567 2619 623 2657 ita
660 2619 805 2669 dicam,
838 2618 952 2656 vitae.
1009 2616 1062 2655 Et
1097 2614 1191 2653 haec
1221 2615 1309 2664 ipsa
1335 2614 1520 2652 bonorum
1549 2620 1676 2655 exter—

50 2707 51 2710 =
123 2695 260 2722 norum
285 2684 494 2737 descriptio
522 2686 576 2724 ita
615 2690 833 2739 comparata
869 2690 955 2736 est,
994 2688 1038 2723 ut
1065 2683 1195 2720 virtus
1223 2682 1451 2721 altissimum
1484 2683 1608 2722 locum
1634 2686 1674 2724 in

124 2749 276 2790 homine
305 2755 345 2790 et
377 2754 536 2792 maxime
570 2755 818 2795 excellentem
848 2756 980 2794 teneat
1014 2754 1215 2800 ceteraque
1243 2750 1344 2788 bona
1381 2756 1591 2803 appareant
1620 2755 1673 2792 ri-

125 2819 250 2858 denda
291 2824 407 2871 atque
443 2822 703 2873 despicienda.
763 2826 825 2863 Cf.
870 2826 1002 2862 annot.
1042 2820 1093 2858 ad
1119 2831 1157 2855 v.
1193 2819 1262 2860 28.
1305 2819 1374 2860 31.
1432 2821 1674 2861 Numicium

124 2890 272 2938 autem,
311 2890 371 2927 cui
404 2890 601 2942 inscripsit
631 2890 728 2930 hanc
755 2890 970 2942 Epistolam
1010 2887 1237 2940 politissima
1267 2887 1442 2927 doctrina
1478 2891 1674 2940 refertam,

124 2967 202 2995 non
228 2958 351 3009 magis
383 2958 554 2996 novimus
585 2971 697 3009 quam
730 2957 990 3003 Bullatium,
1027 2956 1281 2994 Numenium
1307 2957 1478 3009 aliosque
1505 2959 1674 3011 complu—

80 3043 83 3046 ·
125 3033 203 3061 res.
261 3024 377 3064 Plura
418 3029 457 3063 et
500 3026 652 3064 notiora
687 3027 736 3066 de
775 3033 894 3078 gente
923 3024 1119 3063 Numicia
1156 3025 1221 3075 qui
1262 3024 1360 3063 scire
1390 3028 1566 3079 cupiant,
1606 3041 1674 3067 eos

1177 3089 1232 3132 19
1261 3089 1361 3144 (2)*
