2028 3268
378 238 462 280 220
517 238 892 280 COMMENTARII
908 237 966 275 IN
981 235 1208 275 HORATII
1226 236 1322 276 LIB.
1344 237 1371 274 I.
1401 237 1565 275 EPIST.
1591 237 1748 276 TERT.
1830 240 1886 280 30

377 363 486 408 sunt,
518 359 582 407 qui
609 358 884 395 translationem
913 369 935 393 a
967 355 1153 405 vestibus,
1191 368 1286 405 quae
1319 361 1541 395 consuantur
1565 363 1603 397 et
1629 360 1885 397 rescindantur

377 429 566 474 sumptam
586 424 722 471 velint,
753 423 825 459 vid.
845 422 1010 458 Broukh.
1030 424 1079 460 ad
1103 422 1138 459 T
1140 422 1188 461 ib.
1206 425 1250 471 1,
1272 424 1345 472 11,
1363 424 1449 473 61.‚
1471 429 1511 461 at
1532 427 1736 475 repetenda
1761 427 1885 477 potius

377 491 577 529 similitudo
598 494 655 526 est
669 501 691 525 a
710 487 943 537 vulneribus,
974 500 1069 536 quae
1095 489 1195 524 coire
1215 489 1397 527 dicuntur.
1427 490 1546 527 Multa
1564 491 1670 541 hujus
1691 493 1743 530 rei
1766 504 1886 529 exem-

378 559 443 610 pla
470 561 617 608 praeter
643 554 836 591 Barthium
864 555 901 590 in
933 552 1028 591 Adv.
1060 555 1133 603 12,
1162 556 1222 604 8.,
1253 556 1357 593 Cort.
1378 557 1426 592 ad
1445 556 1539 594 Plin.
1556 558 1674 608 Epist.
1691 560 1739 608 2,
1770 558 1814 606 1,
1845 556 1885 596 5.

376 624 436 661 hic
458 621 642 671 congessit
674 620 921 669 Solimidius,
950 620 1080 658 sedula
1107 621 1297 658 Musarum
1326 623 1417 672 apis.
1475 623 1532 661 Cf.
1549 623 1700 674 Forbig.
1721 626 1768 663 ad
1783 625 1886 674 Virg.

378 690 445 727 Ge,
463 689 508 737 3,
531 685 626 726 453.
685 687 746 722 Sic
764 686 913 724 Petron.
937 687 1030 727 113.
1061 689 1171 724 credo
1195 690 1339 724 veritus
1354 716 1367 733 ‚
1396 703 1444 724 ne
1460 691 1560 726 inter
1584 692 1699 727 initia
1717 692 1887 728 coeuntis

373 756 532 806 gratiae
551 759 740 788 recentem
761 754 981 789 cicatricem
999 755 1231 791 rescinderet
1248 783 1258 798 ‚
1286 755 1348 791 ubi
1366 755 1547 793 Weitzius
1571 756 1691 794 locum
1712 757 1887 795 Horatia-

376 834 464 858 num
501 819 670 856 contulit.
726 818 843 857 Miror
876 824 1020 870 autem,
1055 822 1325 859 Hoc-hederam
1350 821 1614 872 Porphyrionis
1642 828 1888 861 commentum

375 886 593 937 particulam
622 887 882 936 nequicquam
910 892 1059 931 ,‚n0n“
1080 889 1293 938 explicantis
1314 892 1356 925 ut
1378 887 1472 925 Aen.
1491 891 1538 938 2,
1569 888 1662 928 546.
1691 890 1763 939 12,
1793 889 1887 929 633.

375 953 565 1004 repetisse.
624 952 679 988 Ut
705 953 793 989 nihil
816 965 913 990 nunc
938 954 1056 992 dicam
1076 956 1122 992 de
1137 956 1225 992 locis
1241 955 1473 1005 Virgilianis,
1501 955 1561 992 hic
1581 956 1671 993 nihil
1692 955 1791 993 aliud
1818 956 1889 993 nisi

375 1020 514 1057 curatio
550 1018 797 1069 significatur,
836 1032 953 1069 quae,
993 1021 1078 1069 quia
1116 1021 1248 1059 vulnus
1282 1022 1376 1060 male
1412 1026 1553 1059 sartum
1586 1026 1664 1072 est,
1709 1022 1816 1060 aliter
1846 1034 1889 1060 ac

373 1090 546 1137 speratur
568 1085 702 1122 effectu
723 1091 835 1126 caret.
893 1088 955 1124 Cf.
981 1088 1133 1137 Forbig.
1153 1090 1201 1126 ad
1220 1089 1324 1138 Virg.
1345 1089 1415 1125 Ge.
1433 1089 1455 1127 1
1468 1116 1480 1138 ,
1511 1089 1577 1128 96.
1635 1089 1747 1133 Quod
1765 1089 1889 1127 Hora-

374 1154 448 1191 tius
471 1153 534 1202 [sit
554 1150 627 1188 tibi
642 1173 698 1180 ——
719 1166 772 1189 an
796 1154 1040 1204 rescinditur]
1069 1167 1113 1191 ex
1142 1155 1308 1193 oratione
1328 1155 1507 1193 indirecta
1530 1157 1579 1193 ad
1608 1159 1746 1193 rectam
1764 1155 1888 1193 subito

374 1220 532 1268 transit,
561 1231 637 1255 non
667 1223 726 1256 est
745 1219 824 1256 sine
847 1222 1007 1269 quadam
1029 1221 1081 1257 rei
1105 1225 1143 1258 et
1162 1222 1330 1270 ingratae
1353 1226 1391 1259 et
1417 1223 1692 1272 inexspectatae
1707 1223 1890 1272 significa-

374 1287 495 1335 tione,
525 1298 635 1334 quam
650 1286 830 1336 particula
842 1301 897 1324 an
915 1292 1061 1326 auctam
1075 1289 1266 1327 sentimus.
1322 1287 1501 1340 Exempla
1519 1290 1735 1339 suppeditat
1747 1289 1889 1326 Hand.

375 1355 424 1390 ad
456 1353 620 1390 Turs.1.
651 1368 689 1404 p.
720 1354 815 1394 353.
873 1354 931 1392 De
957 1355 1106 1392 variatis
1134 1355 1171 1391 in
1200 1355 1329 1392 eadem
1353 1355 1507 1404 periodo
1533 1356 1651 1392 modis
1682 1357 1766 1393 vide
1796 1368 1889 1405 quos

376 1421 467 1458 citat
488 1421 695 1457 Dissenius
715 1423 764 1458 ad
785 1421 872 1457 Tib.
889 1421 937 1470 3,
972 1421 1018 1470 1,
1051 1421 1117 1462 20.
1153 1421 1211 1459 Re
1228 1421 1340 1471 igitur
1363 1422 1566 1459 accuratius
1591 1435 1773 1473 perpensa
1801 1423 1890 1461 scri-

375 1492 509 1537 pturae
527 1491 698 1538 receptae
711 1501 799 1525 suus
817 1488 934 1525 stabit
942 1488 1073 1524 honor.
1871 1490 1874 1492 ’

487 1554 532 1592 V.
568 1553 760 1593 33—36.
809 1557 865 1591 At
896 1567 964 1590 vos
996 1574 1054 1581 --
1075 1555 1268 1600 juvenca.
1329 1554 1605 1592 Sententiarum
1641 1555 1752 1593 ordo:
1787 1554 1890 1605 „At,

376 1621 548 1670 quicquid
580 1624 741 1657 vestram
765 1620 983 1658 discordiam
1011 1620 1088 1657 sive
1115 1621 1236 1657 fervor
1268 1620 1459 1669 sanguinis
1493 1621 1571 1658 sive
1597 1621 1741 1659 inscitia
1769 1635 1890 1659 rerum

376 1688 505 1738 genuit
530 1687 687 1734 alitque,
722 1686 939 1735 ubicumque
967 1686 1129 1723 locorum
1160 1685 1282 1723 vivitis
1305 1699 1390 1735 vos,
1421 1698 1576 1734 quorum
1605 1700 1807 1737 generosae
1834 1689 1890 1726 in-

375 1754 452 1792 doli
494 1757 723 1800 naturaeque
758 1765 889 1802 parum
917 1753 1108 1801 convenit,
1146 1752 1281 1789 amoris
1324 1753 1508 1790 vinculum
1547 1754 1771 1805 dissolvere,
1818 1767 1888 1804 ego

375 1824 539 1859 vestrum
556 1820 594 1855 in
615 1819 775 1856 reditum
796 1820 864 1856 diis
883 1823 971 1856 vota
983 1819 1161 1856 solvam.“
1217 1819 1278 1855 Sic
1299 1819 1411 1856 verba
1430 1820 1505 1856 fere
1533 1821 1704 1857 ordinant
1721 1821 1890 1858 Lambi—

376 1902 477 1932 nus,
515 1885 749 1929 Rodellius,
784 1886 1036 1930 Schmidius,
1066 1887 1303 1932 Passouius,
1341 1885 1512 1922 Orellius
1525 1913 1539 1930 ,
1569 1887 1607 1923 J.
1631 1888 1684 1924 H.
1711 1887 1889 1932 Vossius,

375 1954 448 1993 alii.
500 1952 624 1990 Minus
645 1953 836 1989 commode
854 1953 992 2002 majore
1010 1957 1098 2003 post
1113 1965 1149 1991 v.
1159 1951 1308 2002 sbedus
1329 1953 1429 1990 facta
1446 1953 1742 2003 interpunctione
1761 1954 1892 1991 distin-

376 2023 498 2071 guunt
527 2018 608 2067 alii,
643 2019 696 2055 ita
723 2022 765 2055 ut
799 2020 887 2055 estis
911 2019 1142 2068 intelligant3
1186 2031 1259 2068 qua
1283 2031 1323 2056 re
1349 2020 1533 2056 sententia
1557 2021 1720 2058 nascitur
1743 2021 1890 2059 haecce:

376 2087 629 2138 „ubicumque
661 2085 807 2133 vivitis,
854 2098 920 2122 vos
959 2086 1113 2122 dedecet
1149 2088 1220 2124 etc.
1293 2085 1440 2123 Interea
1475 2087 1640 2136 pascitur
1677 2088 1775 2125 etc.“
1829 2089 1892 2125 Sic

376 2158 526 2207 praeter
558 2155 700 2190 ceteros
740 2152 996 2189 IsVielancllus
1006 2179 1022 2197 ,
1060 2153 1314 2202 DoeringiuS.
1373 2152 1602 2202 Ingeniosius
1630 2157 1754 2190 autem
1781 2165 1891 2203 quam

375 2221 496 2258 verius
526 2219 798 2270 IIczbeJselclus
818 2232 862 2257 ex
889 2231 957 2256 sua
982 2218 1114 2256 horum
1142 2219 1336 2256 verborum
1363 2219 1616 2256 distinctione:
1646 2219 1732 2269 „At
1748 2234 1814 2258 vos
1834 2222 1891 2258 in-

378 2288 519 2325 domito
540 2287 660 2324 animo
680 2288 744 2336 qui
763 2288 873 2336 estis,
902 2286 1056 2335 exiguae
1075 2298 1117 2323 ac
1136 2298 1272 2336 parvae
1290 2290 1379 2323 sunt
1396 2299 1484 2323 sane
1502 2298 1560 2323 res
1574 2313 1587 2335 ,
1616 2299 1710 2335 quae
1729 2291 1891 2325 vestrum

379 2354 570 2392 dissidium
598 2358 816 2403 procreant,
860 2353 998 2390 calidus
1023 2353 1175 2402 sanguis
1203 2356 1276 2390 etc.
1330 2352 1407 2390 Vos
1435 2364 1698 2401 usquequaque
1724 2353 1891 2404 dedecet,

379 2422 465 2459 odia
482 2432 670 2470 exercere,
697 2421 829 2469 quodsi
847 2420 1052 2469 redieritis,
1083 2419 1188 2457 vobis
1206 2432 1282 2456 non
1303 2420 1411 2456 deero
1431 2419 1749 2457 reconciliandis.“
1804 2419 1890 2459 Alia

379 2500 528 2536 quoque
545 2487 689 2524 ratione
707 2488 828 2525 locum
846 2488 1113 2537 interpretatur
1131 2484 1338 2532 Bentlejus
1350 2513 1364 2529 ,
1393 2497 1503 2534 quem
1520 2486 1617 2523 vide.
1637 2508 1692 2514 —-
1720 2486 1782 2523 At
1799 2487 1890 2525 alio-

379 2556 469 2603 quin
498 2554 748 2603 adversantis,
776 2554 835 2592 hic
862 2554 1013 2604 plenum
1032 2556 1089 2590 est
1107 2551 1258 2602 amoris,
1288 2564 1361 2600 quo
1393 2552 1562 2590 incensus
1581 2553 1779 2591 amicorum
1794 2555 1890 2592 redi—

377 2623 458 2657 tum
476 2620 514 2656 in
534 2620 691 2669 patriam
710 2624 748 2658 et
766 2621 803 2658 in
822 2622 980 2672 gratiam
1001 2619 1178 2670 (indigni
1188 2619 1251 2669 fl.
1276 2631 1404 2668 rump.
1416 2619 1473 2670 f.)
1505 2623 1695 2670 exspectat
1714 2621 1890 2671 cupitque

376 2686 571 2724 Horatius·
627 2689 672 2727 In
691 2692 811 2728 verbis
831 2689 1008 2737 denique:
1039 2685 1274 2736 ubicumque
1293 2706 1350 2713 —-
1375 2687 1528 2734 vivitis,
1558 2687 1654 2724 redit
1672 2689 1721 2725 ad
1739 2686 1890 2737 Episto-

378 2755 435 2793 lae
463 2756 617 2792 initium.
648 2779 704 2784 —-
730 2757 886 2794 calidus
912 2754 1088 2805 sanguis,
1145 2752 1206 2790 Sic
1225 2752 1304 2789 Sat.
1342 2753 1389 2802 1,
1421 2753 1468 2804 3,
1496 2753 1561 2793 53.
1630 2753 1790 2790 Caldior
1809 2759 1886 2789 est.-

378 2824 483 2860 aeris
505 2823 605 2859 inter
622 2831 856 2861 numeretur.
915 2821 973 2859 De
1000 2832 1070 2858 usu
1095 2819 1172 2869 huj.
1191 2831 1271 2856 voc.
1298 2819 1373 2857 vid.
1395 2821 1502 2858 Cort.
1523 2821 1571 2858 ad
1590 2819 1685 2857 Plin.
1707 2818 1828 2870 Epist.
1849 2817 1889 2868 5,

381 2889 456 2939 20,
486 2889 524 2928 6.
583 2888 699 2930 Drak.
730 2892 778 2928 ad
805 2891 871 2928 Sil.
894 2889 968 2939 15,
997 2888 1091 2928 337.
1137 2886 1275 2924 Calido
1297 2888 1498 2939 opponitur
1505 2887 1707 2939 frigidus,
1732 2884 1890 2936 gelidus
