2054 3268
368 222 423 265 28
509 228 874 268 COMMENTARII
899 228 953 266 IN
980 226 1198 265 HORATII
1226 225 1395 264 EPIST.
1423 228 1564 264 PRIM.
1588 228 1686 265 LIB.
1714 229 1745 284 L

369 335 480 373 finire
515 335 672 387 dubito,
702 340 796 376 licet
813 336 1018 388 ingeniosa
1046 337 1098 374 sit
1127 336 1340 373 Kirekneri
1364 335 1537 387 (Quaest.
1570 339 1707 375 Horat.
1735 349 1775 388 p.
1795 335 1882 387 36.)

370 415 458 438 eam
478 402 529 440 ad
551 417 702 442 annum
724 406 806 445 739
825 404 1028 442 referentis
1046 405 1280 453 conjectura.
1335 402 1425 440 vid.
1453 402 1504 440 ad
1523 417 1562 441 v.
1581 405 1621 444 3.
1677 402 1724 440 Id
1751 409 1884 439 tamen

367 482 439 520 pro
469 477 575 508 certo
607 469 838 509 habendum
865 469 1040 518 videtur,
1079 470 1287 508 Horatium
1329 475 1456 506 aetate
1488 471 1573 520 jam
1599 470 1885 521 provectiorem

367 543 458 586 post
475 538 618 588 lyrica,
653 550 754 589 quae
777 544 856 575 tres
880 537 943 574 illi
963 536 1055 573 libri
1083 537 1359 587 suppeditant,
1387 535 1464 574 hoc
1487 537 1733 587 poematium
1748 537 1885 573 mitio-

369 603 421 639 ris
437 604 652 653 sapientiae
671 605 836 654 plenum
865 604 1154 654 composuisse,
1185 617 1266 641 11011
1292 610 1337 640 ut
1363 609 1466 640 esset
1489 604 1572 640 veri
1596 604 1790 654 prooemii
1821 604 1886 640 lo-

368 682 414 706 co
429 667 465 720 *)
479 699 488 717 ,
509 668 617 721 quod
636 669 786 707 erudite
806 669 1088 708 demonstravit
1107 669 1350 707 Kirelmeras
1365 683 1405 721 p.
1420 670 1473 709 12
1493 676 1533 706 et
1547 669 1601 709 35
1614 698 1624 718 ,
1655 669 1726 707 sed
1753 671 1884 721 potius

367 735 610 773 credendum
628 743 706 784 est,
732 735 834 773 illud
854 737 931 774 alia
951 736 1123 788 quadam
1143 737 1368 783 occasione,
1397 749 1476 788 qua
1493 737 1699 774 Maecenas
1720 738 1886 775 Poetam

368 801 418 838 ad
437 803 608 853 lyricum
637 802 839 854 quoddam
867 802 1093 842 cohortatus
1125 809 1245 850 esset,
1275 804 1466 853 scriptmn
1491 810 1530 840 et
1548 801 1709 841 edendis
1725 805 1886 855 Episto-

368 869 417 904 lis
436 870 685 919 propositum
705 883 810 919 esse,
838 877 884 907 ut
902 871 1104 920 prooemio
1132 870 1244 920 quasi
1265 870 1481 906 inserviret.
1521 870 1652 915 Quum
1675 882 1728 906 ex
1740 868 1887 906 Kirch-

367 936 454 970 neri
475 934 702 972 doctissima
731 935 780 973 de
807 937 923 974 rebus
947 936 1235 987 chronologicis
1265 935 1527 986 disputatione
1546 942 1752 986 appareat,
1789 936 1886 972 Car-

367 1002 523 1038 minum
550 1009 629 1039 tres
648 1003 768 1040 libros
787 1004 957 1054 priores,
980 1005 1204 1055 promiscue
1228 1004 1487 1054 compositos,
1519 1003 1639 1039 simul
1659 1009 1698 1039 et
1720 1002 1887 1051 conjun-

368 1069 463 1104 ctim
483 1068 608 1106 editos
629 1070 730 1106 circa
767 1082 918 1106 annum
952 1072 1034 1111 736
1055 1071 1199 1118 fuisse,
1228 1070 1344 1106 facile
1379 1070 1635 1120 intelligitur,
1657 1068 1763 1106 hanc
1784 1070 1888 1119 Epi-

367 1134 508 1171 stolam
537 1149 616 1172 non
640 1142 732 1172 ante
759 1149 912 1173 annum
939 1138 1021 1177 736
1050 1138 1239 1187 scriptam
1271 1149 1362 1173 esse.
1433 1137 1491 1173 Ne
1530 1137 1618 1186 quis
1652 1134 1754 1172 mihi
1784 1136 1886 1185 obji—

368 1201 445 1236 ciat
461 1202 587 1251 Epist.
611 1203 633 1241 1
646 1231 656 1250 ,
674 1203 742 1242 20.
766 1204 927 1254 Epilogi
943 1203 1030 1240 loco
1049 1205 1236 1254 scriptam
1253 1209 1292 1240 et
1311 1215 1461 1239 annum
1477 1201 1559 1242 734
1576 1216 1617 1239 11.
1638 1215 1672 1240 c.
1692 1203 1802 1240 Varr-
1821 1203 1887 1239 in—

368 1265 584 1315 dicantem,
608 1281 686 1319 quo
705 1271 792 1307 loco
813 1271 1037 1321 nuperrime
1059 1271 1201 1307 abusus
1223 1275 1281 1306 est
1301 1269 1486 1319 Langius
1507 1269 1548 1304 111
1562 1269 1709 1306 Berlin.
1722 1267 1885 1306 Jahrbb.

367 1333 397 1369 f.
430 1334 536 1370 wiss.
568 1336 667 1371 Krit.
706 1335 827 1375 1835.
865 1338 912 1373 N.
937 1337 1030 1376 107.
1066 1351 1106 1388 p.
1126 1337 1228 1383 862,
1261 1335 1460 1373 observari
1486 1336 1631 1383 velim,
1666 1336 1888 1386 Epistolam

368 1398 622 1437 undecimam
635 1402 759 1452 lyrica
777 1416 858 1440 11011
873 1403 993 1441 1110ἀο
1015 1405 1157 1454 scripta
1171 1432 1182 1450 ,
1209 1415 1350 1439 verum
1367 1404 1487 1438 etiam
1500 1403 1585 1451 jam
1604 1401 1710 1439 edita
1727 1416 1887 1454 ponere,

369 1478 448 1516 qua
473 1466 636 1518 quidem
652 1483 693 1506 re
716 1471 792 1507 alia
807 1472 1009 1522 Epistolae
1022 1471 1233 1508 vicesimae
1251 1468 1568 1520 interpretandae
1589 1471 1687 1508 ratio
1710 1475 1827 1520 atque
1841 1482 1888 1506 ea

368 1538 428 1568 est
441 1561 453 1580 ,
489 1545 611 1583 quam
632 1537 692 1572 vir
710 1537 780 1574 ille
803 1536 941 1574 doctus
962 1538 1072 1584 iniit,
1097 1535 1322 1588 quaerenda
1341 1535 1550 1573 videbitur.
1607 1537 1674 1572 Ex
1692 1536 1887 1572 sententia

374 1599 426 1636 G.
452 1599 501 1636 F.
536 1601 766 1652 Grotesendi
778 1604 820 1639 in
835 1605 1050 1655 Encyclop.
1067 1605 1229 1640 Halens.
1251 1605 1299 1639 X.
1319 1609 1412 1640 sect.
1433 1604 1473 1642 2.
1495 1615 1535 1652 p.
1555 1599 1650 1641 475.
1676 1601 1775 1639 haec
1801 1603 1887 1653 pri-

367 1678 433 1701 ma
446 1667 626 1716 Epistola
645 1671 764 1719 paulo
794 1677 885 1706 ante
913 1671 1080 1707 Carmen
1101 1671 1231 1708 Secul.
1256 1671 1399 1721 scripta
1430 1675 1514 1716 est3
1546 1681 1569 1704 a
1596 1679 1674 1719 qua
1697 1670 1886 1719 temporis

368 1731 582 1770 definiendi
600 1737 750 1772 ratione
768 1749 850 1773 non
865 1738 1036 1773 multum
1059 1735 1242 1774 abhorret
1262 1737 1329 1775 W
1321 1736 1529 1783 elcbertus,
1559 1736 1628 1785 qui
1648 1747 1737 1771 eam
1756 1733 1886 1786 (Post.
1927 1755 1935 1768 .

366 1800 454 1836 Lat.
477 1801 605 1852 Reliq.
620 1799 784 1852 p.458.)
804 1815 884 1840 non
901 1810 990 1839 ante
1012 1816 1162 1840 3111111111
1179 1804 1262 1843 737
1278 1810 1481 1839 exaratam
1504 1798 1766 1852 opinatur**).
1808 1801 1888 1837 Ce-

367 1873 498 1903 terum
520 1874 650 1905 totum
667 1869 935 1919 Epistolarum
950 1871 1097 1907 librum
1124 1872 1299 1921 primum
1319 1868 1514 1921 (Bentlejc‘
1535 1869 1642 1905 enim
1672 1867 1720 1904 de
1747 1866 1822 1905 hac
1846 1881 1887 1904 re

367 1936 563 1971 sententia
579 1935 663 1984 jam
677 1934 834 1985 pridem
849 1937 1014 1987 explosa
1030 1937 1105 1988 est)
1128 1937 1391 1986 Grotesendas
1409 1937 1436 1973 l.
1457 1936 1485 1972 1.
1513 1948 1552 1986 Ρ.
1571 1931 1806 1974 472—475.
1837 1935 1884 1971 ab

368 2013 472 2038 anno
501 2001 583 2040 733
600 1998 674 2051 ***)
695 2015 821 2054 usque
845 2002 894 2039 ad
915 2015 1065 2039 annum
1083 2003 1165 2042 737
1188 2004 1379 2053 scriptum
1408 2001 1638 2052 editumque
1666 2000 1886 2048 arbitratur,

367 2067 611 2104 Kirchnems
634 2068 748 2105 illam
771 2070 1040 2119 Epistolarum
1069 2076 1108 2106 et
1127 2071 1380 2120 scriptionem
1402 2076 1442 2106 et
1469 2067 1683 2105 editionem
1708 2069 1821 2105 annis
1845 2082 1886 2105 11.

369 2147 403 2171 0.
422 2135 531 2171 Varr.
545 2134 779 2174 727—739.
802 2133 858 2185 (p.
873 2135 942 2175 36.
958 2134 1045 2188 41.)
1076 2137 1271 2183 attribuit,
1313 2135 1364 2172 ad
1384 2148 1505 2186 quem
1525 2135 1707 2186 proxime
1737 2134 1888 2172 accedit

373 2202 621 2240 lVeicherms
629 2229 645 2248 ,
675 2203 744 2252 qui
767 2202 810 2237 111
835 2215 951 2252 opere
974 2204 1190 2241 novissimo
1217 2202 1265 2239 de
1289 2203 1410 2240 Lucii
1432 2203 1548 2241 Varii
1570 2208 1607 2238 et
1628 2200 1755 2237 Cassii
1778 2202 1887 2237 Par-

368 2271 511 2306 mensis
537 2269 616 2307 Vit.
641 2275 678 2305 et
702 2269 833 2307 Carm.
857 2269 1016 2306 Grimae
1041 2269 1161 2309 1836.
1190 2282 1230 2319 p.
1255 2269 1347 2308 167.
1367 2269 1513 2306 librum
1542 2267 1648 2305 huno
1673 2267 1775 2304 circa
1806 2269 1887 2304 1111-

368 2338 470 2373 1111111
491 2337 584 2373 311111
603 2335 685 2375 738
705 2334 857 2372 editum
877 2342 1023 2373 censet.
1078 2335 1284 2375 Judicium
1311 2349 1432 2386 penes
1452 2337 1549 2374 alios
1575 2340 1672 2372 esto.

459 2511 496 2556 ²⁸)
528 2512 712 2557 Scriptura
725 2511 804 2544 illa:
821 2511 876 2545 Ad
893 2510 1127 2545 Maecenatem
1140 2510 1308 2544 Allocutio
1319 2536 1329 2554 ,
1359 2521 1381 2543 a
1396 2509 1583 2544 Torrentio
1600 2511 1637 2545 in
1652 2513 1886 2547 vetustissimo

370 2566 490 2600 codice
505 2577 568 2600 ms.
586 2574 743 2612 reperta,
761 2579 802 2601 ex
821 2567 1128 2601 Grammaticorum
1143 2567 1278 2601 ratione
1292 2565 1497 2610 explicanda
1512 2567 1663 2602 videtur.

460 2631 516 2676 **)
554 2633 611 2667 Ex
634 2639 747 2668 mente
769 2635 949 2668 Sanadom'
969 2634 1138 2668 Horatius
1162 2634 1252 2668 hanc
1272 2633 1467 2678 Epistolam
1489 2633 1685 2669 Maecenati
1708 2635 1888 2681 inscripsit

370 2689 621 2734 quinquaginta
636 2691 734 2724 annis
757 2693 883 2735 major3
905 2691 996 2725 idem
1017 2691 1093 2724 fere
1114 2691 1221 2725 sentit
1239 2690 1464 2734 Dorighello,·
1491 2691 1654 2726 Valartuae
1674 2692 1711 2726 in
1734 2692 1887 2738 Synopsi

370 2745 617 2789 chronologica
639 2746 693 2791 (p.
719 2747 873 2791 XXVI.)
897 2747 962 2783 741
986 2747 1054 2791 [Ἠ]
1078 2758 1112 2781 a.
1138 2757 1174 2781 u.
1197 2747 1361 2791 scriptam
1377 2750 1490 2790 putat.

459 2809 532 2856 ***)
563 2811 645 2852 Qua
665 2813 703 2847 in
724 2812 768 2847 re'
786 2814 1002 2859 dissentiam,
1031 2814 1105 2848 dixi
1125 2813 1163 2848 in
1183 2813 1301 2848 Jahnii
1323 2813 1468 2848 Jahrbb.
1494 2815 1595 2851 1835.
1620 2814 1702 2848 XV.
1730 2816 1764 2849 1.
1789 2826 1826 2860 p.
1842 2814 1886 2849 68

371 2880 450 2915 sqq.
495 2869 555 2904 cf.
578 2868 665 2904 ibid.
692 2870 791 2905 1836.
815 2870 913 2906 XVI.
932 2871 964 2906 1.
990 2883 1027 2916 p.
1051 2870 1107 2907 45.
1128 2870 1186 2906 51.
1210 2874 1246 2905 et
1268 2871 1306 2904 C.
1326 2870 1466 2905 Passov.
1487 2870 1512 2905 l.
1537 2871 1562 2906 l.
1587 2872 1674 2907 Not.
1689 2871 1770 2907 281.
