2028 3268
198 251 251 294 51
311 251 686 291 COMMENTARH
715 254 770 291 IN
789 253 1010 293 HORATII
1037 254 1212 293 EPIST.
1233 254 1454 293 SECUND.
1485 256 1584 296 LIB.
1611 257 1642 298 1.
1674 253 1753 295 157

201 366 291 405 crit.
311 364 362 404 de
381 364 458 404 hac
477 367 692 406 verborum
716 368 905 419 junctura
937 366 1044 419 dixi,
1074 383 1156 408 non
1180 371 1257 408 ista
1281 381 1419 408 versus
1443 369 1512 410 29.
1538 367 1591 408 ad
1609 383 1754 421 procos

201 433 421 484 Penelopea
448 437 590 475 relatio
613 438 821 488 interjecto
846 437 1043 476 vocabulo
1066 438 1318 490 Antinoique
1344 438 1473 476 multo
1501 437 1639 477 durior
1664 438 1754 477 est?

201 503 294 542 Non
314 503 394 555 ipsi
411 505 695 558 intelliguntur
717 506 900 545 versibus
926 506 996 548 30.
1016 507 1085 548 31.
1116 506 1340 556 Phaeaces,
1374 506 1596 546 Demodoci
1624 507 1756 546 modis

202 579 244 611 et
265 571 419 611 cithara
436 587 523 613 sese
545 575 812 625 oblectantes,
843 587 1076 628 quanquam
1097 582 1240 627 sponte
1257 576 1373 614 nobis
1391 583 1627 615 succurrunt
1640 578 1760 627 proci

200 643 263 680 illi
290 641 402 681 idem
424 643 619 684 facientes
639 642 799 682 Phemii
827 642 981 682 cantu?
1010 643 1075 683 Ad
1101 646 1310 696 vulgatam
1328 643 1627 683 distinctionem
1645 646 1758 683 mul-

202 717 293 750 tum
322 725 482 766 quoque
512 714 630 762 facit,
661 712 771 766 quod
795 712 903 765 apud
932 711 1190 751 Athenaeum
1218 714 1246 751 l.
1271 714 1301 751 l.
1332 714 1531 752 luxuriosi
1557 726 1640 751 non
1672 720 1759 751 tam

203 795 297 820 cum
311 782 505 830 Alcinoo,
537 795 659 834 quam
686 795 778 820 cum
803 780 1054 820 Phaeacibus
1081 788 1363 834 comparantur
1383 780 1458 832 (ita
1482 779 1687 819 Plutarch.
1709 780 1760 819 de

202 849 299 888 lsid·
319 856 358 887 et
377 848 521 888 Osirid-
541 851 625 889 VII·
646 864 686 902 p-
706 850 805 891 393.
825 849 948 889 Rsk.:
983 850 1166 898 Φαίακας
1186 847 1282 898 τούς
1299 848 1549 904 ἁβροβίους),
1570 849 1760 903 quodque

203 921 299 958 Hor.
326 920 414 958 sine
438 918 560 957 dubio
586 917 758 956 Alcinoi
762 920 1021 966 juventutem
1047 920 1253 957 intellexit
1271 920 1369 957 istos
1389 918 1458 959 52.
1477 920 1661 970 juvenes,
1690 920 1762 971 qui

203 987 258 1026 ad
289 988 450 1027 Alcinoi
489 988 629 1039 epulas
663 985 830 1025 admissi
866 999 934 1025 eas
965 986 1143 1026 ludendo
1173 995 1211 1026 et
1242 985 1427 1026 saltando
1467 981 1762 1036 exhilarabant,

203 1055 350 1109 Odyss.
383 1057 423 1105 8,
452 1056 508 1097 35
541 1062 581 1093 et
606 1055 691 1104 55„
732 1054 842 1108 quod
866 1057 937 1094 Vir
971 1055 1112 1095 doctus
1142 1055 1309 1109 quidam
1336 1057 1440 1093 bene
1466 1055 1603 1094 docuit
1624 1063 1762 1094 contra

202 1126 468 1177 Doeringium
489 1124 534 1162 in
567 1122 758 1163 Seebodji
784 1122 990 1173 „Archiv“
1024 1126 1149 1166 1826.
1174 1126 1272 1163 fasc.
1304 1127 1339 1165 1.
1359 1126 1401 1165 2.
1427 1139 1467 1177 Ρ.
1490 1123 1584 1165 155.
1642 1127 1681 1163 Is
1703 1131 1764 1162 est

204 1195 270 1231 Fr.
291 1194 463 1243 Jacobs„
495 1194 567 1246 qui
594 1191 706 1230 idem
725 1194 990 1245 Doeringium
1020 1195 1063 1231 in
1097 1207 1229 1232 errore
1254 1195 1431 1246 potuisse
1446 1206 1701 1245 perseverare
1719 1194 1763 1230 in

205 1262 300 1300 edit.
331 1263 454 1304 1828.
479 1268 520 1299 et
548 1262 592 1299 in
616 1260 681 1300 ed.
713 1263 871 1300 minore
897 1262 1017 1300 valde
1041 1264 1233 1311 miratur,
1265 1274 1498 1315 quanquam
1523 1263 1594 1300 Vir
1613 1261 1764 1300 doctis-

205 1332 334 1369 simus
355 1329 562 1379 concedit,
591 1330 855 1382 Doeringium
877 1329 927 1369 de
948 1331 1117 1370 Alcinoo
1138 1332 1325 1369 luxuriae
1349 1329 1484 1369 dedito
1507 1329 1673 1369 laudare
1689 1343 1765 1383 po-

205 1401 332 1438 tuisse
365 1400 501 1437 locum
532 1412 598 1451 ap.
633 1398 806 1438 Suidam
844 1401 894 1437 Π.
933 1413 976 1452 Ρ.
1008 1398 1107 1440 684.
1136 1397 1583 1454 “Όμηρος-Νέστορι
1612 1402 1766 1454 γηραιῷ

207 1466 293 1510 ’ὄντι
315 1466 434 1523 κρέας
455 1463 576 1509 ὀπτὸν
592 1465 692 1520 βοὸς
720 1468 861 1508 δίδωσι
878 1466 948 1508 καὶ
972 1463 1138 1523 'Al-xiva>
1158 1466 1202 1508 δὲ
1220 1465 1419 1523 τρυφερὸν
1442 1466 1634 1525 ᾑρημένα)
1658 1469 1766 1521 βίον,

206 1533 448 1586 σπουδάζων
468 1534 578 1588 ’ἡμᾶς
595 1532 823 1588 α’ποστῆσαι
839 1537 921 1576 τῶν
946 1531 1132 1576 οἷτάκτων
1149 1535 1393 1590 ἔπιθυμίων.
1450 1537 1667 1589 Sequitur:
1697 1535 1768 1577 καὶ

203 1601 407 1659 Ἀλκίνοος
433 1602 528 1654 τούς
551 1601 885 1659 τρυφερωτάτους
911 1602 1054 1644 ἓστιαῑν
1085 1605 1293 1656 Φαίακας,·
1320 1606 1500 1657 potuisse
1534 1618 1766 1657 comparare

206 1675 329 1712 etiam
350 1674 506 1712 Platon.
525 1675 625 1726 Rep.
648 1676 700 1711 X.
717 1687 758 1726 p.
778 1669 876 1713 614.
898 1673 943 1711 Β.
973 1668 1063 1713 ἄλλ’
1081 1669 1131 1714 οὗ
1154 1671 1292 1726 μέντοι
1312 1685 1377 1714 σοι
1395 1669 1581 1713 Ἀλκίνου
1598 1688 1642 1727 γε
1665 1669 1768 1715 εἰπό-

204 1745 326 1797 λογον
346 1740 438 1796 ἐρῶ,
459 1737 550 1782 ἀλλ’
567 1739 738 1794 ἀλκίμου
759 1738 833 1794 μὲν
854 1736 1015 1794 ἀνδρός,
1034 1740 1105 1779 ubi
1123 1754 1196 1793 per
1215 1740 1437 1780 antithesin
1450 1743 1611 1780 Alcinoi
1630 1739 1767 1796 τρυφή

205 1817 368 1850 notetur
382 1840 394 1859 ,
423 1817 463 1848 et
482 1811 774 1850 Stallbaumius
793 1807 932 1848 laudet
954 1823 996 1862 p.
1015 1810 1115 1851 336.
1142 1810 1264 1848 verba
1283 1807 1558 1849 Scholiastae:
1591 1809 1616 1852 0‘
1638 1806 1770 1852 ’Λλκίι

206 1895 302 1929 νοος
319 1876 420 1933 πρὸς
442 1879 607 1933 εἰρήνην
624 1876 836 1920 ὑπόκειται
853 1876 1013 1932 βλέπων
1030 1877 1101 1918 καὶ
1121 1877 1296 1933 τρυφήν.

315 1949 365 1987 V.
390 1948 460 1990 30.
496 1949 574 1986 Cui
592 1971 649 1979 ——-
670 1948 754 1986 dies
779 1955 829 1986 et.
900 1948 1114 1999 Expressit
1149 1949 1199 1985 H.
1232 1947 1399 1986 liberius
1427 1947 1573 2001 Odyss.
1601 1949 1642 1997 8,
1668 1946 1767 1989 249.

207 2015 277 2056 καὶ
306 2011 435 2057 εὐναὶ.
493 2017 643 2067 Magna
672 2017 824 2054 ironiae
866 2016 929 2054 vis
964 2017 1072 2054 inest
1107 2017 1150 2052 in
1174 2029 1235 2064 eo,
1267 2015 1378 2068 quod
1395 2016 1621 2067 pulchrum
1648 2015 1768 2064 dicit3

207 2083 290 2122 vid.
314 2097 353 2122 v.
378 2084 419 2124 3.
437 2104 493 2112 —
513 2085 558 2120 in
585 2083 734 2121 medios
761 2084 804 2121 d.
839 2084 881 2121 d.
915 2085 1162 2122 Graecorum
1183 2096 1319 2132 more,
1349 2085 1419 2135 qui
1447 2085 1504 2132 εἷς
1526 2082 1655 2125 πολΰν
1679 2080 1771 2137 χρό-

207 2168 284 2194 νον
308 2147 531 2192 καθεύδειν
560 2152 627 2189 vel
656 2149 768 2203 μέχρι
789 2148 892 2205 πρός
921 2148 968 2192 vd
999 2153 1075 2203 τῆς
1102 2150 1255 2203 ἡμέρας
1275 2150 1399 2204 μέσον
1426 2148 1650 2192 καθεύδειν
1669 2151 1770 2189 effe-

208 2227 325 2270 runt3
361 2220 413 2258 cf.
437 2217 604 2258 chabor.
628 2220 705 2271 Ep.
730 2220 767 2268 1,
799 2221 866 2269 18,
896 2217 967 2260 34.
997 2219 1166 2257 dormiet
1189 2221 1234 2256 in
1255 2219 1400 2257 lucem.
1437 2221 1503 2270 17,
1524 2220 1565 2260 6.
1591 2221 1772 2270 primam

207 2303 372 2327 somnus
403 2290 448 2325 in
478 2287 634 2325 horam.
694 2289 859 2325 Etenim
885 2286 995 2340 apud
1026 2289 1230 2326 Romanos
1259 2300 1342 2325 non
1375 2294 1461 2324 erat
1490 2288 1568 2325 nisi
1592 2285 1769 2326 hominis

207 2358 348 2406 otiosi,
378 2369 569 2396 somnum
599 2354 832 2408 protrahere
854 2358 922 2395 vel
946 2354 1000 2394 ad
1025 2356 1200 2407 primam
1226 2353 1306 2392 diei
1336 2354 1502 2406 horam,
1528 2354 1611 2393 vid.
1635 2358 1769 2395 Bentl-

209 2425 263 2464 ad
290 2426 374 2465 Sat.
398 2427 435 2475 1,
462 2427 502 2475 6,
529 2426 636 2474 126„
667 2424 815 2464 Heind.
843 2424 895 2463 ad
917 2425 1002 2464 Sat.
1025 2425 1066 2473 2,
1093 2423 1133 2473 6,
1161 2424 1244 2473 61.,
1271 2424 1441 2462 Casaub.
1462 2432 1502 2462 et
1522 2426 1690 2477 Koenig.
1719 2425 1772 2463 ad

208 2496 321 2533 Pers.
337 2495 378 2543 3,
413 2494 556 2534 1—9.
585 2491 800 2532 Weichert
825 2491 875 2531 de
905 2495 953 2532 L.
983 2494 1093 2533 Varii
1120 2499 1160 2531 et
1190 2493 1320 2531 Cassii
1346 2494 1482 2532 Parm.
1509 2494 1582 2532 vit.
1609 2508 1651 2546 p.
1670 2494 1768 2539 317.

211 2562 353 2600 Senec.
379 2563 510 2613 Epist.
544 2563 640 2603 122.
707 2563 857 2613 Turpis
864 2590 882 2609 ,
912 2563 987 2615 qai
1016 2561 1100 2600 alto
1117 2561 1199 2599 sole
1224 2563 1471 2601 semisomnis
1479 2564 1623 2611 jacet,
1653 2565 1772 2612 cujus

211 2629 356 2682 vigilia
378 2630 505 2668 medio
522 2630 587 2668 die
602 2631 756 2682 incipit.

323 2699 372 2737 V.
395 2698 466 2739 31.
505 2697 584 2736 Ad
604 2701 813 2751 strepitum
835 2723 887 2729 —-
909 2711 1064 2736 curam.
1127 2698 1452 2737 Commemoravi
1479 2712 1599 2752 supra
1628 2707 1769 2739 notatu

213 2765 472 2818 dignissimas
502 2764 552 2803 de
581 2764 659 2806 hoc
685 2769 775 2807 loco
795 2768 1015 2807 sententias
1035 2779 1059 2804 a
1078 2779 1174 2806 vero
1198 2768 1442 2818 aberrantes,
1471 2775 1530 2818 ut,
1560 2781 1689 2821 quum
1711 2777 1770 2807 tot

211 2835 288 2872 viri
307 2840 439 2872 cetera
458 2833 605 2873 eruditi
627 2837 739 2888 ligna
758 2839 802 2875 in
822 2836 968 2875 silvam
983 2836 1151 2873 tulerint
1165 2864 1176 2884 ,
1207 2848 1331 2889 quam
1345 2836 1464 2875 facile
1488 2845 1615 2888 esset,
1639 2840 1683 2876 in
1706 2845 1770 2876 ta—

210 2904 318 2941 libus
334 2904 452 2941 rebus
476 2917 620 2954 errare,
652 2918 675 2943 a
689 2907 871 2959 quolibet
893 2904 1196 2955 intelligeretur.
1254 2905 1315 2943 Ac
1331 2911 1377 2944 ut
1391 2918 1473 2944 una
1494 2920 1536 2944 re
1558 2907 1768 2958 defungar,

213 2973 283 3024 qui
302 2971 526 3011 secundum
540 2973 910 3026 interpretationem
930 2973 1104 3023 Bentleji
1122 2986 1304 3011 somnum
1330 2982 1548 3013 cessantem
1568 2976 1665 3014 duci
1690 2977 1715 3013 i.
1734 2990 1767 3012 e.

1281 3039 1365 3082 11*
1396 3040 1489 3096 (4*)
