2028 3268
343 253 423 294 108

340 440 459 476 Jaeck.
478 441 510 474 1.
529 439 563 474 4.
588 440 620 475 5.
644 441 678 474 6.
703 441 793 485 pqu.
822 452 878 487 ap.
906 442 999 477 Pott.
1026 444 1071 477 al.

342 508 399 542 ap.
424 495 581 529 Hoched.
616 496 735 529 Guelf.
766 508 824 541 ap.
861 497 1012 531 Schmid.
1040 500 1072 532 1.

340 555 375 588 2.
401 553 435 587 3.
468 553 534 585 Bn.
567 552 608 585 A.
626 553 668 585 B.
685 553 731 586 D.
759 553 805 586 F.
830 553 877 586 G.
909 553 1011 587 Dess.
1040 555 1073 587 1.

341 611 377 643 2.
394 610 428 644 3.
462 610 561 642 Gott.
579 610 614 642 2.
647 607 745 653 Lips.
765 609 797 642 1.
817 608 893 642 cod.
917 609 1074 652 Mentel.,

343 665 374 698 si
405 664 504 707 hujus
536 663 677 696 varians
709 664 884 709 scriptura
915 677 954 699 re
991 678 1076 700 vera

343 720 489 754 editioni
526 719 786 763 Desprezianae
820 722 963 755 Amstel.
997 722 1075 756 695.

344 775 596 809 accommodata
618 776 705 819 fuit,
730 777 840 810 Dorv.
864 779 900 811 2.
935 779 1075 812 Corvei.

344 833 476 865 Graev.
516 831 578 874 (in
602 832 776 875 margine:
814 835 868 866 vel
887 835 1076 878 planius.)

343 887 594 921 Edd.Landin.
613 888 648 921 in
666 889 895 924 Commentar.
909 891 1076 925 Ald.501.

346 944 400 978 19.
423 944 520 977 Junt.
545 945 623 978 514.
660 945 760 990 Lips.
779 946 858 980 519.
890 946 979 980 Ven.
998 947 1077 980 520.

343 999 401 1034 53.
448 999 532 1033 Bas.
566 1001 645 1035 520.
694 1002 793 1035 Glar.
828 1002 909 1036 543.
965 1003 1076 1036 Pnlm.

343 1057 471 1091 Mutet.
496 1057 618 1090 Lamb.
655 1058 763 1101 Cruq.
790 1057 946 1100 Xyland.
969 1059 1076 1092 Fabr.

341 1114 422 1148 578.
448 1117 482 1146 et
500 1113 581 1146 Bas.
599 1113 679 1146 580.
712 1113 800 1146 Min.
819 1114 928 1147 Chab.
945 1114 1076 1147 Piscat.

342 1168 390 1203 H.
425 1169 548 1214 steph.
581 1169 715 1202 Bersm.
749 1169 855 1202 Torr.
887 1170 999 1204 Bond.
1031 1170 1075 1203 D.

343 1226 468 1259 Heins.
507 1225 600 1258 Tan.
639 1225 729 1258 Fab.
773 1225 899 1270 Despr.
939 1226 1077 1260 Rodell.

344 1281 472 1315 Zurck.
489 1281 607 1314 Burin.
626 1282 703 1315 699.
722 1281 863 1316 Tarter.
881 1282 984 1315 Baxt.
996 1282 1076 1315 Jon.

344 1339 490 1383 Dorigh.
516 1337 606 1371 Bad.
629 1336 725 1370 Pott.
743 1338 788 1370 al.
826 1338 880 1371 De
903 1338 967 1371 hac
990 1338 1078 1371 scri-

344 1400 448 1440 ptura
462 1394 535 1428 vid.
552 1394 680 1427 Bauer.
705 1393 742 1426 in
757 1394 845 1428 Hor.
864 1394 969 1428 Obss.
987 1395 1078 1439 Spe-

346 1452 424 1486 cim.
447 1452 513 1485 ΠΙ.
540 1451 799 1494 Hirschbergae
823 1452 937 1495 1782„
969 1451 1078 1484 Eich-

346 1509 436 1542 stad.
463 1509 507 1543 ad
522 1519 590 1542 van
608 1507 756 1540 ommes.
774 1519 811 1551 p.
828 1508 907 1541 214.
936 1512 971 1541 et
990 1518 1081 1551 quae

347 1565 514 1598 annotavi
535 1564 572 1597 in
595 1563 744 1597 Seebod.
762 1562 854 1596 Bibl.
882 1564 960 1596 crit.
979 1563 1079 1597 1825.

347 1622 475 1666 p.293.
494 1625 599 1664 atque
614 1620 650 1652 in
666 1619 810 1663 Allgem.
825 1619 966 1652 Schulz.
980 1621 1080 1654 1832.

348 1692 382 1723 p.
410 1678 490 1712 503.
546 1676 760 1720 Scripturam
784 1687 804 1708 a
827 1687 880 1708 me
913 1675 991 1708 olim
1022 1687 1080 1708 re-

348 1738 482 1779 ceptam
508 1732 609 1766 docte
639 1737 756 1766 tuetur
786 1732 893 1765 Bach.
927 1732 963 1770 in
986 1731 1080 1764 Zim-

349 1802 464 1824 merm.
483 1788 687 1822 zeitschrift
712 1794 778 1822 etc.
805 1787 905 1822 1834.
923 1799 959 1831 p.
981 1788 1081 1821 1031.

352 1846 502 1880 Planius
526 1845 571 1878 al.
597 1856 677 1878 mss.
707 1856 763 1890 ap.
780 1843 901 1877 Lamb.
918 1843 1029 1876 Pulm.
1049 1845 1081 1877 1.

349 1906 383 1938 2.
407 1904 442 1938 4.
480 1901 619 1936 Marcil.
653 1901 732 1945 (qui
747 1901 889 1946 probat)
920 1900 1029 1943 Cruq.
1046 1899 1081 1933 3.

347 1959 381 1994 4.
400 1962 434 1995 7.
483 1959 589 1992 Torr.
613 1958 667 2002 (2³)
707 1957 823 1991 Bentl.
841 1958 897 2001 (22)
928 1956 1025 1988 Feae
1051 1957 1082 1998 1,

349 2029 385 2062 g.
408 2018 434 2050 i.
453 2028 489 2050 n.
506 2017 539 2058 2,
557 2015 592 2048 h.
610 2016 643 2057 9,
661 2014 697 2047 d.
732 2012 852 2047 Oberl.
877 2012 952 2045 sine
977 2011 1083 2045 dubio

349 2074 394 2106 C.
418 2072 464 2106 D.
498 2072 620 2105 Comb.
646 2071 687 2104 C.
710 2071 805 2104 Pott.
832 2070 865 2103 1.
893 2069 927 2102 7.
951 2068 1006 2101 10.
1027 2068 1082 2100 14.

349 2128 507 2162 Hoched.
535 2140 567 2162 a.
591 2130 627 2162 b.
652 2129 687 2162 d.
712 2127 738 2160 f.
763 2127 789 2160 i.
806 2138 850 2159 m.
884 2124 951 2157 Bn.
978 2124 1019 2156 C.
1035 2123 1082 2156 E.

352 2185 473 2230 Guelf.
501 2186 523 2218 4
546 2185 655 2218 Goth.
681 2184 781 2216 Gott.
809 2184 841 2216 1.
866 2180 966 2225 Lips.
989 2181 1024 2214 2.
1049 2180 1084 2214 3.

350 2243 462 2276 Dorv.
490 2243 522 2276 1.
562 2239 655 2274 Edd.
694 2239 790 2272 Med.
823 2237 905 2271 476.
937 2237 994 2271 77.
1027 2236 1084 2270 86.

351 2299 461 2343 (teste
476 2298 569 2341 Fea)
593 2297 682 2330 Ven.
701 2296 779 2330 478.
798 2295 854 2328 79.
874 2294 932 2328 81.
957 2294 1014 2328 83.
1032 2293 1083 2337 (a.

351 2356 406 2398 b.)
442 2355 499 2388 86.
526 2355 584 2388 90.
608 2354 666 2388 92.
695 2351 750 2386 95.
776 2352 833 2386 98.
881 2349 978 2383 Flor.
1005 2349 1086 2383 482.

351 2410 452 2455 Lips.
484 2410 564 2444 492.
597 2410 654 2443 98.
689 2412 724 2442 et
754 2408 870 2451 (teste
892 2406 993 2450 Fea)
1028 2406 1086 2440 99.

353 2471 424 2499 tum
447 2465 525 2499 508.
554 2466 609 2499 10.
637 2464 693 2500 14.
725 2463 834 2498 Loch.
859 2462 981 2496 Colon.
1006 2462 1086 2496 510.

354 2521 498 2554 Erford.
537 2521 616 2556 517.
664 2522 809 2555 Ascens.
842 2518 922 2554 519.
970 2518 1087 2552 Bentl.

355 2578 434 2621 (qui
451 2578 542 2620 def.)
566 2588 667 2622 quem
689 2588 765 2622 seq.
790 2576 903 2621 plerq.
926 2580 1086 2618 recentt„

356 2635 458 2667 etiam
503 2635 613 2667 Gesn.
658 2633 779 2667 Oberl.
830 2633 952 2666 Comb.
998 2632 1086 2666 Fea.

357 2690 479 2734 Camp.
522 2690 609 2733 (qui
639 2691 790 2736 explic.)
828 2689 931 2723 Jahn.
971 2688 1087 2721 Schm.

357 2746 437 2790 (qui
461 2750 606 2790 uterque
629 2747 720 2791 def.)
753 2746 912 2780 Hoched.
942 2745 1088 2778 Passov.

358 2802 510 2836 Meinek.
529 2803 574 2835 al.
601 2803 706 2842 Quod
727 2802 982 2838 vetustissimae
1009 2800 1088 2835 edd.

358 2859 395 2893 in
434 2859 498 2892 hac
532 2858 705 2903 scriptura
744 2861 982 2902 consentiunt,
1021 2869 1090 2891 non

358 2915 471 2960 magni
493 2925 578 2949 sane
605 2919 659 2949 est
682 2916 855 2950 momenti.
906 2916 979 2951 Ista
1003 2915 1091 2951 enim

898 257 1291 297 HORATII
1824 261 1850 301 2

1128 443 1344 487 Florentina,
1371 442 1528 476 bandini
1546 443 1718 490 princeps,
1744 443 1852 478 mani-

1128 499 1253 533 festum
1275 498 1532 544 typothetarum
1555 500 1710 533 mendum
1733 499 1856 540 haben

1130 556 1254 589 etenim
1286 555 1323 588 in
1353 559 1468 597 textu,
1499 565 1599 598 quem
1629 558 1776 598 vocant,
1802 555 1854 588 le—

1130 611 1224 655 gitur
1243 610 1409 654 plam‘us‚
1436 612 1498 644 sed
1529 612 1567 645 in
1597 610 1858 645 Commentariis

1130 668 1216 711 ipsis
1240 679 1308 700 non
1330 666 1428 700 modo
1453 666 1592 711 legitur,
1614 678 1732 701 verum
1756 667 1858 701 etiam

1134 723 1327 767 explicatur
1348 734 1417 756 scr.
1440 724 1591 767 plenius.
1622 722 1858 758 Florentinam

1134 780 1208 812 sere
1229 783 1429 823 sequuntur,
1453 784 1491 812 ut
1514 779 1599 813 alias
1621 784 1764 822 taceam,
1785 778 1858 811 Ve-

1135 840 1214 869 neta
1234 835 1301 869 483
1325 839 1360 868 et
1375 834 1456 869 486.
1489 834 1550 867 Sic
1565 847 1601 868 v.
1622 837 1655 869 1.
1687 844 1861 868 commune

1135 896 1189 925 est
1210 890 1395 924 editionum
1421 890 1509 924 Ven.
1532 890 1611 925 479.
1633 892 1691 926 83.
1718 891 1775 924 86.
1800 891 1859 925 90.

1131 948 1188 981 92.
1214 951 1248 981 et
1263 947 1464 982 mor-482.
1489 951 1657 980 erratum:
1691 946 1859 980 maxima.

1133 1005 1292 1037 Ceterum
1316 1003 1418 1036 etiam
1449 1002 1533 1036 alibi
1555 1003 1592 1036 in
1613 1013 1694 1036 mss.
1721 1007 1757 1036 et
1780 1001 1859 1035 edd.

1132 1065 1295 1093 mutatum
1312 1064 1364 1093 est
1379 1070 1457 1092 voc.
1472 1060 1577 1103 plene
1591 1059 1629 1092 in
1648 1059 1769 1103 plane,
1786 1058 1860 1092 vid.

1131 1115 1255 1148 Heins.
1274 1115 1318 1148 ad
1332 1115 1412 1148 Val.
1429 1114 1460 1147 F
1462 1115 1549 1148 lace.
1566 1116 1599 1158 8,
1616 1114 1696 1149 456.
1722 1115 1860 1159 Zumpt.

1133 1172 1177 1205 ad
1196 1171 1346 1211 Quintil.
1370 1171 1458 1204 Inst.
1475 1173 1509 1214 2,
1525 1171 1568 1214 3,
1585 1172 1618 1205 6.
1650 1171 1792 1204 Biinem.
1818 1170 1863 1204 ad

1131 1227 1292 1261 Lactant.
1322 1227 1408 1260 Inst.
1431 1227 1465 1270 5,
1491 1227 1525 1270 4,
1548 1227 1582 1260 3.
1631 1227 1790 1261 Oudend.
1817 1227 1863 1260 ad

1136 1285 1239 1318 Caes.
1272 1285 1308 1317 b.
1341 1282 1409 1316 civ.
1437 1285 1468 1325 1,
1496 1283 1552 1316 53.
1586 1286 1621 1316 et
1651 1283 1694 1316 ad
1725 1282 1863 1326 Apulej.

1132 1341 1220 1374 Met.
1237 1339 1336 1372 VIII.
1360 1350 1396 1383 p.
1421 1337 1499 1371 569.
1525 1338 1632 1372 Drak.
1657 1339 1702 1372 ad
1726 1338 1806 1372 Liv.
1827 1339 1862 1382 4,

1133 1398 1189 1440 32,
1215 1396 1271 1430 10.
1306 1395 1407 1428 Gies.
1426 1394 1470 1427 ad
1486 1394 1561 1428 Cic.
1585 1395 1628 1428 de
1643 1395 1761 1429 Divin.
1777 1396 1813 1438 2,
1830 1396 1864 1438 1,

1134 1455 1169 1488 3.
1209 1456 1244 1485 et
1271 1455 1392 1484 contra
1414 1450 1522 1484 Drak.
1558 1451 1602 1485 ad
1625 1451 1691 1484 Sil.
1715 1452 1756 1495 3,
1783 1451 1864 1486 532.

1135 1508 1299 1542 Wernsd.
1325 1506 1369 1540 ad
1390 1505 1502 1539 Lucil.
1519 1505 1621 1540 Aetn.
1643 1508 1724 1542 282.
1752 1507 1864 1540 Grun.

1137 1565 1180 1599 ad
1196 1563 1316 1597 Sedul.
1335 1563 1449 1596 Carm.
1475 1564 1506 1606 1,
1523 1563 1601 1597 213.
1635 1563 1864 1606 Scholiastae,

1136 1621 1196 1665 qui
1211 1619 1333 1653 iisdem
1350 1619 1424 1652 fere
1439 1618 1554 1652 verbis
1570 1618 1758 1662 declarant,
1773 1618 1864 1652 Poe-

1136 1683 1206 1711 tam
1228 1677 1266 1709 in
1289 1677 1352 1708 hac
1369 1675 1440 1720 Ep.
1465 1675 1646 1708 ostendere
1667 1675 1770 1718 velle,
1796 1687 1866 1709 me-

1137 1734 1208 1766 lius
1235 1737 1270 1765 et
1294 1731 1451 1776 apertius
1478 1730 1684 1775 (Porphyr.)
1708 1743 1770 1765 seu
1791 1744 1866 1766 ma-

1135 1790 1299 1833 nifestius
1331 1792 1366 1822 et
1399 1787 1523 1820 melius
1556 1786 1658 1830 (Aer.
1684 1792 1720 1821 et
1746 1788 1865 1822 Schol.

1137 1847 1266 1890 Cruq.)
1289 1857 1328 1879 se
1347 1844 1481 1877 discere
1503 1847 1690 1888 praecepta
1710 1843 1866 1889 philoso-

1136 1904 1241 1950 phiae
1263 1904 1305 1936 ab
1330 1902 1500 1943 Homero,
1536 1910 1638 1943 quam
1670 1911 1692 1933 a
1713 1899 1865 1944 philoso-

1137 1960 1229 2006 phis,
1255 1962 1347 2001 sunt,
1379 1958 1417 1991 ni
1439 1957 1507 1990 alia
1530 1957 1715 2000 accedant,
1738 1957 1869 2001 ubique

1137 2016 1263 2050 dubiae
1279 2014 1372 2057 fidei,
1389 2024 1492 2058 quum
1508 2018 1543 2046 et
1558 2012 1642 2046 alibi
1655 2016 1786 2047 textum
1796 2013 1868 2057 jam

1138 2075 1335 2116 corruptum
1352 2069 1535 2114 explicent,
1552 2073 1591 2102 ut
1599 2069 1674 2102 Sat.
1693 2070 1724 2113 1,
1738 2070 1771 2113 6,
1790 2069 1868 2104 126.

1140 2129 1210 2162 Od.
1233 2130 1267 2171 3,
1291 2129 1325 2170 3,
1355 2127 1409 2161 16.
1435 2125 1492 2160 34.
1524 2125 1611 2170 ibiq.
1636 2124 1751 2158 Bentl.
1798 2125 1871 2165 Qui

1140 2185 1289 2229 denique
1307 2182 1486 2217 Ciceronis
1503 2181 1709 2215 auctoritate
1720 2181 1870 2225 planius

1140 2253 1215 2275 cum
1242 2241 1356 2274 dicere
1384 2238 1562 2283 jungentis
1593 2237 1766 2281 nituntur,
1800 2247 1869 2281 quo

1143 2301 1342 2342 argumento
1359 2299 1498 2341 praeter
1514 2294 1582 2327 alia
1596 2304 1677 2327 usus
1693 2298 1747 2328 est
1760 2294 1869 2328 Bent-

1142 2354 1250 2399 lejus,
1282 2352 1548 2387 assentientibus
1574 2349 1650 2387 [ἔθει
1676 2354 1712 2383 et
1732 2349 1870 2384 Kraftio

1143 2411 1203 2456 (ad
1218 2410 1347 2443 Muret.
1360 2409 1474 2442 Oratt.
1483 2419 1519 2452 p.
1529 2406 1641 2450 2890,
1650 2405 1736 2440 nihil
1751 2409 1870 2451 agunt.

1142 2467 1282 2501 Etenim
1317 2465 1459 2510 plenius
1493 2463 1625 2507 dicere,
1665 2462 1809 2506 exsequi
1836 2465 1873 2496 et

1142 2523 1268 2558 similia
1297 2532 1408 2566 aeque
1443 2518 1604 2558 dicuntur
1634 2518 1760 2562 latine,
1795 2517 1870 2553 vid.

1142 2579 1284 2613 Biinem.
1308 2578 1352 2612 ad
1376 2576 1536 2610 Lactant.
1563 2575 1649 2609 Inst.
1670 2574 1704 2619 4,
1727 2575 1784 2619 30,
1814 2573 1871 2609 14.

1143 2635 1222 2669 coll.
1248 2636 1280 2678 1,
1299 2636 1330 2677 1,
1354 2634 1411 2667 20.
1458 2631 1584 2666 Omnia
1603 2631 1712 2676 igitur
1732 2631 1771 2664 in
1789 2642 1871 2665 sen·
1924 2659 1928 2662 .

1142 2691 1327 2726 tentiarum
1351 2700 1458 2732 nexu,
1485 2688 1530 2722 de
1552 2698 1620 2732 quo
1653 2687 1746 2722 infra
1775 2687 1870 2722 dice-

1143 2751 1218 2790 tur,
1250 2751 1330 2781 sunt
1363 2745 1492 2792 posita.
1554 2743 1702 2778 Planius
1732 2747 1873 2778 tuentur

1145 2803 1248 2838 etiam
1271 2803 1389 2836 Jacob.
1422 2801 1460 2835 in
1491 2799 1642 2834 Seebod.
1669 2799 1760 2834 Bibl.
1791 2799 1872 2834 crit.

1146 2860 1247 2895 1829.
1277 2871 1314 2904 p.
1338 2858 1417 2892 416.
1459 2856 1620 2898 Diibner,
1651 2856 1697 2890 V.
1721 2855 1758 2890 d.
1783 2855 1872 2890 ibid.

1146 2915 1246 2951 1830.
1277 2927 1314 2962 p.
1345 2914 1426 2949 386.
1482 2914 1614 2947 Censor
1645 2911 1729 2947 edit.
1766 2911 1798 2946 Ι.
1835 2911 1874 2946 in

1883 0 2028 259 ’ἲ
