2028 3268
452 266 534 308 386
591 265 962 306 COMMENTARII
990 265 1047 303 IN
1075 263 1291 303 HORATII
1318 263 1415 303 LIB.
1435 265 1464 302 Ι.
1485 264 1644 304 EPIST.
1667 264 1811 304 SEPT.
1869 265 1950 307 114

450 391 619 440 rogando
655 389 853 427 exclamat:
891 387 1058 438 Negat?
1091 388 1164 431 Qui
1189 386 1474 436 Conjunctivum
1501 386 1528 424 i.
1557 399 1591 424 e.
1619 385 1837 436 „Potestne
1869 386 1950 424 fieri

452 457 523 494 υἱέ(
550 461 620 493 etc.
646 457 875 505 praeferunt,
901 459 1047 491 tantum
1076 453 1184 491 abest
1204 457 1246 491 ut
1269 453 1405 490 fortius
1430 453 1519 502 quid
1547 452 1711 503 vulgato,
1738 455 1791 491 uti
1819 454 1950 503 opina-

453 528 513 561 tur
541 522 747 570 Bentlejus
760 549 775 567 ,
803 526 846 558 ut
870 522 1058 558 remissius
1089 520 1178 569 quid
1207 519 1367 556 habeant
1391 523 1429 556 et
1456 519 1588 556 lenius.
1644 519 1803 570 Negare
1828 523 1950 557 autem

453 590 510 626 hic
537 589 736 638 opponitur
763 589 819 636 ei,
849 589 947 637 quod
977 590 1036 624 est
1065 587 1288 636 promittere
1317 599 1377 636 ap.
1408 585 1489 622 Cic.⁴
1519 586 1567 622 de
1597 585 1673 622 Off.
1701 586 1748 634 3,
1784 584 1859 634 14,
1883 585 1950 626 58.

452 656 511 694 vel
535 655 760 704 promittere
788 654 845 690 ad
873 666 1032 690 coenam
1059 666 1118 702 ap.
1152 653 1311 690 Phaedr.
1343 650 1390 701 4,
1421 650 1494 700 24,
1528 651 1592 692 15.
1629 655 1668 689 et
1695 664 1754 701 ap.
1786 650 1880 689 Plin.
1912 652 1952 689 in

452 723 574 771 Epist.
611 722 656 769 1,
690 721 766 769 15,
800 723 836 761 1.
900 719 1127 758 Groebelms
1156 720 1289 769 aliique
1317 719 1471 769 intelligi
1494 717 1644 768 jubent:
1686 719 1773 767 „ad
1799 730 1859 756 me
1886 729 1950 755 ve-

454 788 577 825 nire.“
634 787 810 824 Ceterum
828 787 867 823 in
892 786 949 823 his
977 787 1101 824 verbis
1136 787 1356 823 Torrentius
1380 786 1578 823 artificiose
1607 785 1804 822 admodum
1829 784 1951 822 divitis

451 867 474 891 a
505 867 670 904 paupere
712 854 915 902 contempti
954 858 1099 902 gestum
1128 854 1230 891 videt
1266 865 1492 902 expressum.
1550 850 1610 890 Ad
1646 851 1761 900 haec,
1800 855 1842 888 ut
1866 852 1954 888 sunt

452 934 642 958 servorum
669 920 831 970 ingenia,
860 919 1075 958 Demetrius
1104 920 1186 957 ille:
1216 919 1354 970 Negat
1378 917 1576 968 improbus
1596 919 1621 956 i.
1647 931 1681 956 e.
1706 918 1955 968 impudenter,

449 988 693 1037 pervicaciter
722 986 795 1038 (C.
825 985 988 1024 Passov:
1022 986 1182 1036 „Frech
1210 987 1366 1036 weigert
1394 999 1433 1023 er
1446 986 1497 1034 ιί)
1521 984 1580 1022 vel
1609 989 1737 1022 nostro
1766 995 1955 1022 sermone:

450 1055 547 1103 „der
575 1053 760 1103 Flegel,“
811 1052 910 1101 „der
940 1052 1209 1103 Trotzkopf‚“
1256 1053 1357 1102 quod
1396 1052 1534 1089 mavult
1570 1051 1742 1088 Oretltus
1777 1049 1956 1088 Italorum

451 1122 529 1158 sine
557 1133 693 1170 magna
722 1120 944 1156 contumelia
973 1120 1011 1156 in
1040 1132 1214 1157 sermone
1241 1119 1410 1156 familiari
1439 1117 1516 1163 „il
1542 1116 1740 1154 ribaldo“
1769 1127 1956 1166 usurpan-

449 1187 539 1222 tium
559 1198 777 1236 comparans
799 1187 1119 1224 consuetudinem.
1168 1186 1228 1224 De
1247 1187 1347 1223 vario
1367 1198 1435 1222 usu
1454 1198 1490 1222 v.
1510 1183 1674 1233 improb.
1697 1183 1770 1221 vid.
1791 1181 1956 1222 Schmid.

450 1256 488 1289 et
514 1252 682 1290 Hoched.
718 1274 771 1280 —
809 1259 844 1289 te
871 1253 1058 1304 Negligit
1086 1259 1157 1290 aut
1183 1252 1314 1289 horret
1338 1252 1364 1290 i.
1394 1264 1428 1290 e.
1455 1255 1520 1288 aut
1552 1251 1730 1288 honorem
1755 1249 1824 1287 tibi
1850 1247 1957 1286 debi-

449 1322 527 1356 tum
547 1323 697 1357 recusat
724 1324 788 1358 aut
811 1323 850 1357 te
875 1320 984 1358 valde
1004 1321 1218 1369 admiratur,
1243 1332 1366 1370 „prae
1383 1318 1606 1356 verecundia
1622 1321 1662 1354 te
1682 1313 1958 1361 exhorrescit;“

448 1385 520 1422 hoc
551 1385 699 1435 quidem
723 1391 829 1425 recte
854 1389 1115 1438 Doeringias‚
1145 1400 1355 1437 quanquam
1377 1398 1455 1423 non
1482 1384 1606 1422 attulit
1635 1382 1817 1434 exempla,
1844 1393 1959 1433 quare

450 1453 548 1490 conf·
584 1452 720 1489 Catull-
752 1452 831 1502 64,
877 1454 970 1494 159.
1010 1454 1197 1491 horrebas
1217 1455 1345 1504 prisci
1363 1459 1578 1503 praecepta
1600 1452 1795 1502 parentis.
1854 1447 1957 1504 virg.

450 1517 544 1556 Aen.
570 1519 635 1567 11,
662 1518 757 1558 507.
824 1521 981 1558 Turnus
1004 1521 1191 1566 adhaec,
1215 1521 1346 1558 oeulos
1375 1519 1571 1557 horrenda
1589 1520 1632 1555 in
1650 1517 1803 1568 virgine
1822 1515 1958 1564 fixus.-

456 1584 491 1622 O
519 1584 635 1620 dec-as
666 1585 821 1627 ltaliae.
881 1589 960 1626 Cic.
987 1587 1103 1626 Acad.
1130 1591 1169 1637 2,
1199 1588 1268 1637 38,
1294 1589 1388 1630 121.
1416 1587 1597 1628 divinum
1624 1597 1769 1622 numen
1794 1582 1959 1620 horrere.

448 1651 580 1688 Barth.
610 1653 658 1689 ad
688 1652 818 1690 Claud.
847 1653 910 1692 VI.
943 1654 1034 1693 Cos.
1064 1654 1164 1693 Hon.
1194 1655 1262 1694 33.
1299 1659 1337 1693 et
1367 1655 1474 1691 Cort.
1507 1653 1556 1692 ad
1582 1650 1726 1690 Lucan.
1761 1649 1813 1697 3,
1862 1646 1958 1688 411.

451 1718 592 1754 Contra
615 1718 863 1766 Lambinus,
907 1734 1017 1770 quem
1046 1725 1254 1771 sequuntur
1281 1719 1482 1771 Habersi,
1518 1718 1653 1756 Schm.
1687 1720 1727 1754 et
1761 1714 1960 1753 Oreltius:

449 1783 539 1831 „vel
567 1787 670 1821 tuam
698 1784 927 1822 voluntatem
955 1799 1031 1824 non
1061 1793 1179 1836 curat,
1210 1786 1269 1825 vel
1298 1791 1337 1825 te
1366 1787 1463 1838 fugit
1489 1799 1533 1824 ac
1562 1781 1826 1823 reformidat.“
1879 1781 1960 1820 Re-

450 1851 542 1887 ctius
570 1853 695 1888 autem
722 1851 945 1901 interpretes
979 1853 1253 1899 Welandius,
1286 1854 1464 1899 Vossius,
1493 1853 1679 1895 Damus,
1706 1849 1766 1887 hic
1793 1848 1959 1899 quidem:

449 1916 509 1966 „il
536 1915 727 1964 s'excuse3
763 1918 846 1955 Soit
872 1923 1045 1969 respect,
1082 1921 1157 1958 soit
1184 1920 1346 1969 me'pris,
1385 1919 1486 1957 enfin
1513 1919 1539 1957 il
1566 1931 1657 1957 vous
1684 1916 1864 1955 refuse.“
1920 1915 1960 1954 J.

451 1982 620 2019 Merkel.
635 1998 646 2020 .·
674 1984 762 2032 „Er
789 1984 903 2022 thut's
934 1984 1176 2037 hartn'ackig,
1221 1984 1304 2024 dich
1333 1984 1523 2024 scheuend
1549 1986 1654 2023 Oder
1680 1981 1961 2022 verachtend.“

449 2052 512 2088 Sic
542 2052 622 2088 fere
649 2049 851 2101 loquuntur
877 2053 978 2089 servi
1005 2053 1164 2091 dominis
1192 2052 1411 2101 adulantes,
1452 2054 1564 2091 etiam
1591 2052 1732 2100 nostri,
1762 2050 1825 2102 qui
1854 2062 1960 2100 „vor

450 2119 658 2156 Jemanden
685 2118 854 2168 Respect
881 2119 1064 2169 speisen“
1094 2119 1233 2158 dicunt.
1290 2117 1351 2156 Ad
1378 2130 1470 2168 rem,
1496 2119 1520 2156 i.
1551 2130 1585 2156 e.
1616 2131 1690 2169 qua
1716 2118 1799 2169 quis
1827 2118 1962 2156 invita-

450 2189 511 2222 tus
541 2197 681 2222 coenae
709 2198 785 2223 non
819 2186 1024 2234 adfuisset,
1069 2185 1118 2224 cf.
1146 2185 1360 2225 Hemsterh.
1389 2184 1441 2224 ad
1466 2183 1620 2224 Lucian.
1648 2185 1796 2236 Nigrin.
1826 2172 1893 2227 22·
1919 2196 1960 2234 P·

451 2252 546 2294 261.
573 2251 657 2300 Bip.

560 2317 607 2355 V.
634 2317 828 2357 65—69.
886 2317 1073 2357 Postridie
1096 2316 1288 2369 Philippus
1310 2317 1460 2357 Menam
1486 2318 1645 2368 negotiis
1673 2318 1852 2356 intentum
1873 2328 1962 2354 casu

452 2385 621 2434 offendit,
647 2385 696 2422 ad
725 2398 766 2423 se
791 2385 918 2435 allicit,
946 2386 1118 2424 allectum
1141 2386 1266 2424 reddit
1297 2385 1467 2423 clientem
1494 2385 1791 2436 perofficiosum,
1820 2386 1963 2420 certum

453 2453 722 2497 convictorem,
747 2452 949 2501 jocularem
975 2452 1118 2490 itineris
1147 2452 1340 2499 comitem,
1371 2451 1526 2489 beatum
1548 2449 1659 2500 agelli
1686 2462 1961 2502 possessorem,

453 2519 522 2556 sed
550 2532 598 2557 en
622 2517 810 2557 hominem
836 2520 1040 2557 mutatum!
1082 2517 1265 2557 Munditie
1298 2517 1438 2555 urbana
1471 2518 1504 2554 is
1546 2518 1682 2554 omissa
1719 2516 1764 2554 fit
1799 2516 1961 2554 rusticus

454 2598 563 2635 quam
592 2586 655 2634 qui
680 2586 858 2634 maxime,
900 2589 1002 2622 totus
1030 2585 1069 2622 in
1095 2597 1138 2623 re
1167 2585 1379 2634 quaerenda
1395 2574 1397 2577 ’
1414 2589 1526 2634 atque
1562 2583 1735 2634 augenda
1769 2586 1850 2631 est,
1893 2581 1961 2619 sed

454 2652 597 2688 damnis
626 2652 851 2690 multimodis
878 2652 1072 2702 perculsus
1099 2664 1122 2689 a
1146 2650 1315 2702 Philippo
1342 2653 1503 2703 priorem
1530 2650 1739 2702 praesentis
1765 2652 1960 2700 pertaesus

453 2718 549 2767 petit
576 2719 697 2756 vitam.
753 2717 900 2768 Lepida
937 2730 1028 2755 sane
1055 2717 1327 2756 narratiuncula
1364 2732 1408 2757 ex
1437 2731 1481 2756 eo
1510 2730 1647 2768 genere
1675 2717 1818 2754 virtutis
1847 2715 1962 2753 comi-

456 2796 544 2832 cae,
588 2786 688 2834 quod
715 2784 843 2823 melius
872 2785 1031 2822 sentitur
1066 2797 1175 2835 quam
1201 2784 1415 2834 explicatur.
1474 2784 1547 2822 Per
1575 2782 1719 2834 singula
1747 2786 1878 2820 euntes
1903 2783 1960 2820 in-

457 2850 576 2899 signia
602 2854 745 2891 tantum
773 2851 1014 2889 enodabimus
1041 2855 1104 2908 aut
1133 2864 1227 2902 quae
1254 2852 1428 2902 fugerunt
1454 2851 1697 2900 interpretum
1723 2860 1890 2886 acumen.
1905 2867 1961 2875 ·-

457 2915 501 2953 V.
529 2916 595 2956 65.
622 2917 688 2956 66.
751 2918 862 2956 Vilia
889 2919 1116 2957 vendentem
1142 2924 1275 2957 senata
1310 2920 1334 2956 i.
1363 2931 1396 2955 e.
1431 2921 1473 2956 ut
1509 2928 1668 2968 praeco,
1709 2915 1862 2954 aliorum
1899 2926 1960 2952 res
