2028 3268
142 291 199 334 99
282 290 666 332 COMMENTARH
696 291 752 331 IN
780 289 1004 332 HORATII
1031 289 1129 330 LIB.
1150 290 1179 330 Ι.
1198 289 1364 330 EPIST.
1388 289 1537 331 SEPT.
1604 287 1686 332 371

139 416 242 456 Phil.
258 419 300 467 2,
331 415 400 460 29.
460 417 607 455 Contra
642 416 877 455 Groebelius
905 430 951 456 ex
980 417 1037 456 his
1067 417 1192 457 verbis
1219 417 1276 470 (p.
1297 417 1357 470 8.)
1385 417 1552 468 conjicit,
1581 416 1690 456 Mae-

147 490 321 525 cenatem
345 485 384 523 in
413 485 576 537 epistola
603 485 667 523 illa
694 487 743 524 ad
767 487 970 526 Horatium
1005 487 1123 526 missa
1152 490 1191 525 et
1219 487 1326 538 gravi
1355 486 1516 538 quadam
1544 484 1690 524 benefi—

146 556 291 594 ciorum
310 554 360 592 ab
378 555 465 606 ipso
487 558 733 605 acceptorum
760 554 1054 605 exprobratione
1081 555 1197 607 plena
1214 556 1444 594 mentionem
1462 554 1570 606 hujus
1593 567 1690 605 quo—

146 637 221 677 que
247 623 414 673 fabulae,
441 635 556 674 quam
580 624 769 675 integram
790 623 971 661 Horatius
994 623 1055 661 hic
1080 624 1364 675 interposuerit,
1391 623 1580 675 injecisse.
1639 621 1692 660 At

145 695 244 734 fides
278 694 389 745 hujus
425 693 480 730 rei
515 705 635 743 penes
677 693 797 730 virum
834 691 1099 730 doctissimum
1136 693 1200 731 sit.
1257 691 1319 731 De
1347 705 1384 730 v.
1414 692 1592 743 imagine
1617 703 1690 742 pro

143 762 275 802 fabula
299 760 515 800 Schmidius
539 760 670 799 laudat
698 761 779 799 Sat.
811 762 859 809 2,
888 760 939 809 3,
970 760 1067 802 320.
1099 763 1139 799 et
1164 761 1302 799 Senec.
1330 759 1455 812 Epist.
1483 762 1552 803 72.
1613 758 1691 797 So-

144 829 255 869 lebat
277 830 444 868 Atticus
470 827 550 866 hac
575 829 753 881 imagine
780 829 842 866 uti
855 843 867 865 .-
914 828 1064 866 Vidisti
1088 828 1314 881 aliquando
1343 842 1484 867 canem
1511 829 1635 867 missa
1662 841 1691 866 a

143 898 304 936 domino
318 898 460 950 frusta
484 898 608 949 panis
635 904 772 948 aperto
795 910 860 935 ore
880 897 1141 948 captantem?
1165 920 1214 926 —
1237 904 1384 935 cuncta
1402 898 1581 949 resigno,
1610 897 1636 935 i.
1650 910 1686 936 e.

141 967 288 1016 reddo,
338 965 448 1016 quasi
476 965 769 1017 chirographum
797 964 920 1003 solvo.
978 965 1064 1004 Vid.
1097 966 1213 1005 Torr.
1243 968 1291 1005 ad
1319 980 1356 1005 v.
1387 967 1428 1006 9.
1458 970 1499 1004 et
1526 966 1682 1005 Mitsch.

139 1037 190 1074 ad
219 1034 374 1084 Od.·3,
415 1033 497 1084 29,
535 1033 603 1074 53.
641 1035 799 1086 resigno
829 1047 933 1085 quae
962 1033 1087 1074 dedit.
1143 1035 1254 1074 Hanc
1280 1035 1598 1086 significationem
1625 1048 1688 1074 re-

139 1107 281 1156 spuunt
311 1101 526 1154 Xylander
555 1107 594 1141 et
632 1103 861 1140 Torrentius
874 1132 890 1149 ‚
939 1104 998 1141 cui
1027 1103 1180 1154 quidem
1207 1104 1412 1155 resignare
1452 1108 1513 1142 est
1540 1105 1688 1142 irritum

137 1172 265 1210 facere
295 1171 398 1222 quod
428 1175 672 1209 convenerat.
733 1172 838 1210 Nam
872 1172 973 1210 bona
1001 1173 1164 1210 reddere
1194 1172 1316 1221 velle,
1364 1171 1500 1222 quibus
1529 1171 1688 1211 Poetam

136 1241 335 1278 donaverit
361 1239 590 1288 Maecenas,
620 1252 744 1290 neque
772 1240 858 1290 ipso
884 1254 971 1279 esse
1003 1242 1158 1292 dignum
1186 1254 1312 1291 neque
1340 1240 1590 1290 Maecenate,
1616 1241 1688 1278 sed

134 1309 337 1348 Horatium
376 1307 646 1358 splendorem,
698 1307 863 1347 honores
898 1315 937 1348 et
966 1323 1063 1361 quae
1095 1308 1156 1346 alii
1184 1309 1223 1346 in
1250 1309 1327 1347 vita
1355 1308 1501 1347 urbana
1536 1309 1687 1347 maximi

137 1377 298 1427 faciant,
346 1377 515 1414 aversari
541 1375 640 1414 velle
667 1375 847 1427 ultroque
873 1379 919 1415 iis
957 1390 1101 1416 carere.
1161 1375 1236 1427 At,
1282 1392 1305 1414 o
1345 1377 1458 1427 boni,
1501 1391 1686 1428 quorsum

134 1446 231 1484 illud
256 1458 443 1497 reponere
463 1458 500 1483 v.
531 1443 633 1484 3933
660 1443 782 1482 Porro
812 1459 860 1484 ne
888 1447 973 1497 quis
1001 1447 1093 1485 talia
1120 1446 1262 1484 nostris
1292 1446 1460 1484 moribus
1492 1446 1683 1495 metiatur,

132 1527 250 1565 quum
280 1513 430 1552 cavebit
463 1512 680 1551 observatio
712 1512 763 1549 ad
791 1513 832 1562 3,
867 1514 947 1565 15„
979 1518 1062 1553 tum
1090 1514 1270 1552 audiendi
1299 1519 1388 1553 sunt
1421 1514 1685 1552 Schiraekias

129 1581 260 1634 (Clav.
289 1583 388 1622 Hor.
419 1595 457 1633 p.
487 1580 606 1632 325.)
645 1585 684 1618 et
718 1579 894 1618 Orellius
930 1583 979 1620 de
1011 1582 1085 1621 hoc
1113 1582 1200 1621 loco
1229 1583 1426 1621 verissime
1450 1583 1682 1632 judicantes.

124 1674 190 1682 >-—·
227 1652 273 1690 V.
302 1651 372 1692 35.
413 1657 530 1688 satur
554 1648 762 1695 altilium,
811 1651 836 1687 i.
869 1662 903 1687 e.
931 1651 1055 1687 avium
1083 1651 1264 1701 imprimis
1294 1651 1520 1702 gallinarum
1544 1651 1682 1690 alendo

130 1721 403 1771 saginatarum.
462 1717 547 1756 Vid.
575 1717 739 1768 Rupert.
769 1717 817 1754 ad
838 1716 923 1754 Juv.
955 1716 996 1767 5,
1030 1718 1124 1759 115.
1184 1720 1242 1758 Ita
1267 1718 1439 1759 σιτευτοὶ
1468 1732 1530 1770 ap.
1561 1718 1682 1756 Athe—

128 1801 216 1828 nae.
248 1787 300 1838 9,
327 1788 367 1828 8.
398 1801 437 1839 p.
470 1785 569 1828 384.
599 1808 658 1815 —-
694 1785 741 1823 V.
772 1785 842 1826 36.
873 1785 956 1822 otia
986 1784 1221 1834 liberrima,
1270 1788 1330 1826 hic
1360 1787 1497 1825 officiis
1525 1787 1680 1826 urbanis

129 1857 319 1908 opposita.
372 1855 465 1894 Inde
493 1853 585 1892 illud
608 1855 740 1891 vivere
769 1851 847 1890 sibi
876 1854 943 1902 18,
968 1853 1064 1894 107.
1094 1854 1196 1892 mila·
1226 1869 1288 1892 me
1314 1855 1515 1893 reddentis
1541 1856 1679 1908 agelli.

127 1926 188 1964 Ex
215 1927 353 1963 eodem
379 1924 493 1962 animi
517 1924 624 1961 sonte
653 1925 877 1960 manarunt:
913 1922 1016 1960 Vivo
1045 1930 1084 1959 et
1107 1937 1249 1975 regno,
1278 1924 1404 1962 simul
1426 1925 1505 1962 ista
1534 1925 1683 1977 reliqui

136 1993 250 2043 Quae
283 2006 353 2029 vos
387 1991 446 2029 ad
479 1990 632 2028 coelum
659 1989 785 2040 firtis
818 2003 976 2027 rumore
1011 1992 1212 2037 seeundo,
1263 1991 1336 2041 10,
1373 1994 1414 2033 8.
1446 1998 1486 2031 et
1526 1993 1562 2031 O
1590 2008 1678 2040 rus,

129 2059 296 2112 quando
335 2071 407 2111 ego
438 2066 474 2095 te
501 2060 699 2109 aspiciam
729 2064 798 2094 etc.
856 2058 938 2094 Sat.
971 2060 1011 2106 2,
1041 2059 1084 2107 6,
1110 2059 1180 2099 60.
1211 2061 1252 2107 7,
1287 2061 1382 2101 112.
1441 2061 1536 2098 Inde
1563 2063 1678 2100 etiam

127 2129 254 2166 otium
276 2128 468 2178 persequi
491 2139 553 2177 ap.
579 2126 661 2164 Cic.
693 2126 742 2162 de
773 2125 889 2162 Offie.
920 2125 962 2173 3,
987 2126 1026 2173 1,
1057 2127 1111 2174 1.,
1140 2127 1267 2162 otium
1297 2128 1410 2177 sequi
1428 2140 1491 2178 ap.
1514 2127 1674 2167 Terent.

126 2195 202 2235 Ad.
235 2198 283 2246 1,
326 2197 377 2244 1,
411 2196 478 2235 17.
515 2193 608 2244 ibiq.
640 2192 794 2231 Ruhnk.
825 2191 1033 2242 disponere
1062 2194 1187 2230 otium
1216 2200 1253 2229 et
1273 2194 1390 2245 serre
1417 2207 1481 2245 ap.
1512 2194 1609 2233 Plin.
1637 2196 1677 2232 in

126 2265 253 2316 Epist.
276 2262 318 2313 4,
342 2263 411 2313 23,
431 2264 483 2312 1.,
509 2262 627 2300 nulla
649 2261 860 2298 nec-essitas
879 2266 995 2310 togae
1013 2259 1104 2298 ibid.
1126 2260 1167 2310 5,
1183 2258 1224 2310 4,
1246 2258 1331 2316 45„
1361 2263 1543 2299 tunic-ata
1565 2263 1676 2314 quies

125 2346 189 2384 ap.
214 2330 380 2370 Martial.
409 2330 477 2380 10,
509 2330 578 2381 51,
604 2330 661 2380 6.,
684 2328 849 2367 sordida
877 2329 959 2365 otia
990 2327 1082 2366 ibid.
1115 2329 1154 2377 1,
1185 2328 1254 2377 56,
1283 2327 1323 2367 4.
1381 2329 1443 2369 De
1471 2330 1576 2367 varia
1605 2332 1677 2367 otii

124 2399 319 2439 veteribus
347 2399 422 2437 illis
445 2400 606 2437 maxime
635 2398 777 2435 laudati
799 2397 1076 2448 significatione
1103 2396 1178 2433 vid.
1204 2396 1255 2434 H.
1278 2396 1413 2448 Steph.
1434 2397 1671 2437 Schediasm.

129 2471 175 2519 1,
216 2470 283 2510 11.
310 2481 373 2520 ap.
401 2467 518 2506 Grut.
547 2468 593 2505 V.
626 2466 752 2518 suppl.
777 2480 818 2517 p.
845 2463 913 2508 24.
973 2463 1114 2503 Gatak.
1141 2464 1190 2501 ad
1216 2464 1271 2502 M.
1298 2464 1479 2503 Antonin.
1510 2464 1562 2515 4,
1602 2463 1670 2509 24.

119 2536 310 2575 Valcken.
344 2537 392 2574 ad
422 2535 554 2588 Eurip.
582 2534 738 2586 Hippol.
771 2533 869 2575 785.
930 2533 1051 2571 Gesn.
1083 2532 1133 2569 ad
1162 2531 1258 2570 Plin.
1289 2533 1363 2584 Ep.
1395 2535 1442 2583 1,
1473 2533 1515 2572 9.
1547 2535 1596 2583 7,
1627 2535 1668 2575 3.

124 2604 253 2643 Beier.
283 2605 333 2642 ad
363 2604 445 2642 Cic.
475 2605 591 2643 Offic.
626 2606 675 2654 1,
715 2602 768 2652 9,
806 2600 874 2643 29.
917 2602 992 2651 20,
1022 2601 1090 2641 69.
1121 2605 1161 2638 et
1190 2602 1240 2638 ad
1269 2599 1377 2639 Lael.
1411 2603 1488 2651 23,
1519 2603 1596 2653 86,
1625 2604 1666 2644 3.

116 2671 246 2711 -Fabr.
281 2673 332 2709 ad
359 2671 453 2709 Sall.
485 2672 572 2710 Cat.
603 2673 656 2721 8,
691 2671 731 2712 5.
790 2669 851 2708 De
880 2669 1066 2718 Horatio,
1107 2669 1173 2707 otii
1198 2670 1480 2719 amantissimo,
1513 2670 1667 2709 uberius

116 2740 216 2779 olim
238 2741 314 2778 dixi
342 2740 391 2777 ad
420 2739 544 2790 Epist.
571 2741 618 2788 1,
655 2739 734 2788 10,
772 2741 811 2780 8.
841 2752 881 2790 p.
914 2737 1006 2787 18.,
1044 2737 1143 2774 conf.
1171 2736 1358 2788 Desprez.
1386 2740 1436 2777 ad
1455 2751 1492 2776 v.
1522 2738 1591 2780 34.
1628 2743 1668 2778 et

123 2808 254 2848 Liibk.
287 2809 337 2846 ad
368 2808 445 2846 od.
476 2809 517 2857 2,
551 2808 626 2857 16,
653 2809 692 2848 1.
726 2830 778 2835 —
804 2805 996 2845 Arabum
1025 2805 1204 2851 divitiis,
1245 2806 1270 2843 i.
1298 2819 1332 2844 e.
1364 2807 1665 2846 cumulatissimis

115 2875 290 2928 ·opibus,
323 2881 367 2915 ut
403 2877 585 2913 Persicos
607 2883 833 2926 apparatus
859 2889 931 2927 pro
957 2873 1067 2912 nimis
1094 2874 1289 2924 exquisitis
1316 2874 1391 2912 od.
1423 2876 1472 2925 1,
1513 2876 1592 2926 38,
1626 2878 1663 2917 1.

124 2943 209 2983 vid.
237 2946 287 2983 ad
309 2945 349 2994 6,
371 2945 411 2984 6.
441 2948 480 2982 et
503 2957 599 2994 quos
622 2943 682 2982 hic
713 2944 843 2982 laudat
868 2943 1097 2980 Schmidius.
1156 2942 1331 2993 Speciem
1369 2945 1558 2993 quandam
1594 2957 1664 2996 pro

125 3011 328 3052 verbialem
366 3017 470 3051 recte
499 3012 593 3050 vidit
618 3011 801 3050 Erasmus
830 3012 870 3049 in
896 3009 1044 3061 Adagg.
1082 3011 1132 3059 1,
1163 3008 1334 3118 6,2ζ714(.7
1336 3065 1388 3118 )*
