2054 3268
360 249 388 290 8
925 250 1317 289 HORATII

429 362 520 407 'Per
542 375 646 421 pure
671 363 783 406 lecto
809 366 1005 421 poterunt
1033 374 1230 406 recreare
1256 362 1417 406 libello.

427 440 625 498 Invidus,
659 439 910 499 iracundus,
943 440 1084 499 iners,
1116 441 1313 499 vinosuS,
1347 442 1528 498 amator,

427 518 562 563 Nemo
591 516 697 561 adeo
700 516 840 590 Q
840 521 961 638 ’,εἰῇ
982 522 1044 594 ¹ut
1071 532 1155 562 non
1181 520 1402 562 mitescere
1429 517 1579 575 possit,

430 594 480 642 Si
505 594 628 639 modo
657 580 846 637 culturae
871 609 896 653 p
925 599 1098 640 tlentem
1124 596 1361 641 commodet
1389 608 1551 639 aurem.

1823 595 1879 637 40

427 674 572 718 Virtus
605 676 671 715 est
697 672 841 716 vitium
872 672 1027 732 {ligere
1055 678 1099 719 ot
1130 675 1336 734 sapientia
1362 674 1497 733 prima

430 749 624 797 Stultitia
651 751 853 794 caruisse.

922 752 1054 796 Vides
1067 784 1081 812 7
1117 766 1223 811 quae
1248 753 1431 796 maxima
1459 750 1596 795 credis

426 829 542 873 Esse
571 827 706 887 mala,
742 829 941 888 exiguum
969 844 1139 874 censum
1165 836 1409 890 turpemque
1434 830 1663 888 repulsam,

431 906 598 963 Quanto
628 905 790 951 devites
820 909 946 952 animi
976 911 1206 968 capitisque
1235 905 1413 952 labore?

363 1047 468 1082 Web.
491 1046 644 1080 Braunh.
668 1065 714 1071 —
747 1046 793 1080 V.
815 1048 872 1082 37.
896 1059 997 1092 puro.
1025 1048 1094 1083 Ms.

364 1115 423 1138 un.
445 1102 578 1136 Bersm.
602 1107 639 1136 et
659 1102 779 1136 Guelf.
801 1103 836 1137 2.
860 1115 881 1137 a
904 1105 936 1137 1.
960 1117 1004 1138 m.

408 1159 453 1192 V.
469 1159 526 1193 38.
542 1158 669 1192 inhers.
689 1159 750 1192 Sic
764 1159 868 1194 scrib.
884 1171 947 1193 ms.
964 1161 1095 1195 Graev.

363 1234 409 1239 —
440 1213 583 1247 viciosus
613 1219 762 1248 amator.
809 1215 877 1249 Ms-
910 1216 1027 1250 Jaeck.
1062 1217 1096 1251 6.

364 1270 526 1304 amator?
561 1270 629 1303 Ms.
654 1281 713 1303 un.
736 1270 870 1304 Bersm.
898 1272 991 1307 Edd.
1018 1273 1096 1318 Xy-

364 1327 456 1360 land.
480 1326 610 1360 Piscat.
643 1326 728 1370 (qui
755 1327 854 1371 def.)
886 1327 966 1361 Val.
988 1328 1096 1362 Doer.

364 1383 459 1416 Pott.
484 1383 528 1415 al.
554 1382 704 1416 adulter.
754 1383 913 1427 conject.
937 1395 994 1430 ap.
1016 1384 1097 1418 Jon.

365 1458 411 1465 —
433 1439 479 1472 V.
503 1439 558 1473 39.
593 1439 651 1482 qui
673 1450 751 1472 non.
786 1439 855 1472 Ms.
878 1439 974 1474 Feae
995 1442 1037 1484 2,
1061 1452 1097 1487 g.

364 1494 482 1529 Jaeck.
500 1495 534 1528 6.
550 1500 584 1528 et
599 1495 632 1528 h.
651 1506 706 1539 ap.
722 1494 881 1529 Hoched.
909 1496 967 1530 Cf.
982 1496 1099 1530 Hand.

368 1551 474 1584 Turs.
498 1551 527 1584 Ι.
552 1563 586 1596 p.
614 1551 679 1585 139
700 1562 755 1596 sq.
790 1557 827 1586 et
858 1552 1000 1586 Ramsh.
1032 1553 1098 1586 Gr.

366 1606 428 1640 lat.
456 1608 476 1647 ἕ
501 1606 576 1640 185.
601 1607 648 1640 Ν.
674 1609 707 1642 1.
731 1609 765 1642 2.

413 1663 457 1696 V.
473 1662 529 1696 40.
547 1664 782 1698 accommodet.
805 1663 874 1698 Ms.
890 1675 950 1698 un.
966 1664 1098 1698 Bersm.

369 1720 478 1753 Gesn.
501 1720 536 1754 3.
567 1731 627 1753 un.
660 1719 767 1753 Feae.
791 1719 934 1754 Corvei.
969 1731 1101 1754 accom-

368 1777 496 1809 modat.
532 1776 600 1809 Ms.
623 1776 741 1810 Jaeck.
764 1775 799 1810 5.
821 1776 997 1821 praebeat.
1029 1777 1100 1810 Ms.

368 1831 464 1864 Feae
489 1831 506 1865 1
521 1857 531 1873 ‚
555 1842 591 1875 q.
627 1831 746 1865 Jaeck.
770 1832 804 1866 6.
852 1833 1014 1866 Ceterum
1036 1845 1099 1879 pro

369 1887 525 1920 culturae
541 1887 687 1931 conjecit
700 1888 968 1932 Morgenstern„
984 1889 1030 1922 V.
1043 1889 1101 1932 D.‚

369 1943 425 1986 (in
439 1943 551 1986 Symb.
569 1943 645 1977 crit.
663 1944 711 1977 ad
727 1945 821 1978 Plat.
833 1944 937 1979 Polit.
955 1945 998 1978 ab
1008 1946 1102 1979 Actio

370 1999 478 2033 denuo
502 1999 630 2033 editam
655 1998 755 2034 1815.
778 1999 874 2034 Part.
897 2001 928 2034 Ι.
954 2014 990 2046 p.
1014 2001 1103 2035 XXI

370 2059 407 2089 et
428 2055 465 2088 in
480 2055 676 2091 Proluoione
691 2056 889 2091 continente
905 2058 1105 2092 probabilia

370 2112 491 2145 critica
513 2123 585 2156 exp.
618 2125 653 2158 p.
676 2111 799 2157 XXX)
823 2114 980 2159 culturo,
1004 2125 1104 2158 quam

372 2170 600 2213 conjecturam
636 2180 704 2202 non
737 2171 966 2204 necessariam
1002 2171 1107 2205 habet

373 2224 435 2258 Fr.
458 2225 596 2259 Jacobs.
623 2226 659 2259 in
682 2225 874 2260 Zimmerm.
902 2227 1108 2260 zeitschrift

373 2284 440 2314 etc.
467 2280 552 2315 1835
577 2293 612 2326 p.
637 2282 716 2316 470.
751 2283 945 2327 Utrumque
968 2294 1106 2316 versum

374 2341 538 2370 notarunt
559 2343 700 2382 propter
720 2344 883 2373 mutatum
907 2339 1106 2374 translatio-

377 2393 429 2426 nis
452 2405 558 2437 genus
577 2394 775 2428 Buchnerus
799 2396 842 2429 de
863 2401 1020 2430 commut.
1036 2400 1107 2430 rat.

377 2448 511 2481 dicendi
533 2461 568 2493 p.
591 2449 635 2484 48
667 2456 702 2484 et
722 2450 930 2486 Heineccius
952 2452 990 2485 in
1010 2452 1108 2485 Fun-

378 2504 525 2538 dament.
557 2506 628 2539 stil.
663 2507 793 2541 cultior.
827 2508 882 2541 ed.
912 2508 1046 2542 Niclas.
1070 2521 1106 2554 p.

381 2558 469 2602 152,
497 2567 707 2605 quapropter
729 2564 786 2597 hic
809 2564 1000 2610 elegantius
1023 2576 1106 2598 con—

380 2615 548 2649 cinnanda
577 2617 684 2651 fuisse
714 2619 874 2663 opinatur
904 2622 1012 2655 verba
1042 2621 1110 2654 hoc

379 2671 502 2704 modo:
534 2672 610 2704 Non
641 2674 724 2707 adeo
748 2679 847 2718 ferus
876 2682 945 2719 est,
981 2682 1021 2711 ut
1043 2689 1111 2710 non

380 2738 608 2761 mansuescere
635 2732 759 2773 possit,
792 2733 831 2766 Si
853 2734 1054 2778 disciplinae
1076 2744 1110 2777 p.

382 2795 452 2817 acc.
475 2795 602 2817 aurem.
637 2786 766 2820 Vellem
789 2789 834 2821 V.
850 2790 884 2822 d.
901 2790 931 2823 si
947 2802 1015 2823 non
1031 2789 1111 2832 alia,

383 2845 419 2873 at
439 2839 556 2873 saltem
579 2842 803 2884 quantitatem
818 2856 895 2879 voc.
912 2847 1114 2891 disciplinae

383 2895 527 2929 animum
550 2896 773 2932 advertisset!

1195 1050 1242 1082 V.
1264 1046 1321 1083 41.
1347 1048 1411 1082 Est
1431 1047 1552 1081 virtus.
1575 1046 1645 1080 Ms.
1667 1045 1764 1079 Feae
1786 1045 1821 1088 2,
1843 1056 1877 1078 a.

1150 1105 1253 1139 Hunc
1273 1115 1410 1138 versum
1432 1103 1550 1137 laudat
1569 1101 1770 1136 Lactantius
1791 1101 1878 1134 Inst.

1151 1162 1184 1206 6,
1207 1160 1241 1204 5,
1266 1161 1322 1195 12.

1197 1217 1243 1251 V.
1267 1217 1313 1251 42
1336 1214 1466 1249 excidit
1487 1215 1523 1250 in
1544 1214 1613 1249 Ms.
1635 1214 1738 1248 Dess.
1761 1214 1784 1247 2
1805 1218 1841 1248 et
1859 1225 1880 1247 a

1153 1275 1188 1309 2.
1210 1284 1311 1307 manu
1330 1273 1367 1306 in
1389 1272 1543 1317 margine
1565 1275 1620 1305 est
1640 1270 1795 1316 positus,
1819 1270 1882 1304 sed

1152 1329 1241 1364 cedis
1264 1341 1327 1374 pro
1350 1328 1458 1363 credis
1481 1339 1524 1361 ex
1544 1326 1647 1361 solita
1667 1325 1703 1359 h.
1722 1337 1782 1360 vv.
1799 1338 1880 1371 per-

1153 1386 1340 1420 mutatione
1354 1410 1364 1429 ,
1387 1397 1423 1420 v.
1446 1383 1565 1429 Epist.
1588 1384 1622 1426 2,
1649 1384 1679 1425 1,
1704 1382 1760 1418 67.
1797 1382 1881 1417 Tib.

1152 1442 1194 1486 4,
1221 1443 1279 1486 10,
1304 1443 1338 1476 6.
1361 1461 1408 1467 -
1431 1441 1579 1475 caruisse
1599 1439 1717 1473 vides.-
1746 1439 1806 1473 Sic
1827 1439 1894 1473 di-⁴
1919 1436 1923 1439 ⁷

1154 1499 1260 1533 stinx.
1284 1498 1363 1532 edd.
1387 1498 1478 1532 Ven.
1502 1496 1581 1531 479.
1606 1495 1663 1530 83.
1687 1496 1744 1530 86.
1780 1495 1882 1529 Flor-

1154 1554 1234 1590 482.
1263 1573 1310 1580 -
1347 1554 1390 1588 V.
1413 1553 1472 1588 43.
1503 1553 1650 1586 laborem
1672 1563 1736 1596 pro
1756 1553 1882 1596 repulsi.

1155 1622 1218 1644 ms.
1242 1610 1362 1645 Jaeck.
1387 1611 1420 1645 1.
1448 1609 1562 1643 labore
1584 1612 1620 1642 et
1639 1618 1676 1641 v.
1697 1607 1743 1643 44
1766 1609 1884 1654 repul-

1155 1678 1228 1701 sam
1250 1678 1315 1712 pro
1337 1666 1407 1700 lab.
1430 1676 1493 1699 ms.
1516 1664 1615 1710 Lips.
1636 1665 1670 1698 1.

1201 1723 1247 1756 V.
1266 1722 1323 1757 44.
1348 1722 1472 1756 animo.
1494 1721 1581 1755 Mss.
1605 1721 1714 1764 Cruq.
1731 1720 1767 1755 3.
1790 1720 1824 1755 7.
1847 1721 1884 1755 9.

1155 1779 1249 1814 Edd.
1288 1778 1392 1812 Baxt.
1440 1778 1548 1812 Gesn.
1595 1776 1717 1811 Oberl.
1762 1777 1884 1811 Comb.

1155 1836 1297 1870 Wakef.
1320 1835 1408 1869 Bad.
1441 1834 1487 1868 At
1508 1834 1610 1868 solito
1635 1844 1754 1867 errore
1777 1833 1884 1867 libra-

1156 1893 1201 1927 rii
1233 1895 1354 1937 aptant
1382 1891 1583 1925 vocabulum
1611 1889 1780 1936 quoddam
1802 1900 1884 1934 pro-

1156 1948 1266 1991 ximo,
1291 1947 1456 1992 imprimis
1478 1946 1695 1991 Adjectivum
1717 1946 1886 1979 Substan-

1156 2005 1244 2049 tivo‚
1268 2005 1311 2038 de
1334 2015 1403 2048 qua
1415 2015 1455 2037 re
1477 2003 1566 2037 dixit
1581 2004 1680 2036 Cort.
1697 2002 1741 2035 ad
1754 2001 1887 2035 Lucan.

1158 2063 1196 2105 8,
1228 2062 1307 2095 290.
1353 2060 1539 2105 Receptam
1561 2058 1765 2104 scripturam
1787 2058 1886 2092 effla-

1159 2118 1249 2162 gitat
1271 2116 1506 2162 oppositorum
1538 2115 1628 2150 ratio
1651 2118 1688 2148 et
1707 2115 1891 2148 verborum

1161 2173 1482 2218 (quanto—labore
1504 2176 1543 2205 ut
1565 2183 1600 2206 v.
1624 2171 1670 2205 90
1691 2176 1728 2204 et
1753 2170 1829 2204 Sat.
1852 2171 1888 2213 2,

1159 2230 1200 2272 3,
1224 2230 1296 2273 29)
1319 2240 1376 2263 res
1400 2227 1560 2272 aequales
1583 2226 1720 2260 vinculo
1743 2225 1889 2270 quodam
1932 2242 1935 2245 <

1161 2285 1436 2331 amplectentium
1445 2283 1611 2317 concinna
1621 2282 1836 2326 compositio.
1843 2301 1890 2307 -

1162 2343 1285 2376 dolore.
1310 2341 1379 2374 Ms.
1403 2351 1462 2374 un.
1478 2339 1572 2373 Feae
1597 2340 1628 2381 1,
1651 2349 1696 2371 m.
1718 2338 1837 2372 Jaeck.
1854 2337 1890 2373 5.

1163 2402 1199 2431 et
1213 2408 1271 2430 un.
1288 2396 1418 2430 Bersm.
1435 2401 1505 2429 tres
1522 2406 1578 2440 ap.
1596 2394 1675 2428 val.
1696 2393 1766 2427 Ed.
1780 2394 1890 2428 Chab.

1164 2454 1277 2487 dolore
1304 2453 1359 2487 vel
1382 2452 1507 2485 labore.
1552 2451 1622 2484 Ms.
1654 2450 1749 2484 Feae
1781 2451 1821 2494 1,
1853 2461 1891 2494 g.

1160 2509 1302 2554 periclo.
1346 2507 1414 2540 Ms.
1438 2506 1503 2540 Fe.
1527 2506 1559 2548 2,
1583 2517 1618 2550 g.
1643 2517 1664 2540 a
1689 2507 1722 2540 1.
1745 2517 1790 2539 m.
1836 2505 1894 2538 la-

1164 2564 1270 2599 bore?
1314 2563 1375 2596 Sic
1407 2562 1476 2596 Ms.
1510 2562 1606 2595 Feae
1637 2561 1676 2605 5,
1720 2573 1753 2596 a.
1798 2561 1892 2596 Edd.

1163 2621 1281 2654 Burm.
1306 2620 1395 2653 Cun.
1419 2619 1503 2652 San.
1525 2618 1606 2652 Jon.
1629 2618 1709 2651 Val.
1726 2617 1892 2659 Gottsch-

1163 2677 1249 2720 ling.
1269 2675 1376 2709 Hunt.
1423 2675 1477 2708 Ita
1504 2674 1605 2708 etiam
1627 2674 1786 2708 Kroftius
1801 2674 1894 2718 (Ho-

1164 2743 1244 2767 race
1268 2731 1408 2765 eclairci
1428 2742 1492 2776 par
1514 2730 1548 2764 la
1567 2730 1804 2776 ponctuation.
1826 2729 1894 2763 Pa-

1166 2790 1216 2824 ris
1237 2788 1326 2823 1810
1346 2800 1381 2832 p.
1400 2787 1482 2830 120)
1507 2786 1540 2820 h.
1564 2787 1632 2820 loc.
1654 2786 1820 2831 distingui
1837 2787 1895 2830 ju-

1167 2847 1227 2880 bet
1246 2844 1358 2878 allatis
1382 2844 1477 2877 hisce
1499 2843 1607 2877 locis:
1632 2843 1701 2877 od.
1716 2843 1750 2886 3,
1765 2842 1822 2885 27,
1841 2842 1896 2875 17.

1169 2901 1245 2935 Sat.
1269 2901 1303 2945 2,
1326 2901 1361 2945 2,
1386 2901 1442 2935 76.
1465 2901 1499 2945 2,
1523 2899 1558 2944 5,
1581 2899 1616 2934 5.
1649 2899 1718 2934 od.
1741 2899 1775 2943 3,
1789 2898 1847 2943 20,
1865 2898 1897 2932 1.
