2028 3268
147 240 204 282 79
261 237 634 277 COMMENTARII
662 239 717 276 IN
742 235 965 276 HORATII
985 234 1160 275 EPIST.
1182 231 1406 273 SECUND.
1434 231 1535 270 LIB.
1556 231 1588 270 1.
1622 225 1704 269 185

147 353 263 407 equis
286 350 508 400 indomitis,
539 351 686 403 quibus
711 351 813 389 ratio
830 350 943 388 frena
968 349 1133 400 injicere
1155 347 1312 397 debeat,
1339 348 1436 386 ferri
1464 346 1635 395 dicitur3
1667 354 1708 384 at

148 419 386 470 similitudo,
415 420 465 457 ab
488 433 593 472 equo
614 418 812 457 indomito
837 416 1062 469 desumpta,
1088 417 1347 470 antiquorum
1371 423 1604 470 temporum
1622 416 1708 454 fere

147 490 372 530 communis
398 495 472 526 est.
529 486 708 542 Phocyl:
750 489 819 529 53.
847 488 1015 539 χαλινοῦ
1043 480 1084 525 δ’
1117 482 1264 539 ἄγριον
1294 480 1435 539 ὀργήν.
1471 482 1708 536 Demophil.

147 572 213 612 ap.
228 559 352 598 Orell.
371 559 405 595 I.
423 569 465 608 p.
489 556 530 596 6.
563 557 615 597 Οἱ
639 554 713 609 μὲν
740 557 897 608 τραχεῖς
914 553 1033 594 ἵπποι
1051 558 1137 602 τοῖς
1158 556 1350 606 χαλινοῖς,
1379 553 1422 594 οἶ
1440 550 1483 594 δ’
1505 549 1611 603 ὀξεῖς
1630 557 1709 593 θυ-

147 627 218 680 μοὶ
243 630 329 676 τοῖς
351 628 556 680 λογισμοῖς
586 621 835 679 μετάγονται.
864 621 1056 660 Menand.
1082 621 1146 660 ed.
1173 620 1351 665 Meinek.
1375 636 1417 674 p-
1450 620 1546 664 334.
1571 624 1710 675 ψυχῆς

148 694 270 751 μέγας
297 691 460 748 χαλινός
482 687 722 747 ἀνθρώποις
751 691 776 733 o‘
808 693 921 739 νοῦς.
953 691 1121 742 Gregor.
1145 693 1335 729 Nazianz.
1364 704 1429 743 ap.
1461 690 1584 730 Orell.
1607 693 1640 729 Ι.
1665 705 1707 743 p.

146 763 246 806 402.
273 760 414 815 θυμόν
444 764 625 814 χαλινοῦ,
656 758 712 814 μή
738 761 901 813 φρενῶν
935 759 1009 809 ἔξω
1037 759 1176 815 πέσῃς.
1210 759 1464 799 Theodectes
1499 773 1564 812 ap.
1597 760 1709 799 Stob.

149 831 201 871 de
226 834 320 870 Rer.
350 834 488 870 Natur.
518 844 561 882 p.
598 827 693 870 141.
734 824 855 878 Ἀλλ’,
896 820 930 867 αἶ
962 823 1090 868 τάλαν
1123 826 1294 878 Θυέστα,
1332 828 1513 881 καρτέρει
1546 825 1711 870 δάκνων

146 896 293 954 Ὀργῆς
317 895 492 952 χαλινόν.
521 899 582 936 Cf.
612 895 802 949 Aeschyl.
835 898 982 947 Agam.
1017 896 1138 937 1566.
1165 895 1321 949 (Both.)
1351 896 1558 938 Prometh.
1586 899 1711 937 vinct.

151 970 235 1011 996
265 982 340 1021 sq.‚
367 969 539 1019 interpp.
571 964 623 1002 ad
643 965 774 1015 Epist.
805 965 947 1003 Jacob.
972 966 1008 1014 1,
1041 966 1110 1005 26.
1142 971 1182 1002 et
1206 963 1369 1003 Mitsch.
1394 965 1447 1003 ad
1466 965 1542 1005 Od.
1573 969 1611 1016 1,
1642 968 1710 1017 16,

150 1039 220 1078 22.
239 1037 280 1086 3,
306 1035 375 1086 24,
403 1036 474 1077 29.
503 1036 598 1074 Juv.
620 1032 660 1081 8,
682 1032 749 1073 88.
772 1047 882 1084 pone
910 1033 1134 1085 iraesrena
1152 1033 1407 1086 modumque.
1440 1036 1552 1073 Pers.
1580 1036 1619 1085 5,
1639 1036 1711 1077 39.

149 1106 208 1144 Et
226 1107 426 1157 premitur
455 1105 609 1141 ratione
630 1102 791 1139 animus
819 1102 1006 1154 vincique
1026 1101 1198 1140 laborat.
1233 1102 1316 1140 Cic.
1341 1116 1413 1154 pro
1429 1104 1516 1141 Mil.
1535 1104 1607 1144 28.
1629 1104 1712 1156 szc-

149 1188 275 1212 rorem
286 1174 470 1226 frenare.
501 1174 683 1210 Lactant.
712 1173 811 1208 Iust.
843 1169 882 1220 5,
915 1172 980 1220 lO,
1014 1172 1054 1210 9.
1085 1173 1157 1223 qui
1173 1194 1231 1199 —
1249 1172 1354 1209 iram
1367 1171 1541 1223 frenare
1565 1173 1711 1224 nequi-

150 1244 264 1281 verit.
306 1243 502 1281 Similiter
536 1241 736 1291 appetitas
777 1247 1059 1292 comparantur
1087 1241 1216 1291 equis,
1256 1240 1327 1292 qui
1360 1254 1381 1277 e
1415 1253 1513 1293 gyro
1546 1242 1711 1280 rationis

151 1312 315 1362 longius
349 1316 570 1361 evagantur
605 1321 670 1360 ap.
701 1309 785 1346 Cic.
813 1306 863 1344 de
884 1309 998 1346 offic.
1023 1310 1061 1358 1,
1086 1309 1152 1358 19,
1184 1309 1280 1349 102.
1303 1308 1402 1361 ibiq.
1427 1310 1560 1348 Beier.
1594 1316 1634 1347 et
1660 1308 1713 1347 ad

155 1381 194 1428 1,
214 1380 285 1428 26,
314 1378 383 1420 90.
414 1379 472 1416 cf.
491 1375 697 1416 Plutarch.
715 1375 765 1414 de
787 1377 932 1416 Virtut.
955 1391 1059 1416 mor.
1087 1378 1173 1416 VII.
1192 1390 1233 1428 p.
1259 1376 1357 1417 750.
1387 1379 1437 1415 R.
1464 1385 1504 1416 et
1531 1377 1581 1416 de
1601 1381 1712 1417 Pue-

153 1461 230 1486 ror.
251 1448 382 1485 Instit.
415 1445 482 1495 14,
505 1447 603 1487 209.
631 1442 704 1494 τοὶς
738 1443 869 1499 ὅρμοὲς
898 1441 1118 1498 δεσμεύειν.
1155 1447 1215 1483 Ita
1247 1446 1338 1483 Liv.
1367 1446 1438 1496 30,
1475 1445 1541 1496 14,
1566 1448 1607 1489 6.
1638 1461 1711 1487 vo-

150 1517 326 1568 luptates
345 1515 518 1567 stenar-2
552 1527 598 1552 ac
630 1513 808 1552 domare.
850 1515 1106 1552 Contrarium
1136 1514 1245 1564 ejus,
1289 1513 1398 1567 quod
1435 1512 1607 1568 χαλάσαι
1639 1514 1713 1567 τοὶς

149 1582 272 1636 ἡνίας
301 1582 447 1647 dicitur
463 1590 502 1620 et
525 1596 590 1634 ap.
610 1583 718 1634 Virg.
737 1584 779 1619 in
797 1584 899 1620 Aen.
920 1583 986 1631 12,
1005 1580 1103 1623 499.
1132 1584 1365 1635 irarumque
1381 1598 1516 1622 omnes
1540 1584 1714 1637 effundit

149 1651 339 1690 habenas.
367 1652 498 1689 Aliter
528 1652 612 1689 Cic.
640 1652 767 1690 Tusc.
792 1653 832 1700 2,
858 1652 929 1700 21,
956 1651 1026 1691 48.
1059 1651 1158 1703 ibiq.
1178 1652 1311 1690 Klotz.
1330 1674 1387 1681 --
1415 1653 1464 1690 Si
1485 1655 1713 1704 turpissime

150 1734 192 1759 se
213 1720 287 1758 illa
298 1734 402 1771 pars
419 1720 549 1757 animi
567 1726 683 1771 geret
699 1742 757 1748 —
777 1721 982 1758 vinciatur
1001 1726 1039 1757 et
1057 1721 1357 1772 constringatur
1373 1722 1596 1760 amicorum
1613 1737 1712 1775 pro-

146 1791 469 1842 pinquorumque
490 1788 690 1826 custodias.

265 1926 313 1965 V.
337 1922 406 1966 64.
435 1922 503 1964 65.
537 1924 678 1976 Fingit
699 1946 751 1952 -—
771 1937 902 1975 eque-3.
963 1925 1113 1973 Poeta,
1152 1931 1199 1963 ut
1230 1938 1350 1977 porro
1380 1927 1562 1965 Lollium
1591 1941 1712 1967 suum

153 1990 207 2030 ad
233 1991 415 2031 studium
434 1993 654 2044 sapientiae
674 1999 831 2030 mature
852 1991 1069 2031 colendum
1089 1991 1336 2042 exhortetur,
1367 1998 1559 2049 exempla
1584 2011 1714 2050 quae-

154 2059 250 2099 dam
271 2061 352 2113 (iis,
384 2073 486 2112 quae
507 2061 628 2111 paulo
653 2067 745 2098 ante
769 2060 940 2110 dixerat,
971 2062 1087 2112 quasi
1114 2062 1387 2116 praemunita)
1418 2077 1440 2101 a
1464 2078 1507 2102 re
1536 2068 1713 2118 equestri

154 2135 196 2167 et
220 2128 405 2166 venatica
438 2127 630 2176 desumit,
669 2126 779 2180 quod
808 2129 852 2165 in
889 2129 1014 2166 simili
1046 2142 1088 2165 re
1118 2130 1218 2167 olim
1245 2130 1396 2169 fecerat
1426 2132 1610 2173 Socrates
1647 2149 1711 2188 ap.

153 2194 340 2249 Xenoph.
362 2197 407 2233 in
426 2197 550 2234 Mem.
568 2195 608 2244 4,
632 2196 671 2244 1,
690 2195 732 2236 3.
758 2196 916 2247 Engit,
945 2197 1114 2235 verbum
1127 2195 1248 2248 hujus
1268 2201 1326 2236 rei
1346 2203 1569 2252 proprium.
1599 2205 1713 2243 Grat.

153 2267 242 2306 Fal.
268 2265 421 2318 Cyneg.
446 2265 543 2306 517.
571 2271 615 2301 at
640 2270 724 2300 tota
752 2264 832 2300 levi
853 2264 1099 2302 Nasimonia
1123 2268 1243 2318 virga
1270 2268 1415 2320 Pingit
1444 2284 1576 2322 equos.
1618 2271 1712 2311 Vid.

153 2332 334 2374 Broukh.
357 2333 410 2371 ad
433 2333 528 2371 Tib.
550 2330 590 2382 4,
622 2333 661 2382 1,
690 2332 789 2372 207.
814 2338 854 2369 et
872 2332 923 2370 cf.
941 2331 1067 2371 Drak.
1091 2332 1143 2371 ad
1166 2336 1242 2374 SiJ.
1270 2337 1307 2386 1,
1332 2339 1434 2378 262.
1491 2338 1714 2378 observatu

156 2402 279 2455 digna
296 2408 391 2441 sunt
407 2400 600 2453 Epitheta
627 2408 760 2438 tenera
779 2407 819 2438 et
837 2400 1004 2438 docilem
1022 2400 1071 2439 de
1095 2404 1208 2453 pullo
1238 2406 1399 2457 equino,
1430 2406 1500 2458 qui
1520 2408 1714 2459 magistro

155 2484 299 2524 parens
335 2469 556 2508 condocefit
593 2477 715 2523 atque
748 2476 969 2507 exercetur.
1037 2472 1099 2508 Ita
1141 2472 1278 2511 Cicero
1317 2475 1361 2511 in
1388 2474 1501 2512 Lael.
1534 2475 1601 2525 19,
1642 2477 1711 2517 67.

157 2539 272 2591 equis
298 2537 442 2576 vetulis
470 2546 620 2577 teneros
645 2539 825 2592 opponit.
855 2539 1009 2577 Auson.
1037 2540 1167 2591 Epist.
1184 2539 1254 2590 24,
1285 2542 1352 2583 16.
1380 2542 1477 2580 Hoc
1502 2549 1587 2581 tam
1618 2546 1713 2583 mite

146 2609 302 2659 jugum
333 2605 455 2644 docili
483 2610 632 2646 cervice
657 2607 837 2646 subirent
862 2608 1015 2645 Martis
1042 2610 1147 2659 equi.
1209 2610 1383 2649 Cervicis
1417 2610 1528 2664 quod
1556 2615 1710 2654 mentio

157 2674 215 2723 fit,
237 2686 321 2712 non
339 2674 472 2712 solum
487 2688 541 2713 ex
556 2676 866 2728 amplificatione
889 2675 1065 2729 quadam
1082 2679 1253 2729 poetica,
1275 2677 1348 2717 sed
1377 2680 1500 2719 etiam
1516 2694 1539 2718 e
1559 2694 1602 2718 re
1620 2682 1711 2734 ipsa

158 2748 232 2791 est,
262 2742 322 2780 uti
354 2750 518 2794 apparet
547 2758 601 2782 ex
620 2743 809 2798 Xenoph.
836 2743 887 2782 de
919 2747 968 2784 R.
985 2747 1091 2799 Equ.
1118 2759 1153 2785 c.
1178 2748 1217 2788 1.
1238 2747 1306 2788 10.
1363 2749 1514 2787 Notum
1534 2762 1709 2804 quoque,

159 2823 285 2863 equos
307 2810 454 2862 plausu
476 2813 638 2850 cervicis
660 2814 728 2852 vel
751 2814 871 2851 leniri
896 2815 964 2853 vel
991 2815 1203 2865 stimulari,
1233 2814 1341 2868 quod
1356 2818 1540 2870 pluribus
1565 2818 1710 2858 docent

159 2878 288 2917 cerda
305 2878 358 2917 ad
380 2879 490 2931 Virg.
511 2881 615 2920 Aen.
645 2882 712 2931 12,
737 2881 807 2924 85.
828 2889 868 2920 et
885 2881 1010 2921 Drak.
1036 2882 1088 2921 ad
1109 2884 1182 2923 Sil.
1211 2881 1253 2934 4,
1274 2886 1371 2928 265.
1433 2888 1542 2941 Equi
1569 2888 1711 2927 docilis

161 2948 383 2987 contrarius
398 2954 459 2987 est
480 2962 615 3001 asper,
642 2956 688 2989 ut
709 2949 828 2992 ovid.
845 2952 940 2991 Am.
958 2952 997 3003 1,
1016 2953 1059 3003 2,
1085 2951 1152 2995 15.
1181 2952 1318 3006 Asper
1339 2968 1464 3009 equus
1481 2956 1595 2996 duris
1612 2970 1709 2996 eon-
