2028 3268
126 246 180 287 1-7
245 243 634 285 COMMENTARII
660 245 718 285 IN
742 246 972 286 HORATII
1005 245 1105 286 LIB.
1126 247 1157 288 I.
1195 246 1363 287 EPIST.
1388 246 1547 287 TERT.
1593 246 1677 288 207

125 368 300 422 betseldo
319 369 464 409 Titium
488 371 587 409 hunc
619 371 737 410 Marci
773 370 866 410 Titii
899 371 1062 411 consulis
1086 372 1170 415 723
1203 372 1318 410 filium
1352 376 1392 411 et
1423 376 1675 424 pronepotem

123 438 286 478 Munatii
318 438 446 479 Planci
483 439 609 479 fuisse.
670 439 860 479 Plutarch.
887 439 966 479 Vit.
1001 439 1146 479 Anton.
1181 440 1250 482 58.
1298 440 1428 492 Vellej.
1458 439 1605 481 Patere.
1634 443 1674 492 2,

123 506 191 547 79.
220 508 290 549 83.
327 507 402 547 Dio
430 509 539 548 Cass.
572 508 651 559 49,
681 509 746 549 18.
790 509 894 547 Titio
911 510 988 559 jam
1018 507 1139 547 Poeta
1164 508 1308 547 celebre
1328 521 1374 547 ex
1392 510 1530 547 studiis
1550 509 1673 560 poeti-

121 575 181 613 cis,
208 580 418 627 auguratur
447 589 608 627 nomen,
648 577 687 614 in
717 589 793 627 qua
828 578 980 627 quidem
1010 589 1051 614 re
1083 578 1295 629 complures
1318 577 1545 629 interpretes
1578 578 1672 616 ado-

119 643 323 683 lescentem
350 644 455 683 illum
481 645 607 697 poesis
639 650 827 684 amantem
857 645 989 682 vident
1022 644 1155 683 leviter
1192 646 1366 684 derisum.
1431 645 1490 684 Ut
1525 647 1671 696 demus,

119 711 318 751 formulam
348 714 392 750 in
420 727 492 750 ora
522 714 656 751 venire
684 713 873 751 interdum
896 712 936 749 in
963 712 1100 751 malam
1122 717 1269 764 partem
1292 714 1432 765 accipi,
1460 719 1502 753 at
1519 715 1670 765 quoties

121 779 160 816 in
188 779 344 820 bonam!
393 780 454 820 Ita
475 780 580 832 Virg.
616 780 711 820 Aen.
737 781 812 831 12,
843 780 940 822 235.
974 782 1168 833 vivusque
1191 796 1268 832 per
1295 769 1367 820 ord
1384 782 1557 833 firetar.
1606 782 1664 821 Id.

121 847 193 886 Ge.
225 849 274 898 3,
307 849 344 888 9.
375 851 578 902 victorque
607 851 740 887 virum
768 848 938 886 volitare
950 862 1028 899 per
1046 863 1131 886 ora.
1183 849 1296 901 Prop.
1321 851 1370 899 3,
1391 851 1436 901 1,
1460 848 1525 892 24.
1567 853 1670 889 Ma-

113 918 186 962 jus
212 916 266 954 ab
296 919 490 969 exsequiis
518 932 661 955 nomen-
689 919 733 955 in
764 931 836 955 ora
856 919 978 954 venit.
1030 917 1090 958 Id.
1113 917 1162 968 3,
1180 920 1231 970 7,
1255 919 1321 961 32.
1350 920 1482 957 venies
1503 925 1548 956 ιιι
1568 933 1670 971 qno-

120 998 197 1037 que
223 986 268 1022 in
294 999 366 1023 ora
395 987 540 1024 virum.
589 986 734 1025 Pallad.
762 987 801 1024 in
836 985 962 1024 Catal.
996 985 1096 1024 Scal.
1127 999 1165 1036 p.
1195 986 1289 1028 158.
1328 988 1457 1025 Vivus
1477 987 1520 1023 in
1540 994 1669 1023 aeter-

118 1067 217 1091 num
246 1054 363 1092 docta
386 1068 465 1105 per
493 1069 563 1092 ora
593 1055 718 1092 volat.
770 1053 866 1092 Plin.
890 1053 1017 1104 Epist.
1039 1055 1087 1104 8,
1114 1054 1165 1104 5,
1190 1054 1231 1094 3.
1289 1056 1434 1107 Itaque
1454 1054 1594 1093 diebus
1617 1069 1668 1092 ac

117 1121 299 1160 noctibus
329 1124 457 1174 cogito
468 1151 485 1169 ,
513 1124 550 1160 si
575 1136 658 1174 qna
689 1136 750 1159 me
780 1136 936 1174 quoque
949 1123 1102 1172 possim
1131 1121 1282 1159 Tollere
1301 1122 1447 1160 humo:
1479 1122 1546 1176 (ld
1563 1125 1667 1160 enim

116 1203 200 1228 meo
229 1197 317 1228 voto
346 1190 501 1249 suffici}
515 1206 527 1227 :
557 1190 668 1228 illud
692 1205 818 1241 supra
847 1192 1002 1239 votum)
1033 1191 1235 1242 victorque
1256 1192 1388 1229 virum
1410 1191 1576 1229 volitare
1588 1206 1667 1243 per

115 1273 200 1297 ora.
261 1258 403 1298 Imitati
429 1263 520 1297 sunt
543 1263 682 1311 poetae
711 1258 875 1296 Ennium
907 1258 1075 1308 (Hessel.
1112 1272 1151 1310 p.
1176 1259 1256 1299 161
1287 1272 1334 1297 ex
1362 1259 1442 1298 Cic.
1476 1259 1590 1300 Tusc.
1626 1262 1666 1312 1,

118 1327 192 1378 15,
217 1324 303 1372 34).
361 1326 543 1379 Exempla
571 1327 824 1380 suppeditant
846 1325 982 1364 Lamb.
1009 1328 1058 1365 ad
1087 1327 1126 1365 h.
1149 1327 1195 1378 1.,
1223 1327 1392 1370 Broukh.
1417 1329 1467 1366 ad
1483 1327 1604 1381 Prop.
1624 1331 1665 1380 2,

117 1394 164 1445 1,
193 1396 231 1437 2.
268 1393 391 1436 Drak.
426 1396 475 1434 ad
504 1395 574 1433 Sil.
610 1395 660 1446 3,
687 1395 783 1436 135.
822 1395 954 1433 Burm.
983 1395 1033 1433 ad
1058 1394 1176 1436 Anth.
1206 1394 1298 1434 Lat.
1325 1395 1356 1436 I.
1384 1410 1421 1448 p.
1441 1395 1539 1437 366.
1578 1396 1666 1435 Alia

113 1463 222 1501 addit
255 1463 325 1501 Fr.
362 1462 520 1504 Jacobs,
562 1462 611 1501 V.
644 1475 684 1513 p.
708 1461 807 1503 349.
850 1462 903 1502 N.
927 1465 995 1500 **.
1053 1463 1148 1502 Inde
1182 1463 1342 1502 formula
1372 1463 1502 1501 alic-ai
1526 1466 1571 1502 in
1597 1479 1663 1503 ore

113 1543 219 1576 esse,
249 1531 298 1569 de
328 1544 404 1581 qua
426 1532 601 1570 dixerunt
618 1531 788 1569 Ruhnk.
819 1532 870 1570 ad
899 1531 1012 1572 Ovid.
1038 1531 1196 1571 Heroid.
1223 1534 1269 1582 2,
1292 1532 1361 1574 32.
1393 1536 1432 1570 et
1455 1533 1588 1574 Klotz.
1611 1535 1662 1572 ad

111 1598 194 1636 Cic.
219 1597 324 1638 Lael.
346 1613 386 1652 p.
400 1601 470 1641 88.
512 1600 758 1651 Quapropter
783 1600 967 1638 dissentio
988 1613 1012 1638 a
1035 1600 1291 1646 Weiclzerto,
1316 1613 1431 1650 quum
1451 1599 1508 1653 (p.
1529 1602 1662 1654 376.),

109 1667 166 1705 uti
186 1668 329 1719 omnis,
361 1679 437 1717 qua
458 1666 584 1706 Titius
612 1671 822 1719 mactetur,
856 1669 940 1707 laus
966 1680 1169 1720 persperso.
1194 1669 1245 1706 sit
1276 1668 1438 1718 salibus,
1468 1669 1524 1707 ita
1546 1669 1662 1707 verba

106 1734 218 1774 huius
248 1747 378 1774 versus
412 1749 496 1774 cum
526 1735 600 1774 leni
625 1736 788 1785 quadam
823 1740 862 1774 et
890 1735 1041 1774 amabili
1073 1737 1214 1788 scripta
1237 1749 1321 1775 esse
1352 1737 1523 1775 irrisione
1555 1737 1659 1778 dicit.

106 1802 160 1841 At
185 1815 279 1855 pace
302 1805 372 1842 viri
409 1805 564 1856 optimi,
602 1806 662 1843 cui
687 1804 828 1843 invitus
862 1804 1056 1855 refragor,
1091 1805 1283 1854 quomodo
1316 1805 1402 1843 talis
1429 1805 1550 1844 irrisio
1573 1819 1657 1844 cum

105 1871 247 1911 verbis:
296 1879 343 1910 ut
380 1873 518 1910 valet?
562 1880 608 1910 at
646 1874 827 1910 meminit
867 1872 1026 1910 nostri?
1074 1900 1101 1924 „
1114 1885 1211 1923 quae
1221 1873 1271 1923 ,⁶⁴
1312 1873 1483 1923 cruquio
1518 1875 1658 1926 judice,

104 1939 252 1992 „plena
273 1945 365 1979 sunt
392 1941 528 1980 amoris
559 1941 732 1980 benevoli
741 1942 768 1965 ‘⁶
789 1946 893 1979 stare
909 1939 1069 1993 potest?
1126 1942 1205 1979 Sed
1227 1946 1266 1980 et
1285 1943 1361 1981 alia
1380 1947 1493 1993 sunt,
1520 1943 1656 1992 quibus

105 2008 174 2046 Vir
201 2007 438 2047 Clarissimus
466 2022 573 2048 suam
593 2011 667 2048 sibi
698 2011 746 2048 de
773 2010 846 2048 hoc
878 2009 961 2047 loco
989 2009 1204 2060 opinionem
1229 2010 1336 2048 finxit
1358 2015 1475 2060 atque
1500 2023 1658 2062 persua-

103 2077 176 2124 sit3
207 2077 255 2114 de
275 2077 321 2114 iis
345 2090 433 2115 mox
455 2077 612 2116 dicetur.
670 2078 826 2116 Interim
852 2078 959 2128 vide,
994 2089 1091 2126 quae
1114 2077 1302 2116 subtiliter
1323 2083 1362 2115 et
1392 2091 1475 2117 mea
1502 2080 1656 2128 quidem

102 2145 294 2184 sententia
313 2141 402 2183 vere
430 2145 478 2182 de
495 2145 600 2184 Titio
623 2146 795 2196 disputat
821 2144 887 2182 R.
908 2144 1069 2182 Jacobs.
1103 2144 1130 2182 l.
1160 2144 1187 2182 1.
1223 2159 1264 2196 p.
1295 2143 1391 2187 349.
1445 2146 1655 2183 Weiclzer-

103 2221 190 2252 tum
216 2217 368 2264 praeter
391 2212 644 2250 Schmidiam
663 2213 835 2262 sequitur
867 2213 911 2252 C.
935 2214 1102 2250 Passov.
1136 2212 1175 2250 in
1213 2211 1381 2262 „Leben
1407 2226 1446 2250 u.
1473 2213 1657 2251 Zeitalter

102 2283 170 2321 des
195 2281 327 2320 Hor-‘⁶
354 2280 408 2320 N.
436 2281 533 2322 190.

214 2349 261 2388 V.
292 2349 359 2389 10.
391 2349 457 2389 11.
506 2348 788 2387 Pcrzdarici—
808 2347 999 2398 apertos?
1058 2347 1152 2386 Hor.
1183 2348 1223 2385 in
1248 2347 1306 2385 his
1332 2360 1393 2388 vv.
1418 2347 1510 2386 Titii
1529 2349 1655 2388 audax

99 2416 307 2456 Pindarum
333 2417 516 2456 imitandi>
532 2417 701 2456 studium
732 2410 962 2466 admiratur,
999 2428 1077 2454 non
1105 2415 1258 2465 laudat,
1295 2426 1420 2463 neque
1448 2414 1653 2467 vituperat,

99 2486 141 2524 id
171 2486 275 2536 quod
302 2498 371 2536 per
396 2485 546 2536 singula
574 2487 700 2523 eundo
735 2484 844 2522 facile
867 2484 1076 2536 apparebit.
1133 2481 1254 2521 Aliter
1276 2483 1375 2520 enim
1399 2482 1655 2522 Wiclzertus

101 2553 396 2592 Scholiastarum
434 2553 785 2606 interpretationem
823 2565 908 2590 cum
944 2552 1072 2590 multis
1106 2550 1186 2588 aliis·
1220 2554 1371 2588 secutus
1401 2550 1501 2589 hunc
1527 2552 1650 2590 locum

101 2635 142 2673 p.
161 2621 411 2662 383—386
434 2622 706 2674 interpretatur
737 2621 795 2659 his
831 2621 930 2658 inter
958 2620 1030 2658 alia
1056 2632 1146 2656 usus
1175 2619 1320 2656 verbis:
1360 2617 1577 2671 ‚‚Deridet,
1607 2630 1651 2660 ut

100 2687 229 2738 paucis
258 2688 399 2739 dicam,
431 2701 569 2727 vanum
596 2692 636 2726 et
667 2688 893 2727 audaculum
925 2687 1084 2726 amicum
1105 2686 1154 2724 ob
1173 2685 1329 2724 Pindari
1346 2685 1592 2726 imitationem
1610 2693 1651 2728 et

97 2755 387 2794 aemulationem
412 2760 452 2795 et
477 2760 636 2808 propter
663 2758 743 2808 ejus
771 2755 976 2808 superbum
1002 2755 1219 2805 fastidium,
1248 2766 1324 2804 quo
1353 2755 1447 2794 alios
1471 2769 1650 2808 asperne-

98 2827 162 2862 tur
190 2828 338 2875 poetas,
349 2824 376 2847 “
433 2823 660 2874 Quanquam
687 2826 762 2878 ipsi
790 2825 954 2864 Horatio
988 2824 1027 2861 in
1056 2823 1132 2862 od.
1155 2819 1204 2873 4,
1235 2823 1273 2864 2.
1301 2823 1558 2863 difficillimum
1587 2831 1647 2865 est

96 2892 219 2930 visum
255 2891 411 2931 Pindari
449 2891 625 2931 imitandi
668 2894 859 2943 studium,
897 2892 958 2930 ille
986 2895 1114 2930 tamen
1148 2890 1275 2941 locus,
1311 2892 1414 2943 cujus
1444 2892 1643 2943 explicatio

96 2959 247 2999 aliunde
273 2960 440 3013 petenda
467 2964 526 2999 est
559 2960 611 3012 (V.
640 2961 705 3002 Fr.
736 2961 888 3001 Jacobs.
919 2960 945 3000 l.
974 2960 998 2998 l.
1031 2973 1070 3012 p.
1087 2957 1211 3011 352),
1246 2957 1386 2998 nullam
1413 2973 1539 2999 secum
1570 2963 1644 3001 fert

139 3023 291 3060 Homul·-
318 3023 349 3063 Ῑ.
1233 3023 1286 3067 15
1301 3025 1365 3079 (2)
