2028 3268
185 275 239 317 65
297 272 681 314 COMMENTARII
702 273 760 313 IN
781 271 1012 313 HORATII
1040 272 1138 314 LIB.
1155 273 1186 315 I.
1224 272 1390 314 EPIST.
1413 274 1597 322 QUINT.
1647 274 1731 316 255

184 399 398 438 Stoicorum
415 413 520 438 more
542 403 746 451 praecepta
766 400 890 438 officii.
949 399 1014 438 Sic
1035 399 1110 437 Od.
1128 402 1153 442 2
1167 428 1180 451 ,
1210 402 1259 452 2,
1288 402 1328 442 9.
1353 413 1436 451 sqq.
1464 400 1586 453 Epist.
1609 402 1632 441 1
1646 429 1659 452 ,
1689 404 1728 453 2,

183 468 252 510 32.
271 480 358 517 sqq.
380 469 421 519 6,
453 468 494 509 9.
516 481 602 519 sqq.
628 470 695 519 16,
723 469 789 508 17.
808 481 895 518 sqq.
915 467 985 518 10,
1007 468 1076 509 32.
1095 480 1180 518 sqq.
1199 467 1246 507 al.
1274 468 1334 507 Cf.
1353 468 1551 511 Diintzer.
1574 470 1624 507 ad
1650 470 1726 508 od.

185 536 234 587 2,
264 534 331 575 10.
367 548 408 586 Ρ.
429 536 528 577 139.
560 538 608 588 2,
640 534 705 578 14,
745 551 785 588 p.
813 537 907 577 178.
973 536 1062 574 Car.
1093 535 1295 573 Eunt-ius
1323 537 1349 577 l.
1369 536 1396 578 l.
1427 550 1466 588 p.
1490 539 1559 579 72.
1620 538 1730 582 Quae

181 615 298 653 quum
316 603 371 642 ita
392 605 492 656 sint,
523 605 711 656 Torquati
732 605 829 643 illius
858 605 1107 656 patrocinium
1137 617 1214 642 non
1236 605 1358 642 minus
1384 606 1592 657 prudenter
1615 618 1729 655 quam

180 670 394 709 humaniter
415 674 626 725 suscepisse
659 675 852 726 putandus
883 676 942 710 est
967 671 1035 713 Fr.
1055 671 1281 718 Jacohsz'us,
1310 674 1359 710 ad
1379 675 1482 725 cujus
1501 675 1727 712 sententiam

180 742 221 777 et
251 739 312 777 hic
347 743 387 777 et
418 741 493 780 Od.
514 740 563 793 4,
595 743 635 784 7.
670 745 771 780 recte
805 741 962 779 accessit
999 740 1187 783 Orellius.
1247 741 1446 779 Sententia
1479 743 1594 793 igitur
1633 744 1724 781 erit:

179 807 331 859 „fallaci
360 821 449 860 spe,
484 823 560 860 qua
593 810 671 848 vita
699 809 913 848 mortalium
947 810 1172 859 fluctuatur,
1210 809 1355 861 abjecta
1390 813 1429 847 et
1461 811 1608 857 studio,
1651 824 1726 862 quo

179 874 275 914 alter
285 876 444 916 alterum
459 879 593 929 opibus
614 891 791 930 superare
811 881 982 927 conatur,
1002 877 1208 915 omisso—
1227 878 1252 914 i.
1273 890 1306 917 e.
1328 878 1491 927 negotiis
1507 879 1608 916 vitae
1628 891 1729 917 com-

178 945 302 982 munis
318 946 546 998 posthabitis
575 947 679 1000 apud
712 959 772 984 me
795 945 908 996 genio
939 944 1135 996 indulge.“
1190 944 1235 983 In
1252 958 1294 983 re
1322 945 1430 984 simili
1448 946 1640 984 Juvenalis
1660 947 1728 997 11,

182 1011 280 1052 187.
341 1014 426 1052 Sed
450 1029 560 1053 nunc
589 1016 730 1053 dilatis
763 1021 897 1052 averte
928 1015 1088 1065 negotia
1121 1014 1228 1050 curis
1268 1014 1326 1050 Et
1351 1021 1518 1065 gratam
1551 1015 1729 1066 requiem

179 1078 254 1116 tibi
303 1081 423 1125 dona.
499 1084 730 1123 Invidiosam
770 1088 898 1121 autem
939 1083 1088 1121 illorum
1134 1081 1333 1118 verborum
1377 1082 1728 1134 interpretationem

177 1153 389 1198 sequuntur
405 1152 664 1199 Lambinus,
693 1152 943 1203 Doeringizis
956 1179 971 1197 ,
1001 1150 1266 1188 Hochedems
1282 1179 1297 1196 ,
1329 1162 1425 1200 quos
1448 1150 1545 1188 vide.
1603 1149 1655 1188 Et
1683 1154 1728 1188 ut

177 1218 447 1270 concedamus,
486 1221 644 1260 Poetam
673 1222 729 1260 his
755 1220 849 1272 ipsis
882 1218 1006 1257 verbis
1042 1219 1284 1268 Torquatum
1322 1220 1446 1269 ipsum
1485 1218 1727 1268 significasse,

177 1285 307 1334 quidni
327 1299 371 1324 ea
384 1289 514 1338 jocose
536 1289 637 1327 dicta
655 1302 738 1327 esse
758 1291 934 1341 putemus
947 1286 967 1325 2
995 1285 1099 1325 Num
1119 1288 1339 1324 certamina
1363 1287 1618 1332 divitiarum,
1630 1299 1728 1336 quae

176 1365 261 1391 cum
286 1355 522 1393 Welandio
541 1356 649 1409 („die
668 1357 831 1408 leidigen
852 1356 1008 1394 Fehden
1026 1369 1089 1394 um
1110 1355 1215 1394 Mein
1241 1356 1320 1393 und
1341 1353 1487 1407 Dein“)
1516 1354 1727 1393 Jacobsias

176 1421 355 1473 intelligit
390 1424 512 1475 „lites
540 1412 719 1476 aliorum,
757 1425 892 1476 quibus
927 1430 1110 1475 tanquam
1144 1428 1328 1476 patronus
1369 1427 1574 1475 occupatus
1612 1424 1727 1462 fuerit

177 1489 445 1542 Torquatus‘⁶‚
481 1492 578 1530 hanc
598 1493 764 1532 habeant
782 1493 1114 1544 significationem,
1141 1492 1291 1530 dubitat
1327 1491 1502 1529 Orellms
1531 1495 1570 1528 et
1595 1496 1727 1530 contra

177 1570 330 1608 quoque
359 1561 520 1599 surrexit
549 1562 831 1612 perhumaniter
855 1562 1142 1599 Doederlinias
1171 1559 1427 1612 („Miinchner
1447 1558 1626 1597 Gelehrte
1646 1559 1726 1597 An-

175 1626 338 1676 zeigen“
359 1628 480 1668 1836.
505 1628 555 1668 Ν.
582 1629 677 1670 105.
698 1643 735 1681 p.
757 1630 873 1682 861.)
894 1630 992 1668 inter
1012 1629 1085 1668 alia
1103 1629 1157 1666 sic
1177 1628 1398 1678 disputans:
1435 1626 1619 1676 „Nimmt
1638 1640 1726 1665 man

174 1694 337 1732 namlich
369 1695 606 1734 divitiarum
634 1697 690 1736 als
724 1697 968 1747 subjectiven
990 1697 1143 1736 Genitiv
1163 1696 1243 1734 und
1259 1695 1430 1734 versteht
1450 1695 1632 1733 darunter
1650 1698 1725 1734 den

178 1762 315 1800 Stand
333 1762 404 1800 der
423 1763 604 1803 Reichen
623 1765 713 1803 und
738 1766 1020 1812 Vornehmen,
1057 1779 1106 1803 zu
1134 1766 1258 1803 denen
1286 1764 1507 1814 Torquatus
1538 1763 1636 1801 doch
1657 1777 1724 1814 ge-

173 1831 258 1868 wiss
290 1830 467 1884 gehorte,
496 1845 540 1872 so
560 1833 834 1873 verschwindet
862 1835 976 1886 alles,
1005 1847 1082 1873 was
1105 1846 1154 1871 an
1175 1832 1275 1870 Geld
1306 1833 1386 1870 und
1405 1832 1607 1870 Habsucht
1625 1833 1723 1870 erin-

172 1910 267 1937 nern
297 1899 463 1939 konnte:
497 1915 585 1952 spes
607 1902 686 1940 und
718 1904 937 1941 certamina
968 1902 1055 1940 sind
1074 1903 1135 1941 die
1154 1901 1382 1940 Aussichten
1402 1903 1480 1939 und
1507 1901 1722 1939 Bemiihun-

172 1979 266 2018 gen,
296 1981 345 2006 zu
375 1969 499 2007 denen
528 1970 589 2007 die
620 1969 785 2008 divitiae
802 1971 1083 2022 Berechtigung
1108 1971 1254 2022 geben,
1283 1971 1353 2008 auf
1377 1970 1456 2006 und
1478 1983 1541 2006 um
1561 1970 1723 2007 Elzren-

173 2035 326 2072 stellen.
385 2035 526 2075 Tadelt
546 2050 622 2075 nun
643 2038 774 2077 Horaz
795 2040 917 2077 dieses
938 2038 1102 2076 Streben
1120 2040 1243 2077 seines
1271 2039 1466 2076 Freundes
1481 2065 1493 2088 ,
1521 2038 1646 2076 indem
1682 2051 1723 2076 er

173 2117 214 2142 es
232 2104 288 2143 als
310 2103 453 2142 levitas
473 2106 562 2156 [vid.
584 2107 632 2144 de
651 2106 687 2144 h.
707 2120 743 2146 v.
766 2106 900 2157 Orelh]
920 2106 1171 2145 bezeichnet?
1219 2107 1277 2144 Im
1305 2106 1446 2144 Ernste
1466 2105 1570 2143 nicht
1601 2106 1722 2156 (denn

172 2172 322 2210 keinem
339 2171 481 2211 Ro‘mer
500 2173 646 2211 konnte
664 2186 728 2224 eS,
758 2175 985 2226 wenigstens
1006 2174 1150 2212 damals
1176 2174 1301 2223 nicht,
1330 2173 1527 2223 einfallen,
1560 2174 1598 2210 in
1619 2174 1723 2211 dem-

167 2240 323 2290 jenigen
350 2239 541 2279 Ehrsucht
569 2255 618 2279 zu
652 2242 792 2292 sehen,
821 2256 898 2281 was
919 2243 987 2281 der
1004 2242 1212 2281 natiirliehe
1230 2242 1353 2278 Beruf
1367 2242 1434 2278 der
1452 2239 1621 2278 Reichen
1641 2242 1722 2278 und

172 2308 413 2346 Vornehmen
434 2308 542 2360 war),
573 2310 671 2348 wohl
696 2310 785 2348 aber
804 2311 844 2348 in
863 2311 967 2348 einer
986 2309 1298 2348 humoristischen
1321 2311 1414 2347 oder
1443 2308 1721 2359 epicureischen

171 2374 330 2427 Laune,
361 2390 410 2414 zu
437 2377 596 2416 welcher
629 2378 694 2416 ihu
728 2379 796 2416 der
830 2377 1067 2429 Augenblick
1095 2379 1175 2416 und
1203 2378 1264 2415 die
1297 2377 1583 2427 Veranlassung
1597 2405 1609 2426 ,
1638 2378 1721 2415 eine

173 2444 390 2496 Einladung
411 2459 497 2484 zum
517 2446 721 2497 Schmaus,
751 2447 811 2484 ein
829 2446 947 2485 volles
967 2445 1091 2486 Recht
1110 2447 1213 2498 gab“
1233 2450 1302 2485 etc.
1350 2444 1405 2484 At
1424 2446 1553 2483 confer
1572 2446 1656 2486 Sat.
1680 2446 1719 2497 1,

175 2513 223 2564 1,
250 2514 346 2553 113.
361 2526 448 2564 sqq.
477 2513 632 2555 Lucret.
665 2517 715 2566 2,
749 2516 817 2557 12.
845 2515 913 2555 Sil.
950 2514 1039 2553 Ital.
1065 2515 1140 2566 12,
1170 2512 1237 2556 34.
1298 2514 1357 2552 De
1390 2514 1554 2552 Moschi
1573 2528 1718 2561 causa,

175 2593 290 2631 quam
307 2586 435 2621 orator
464 2583 543 2620 sive
563 2596 759 2622 causarum
778 2589 962 2636 patronus
984 2597 1061 2623 non
1081 2585 1163 2622 sine
1191 2584 1360 2634 quadam
1378 2582 1550 2622 molestia
1571 2584 1717 2622 videtur

173 2649 296 2699 egisse
316 2645 537 2699 Torquatus
551 2679 564 2701 ,
593 2652 889 2693 Scholiastarum
910 2654 1126 2692 testimonio
1145 2653 1290 2690 innisus
1309 2652 1460 2690 uberius
1480 2652 1573 2690 dixit
1598 2652 1717 2690 Wei-

174 2717 332 2755 clzertus
355 2718 381 2758 l.
412 2718 438 2756 1.
459 2732 501 2770 p·
522 2719 619 2761 311.
645 2733 733 2772 sqq.
790 2722 878 2761 Veri
900 2727 1027 2761 autem
1045 2721 1166 2760 simile
1186 2723 1268 2772 est,
1297 2733 1414 2771 quum
1433 2720 1654 2771 Torquatus
1676 2721 1715 2758 in

174 2786 335 2825 civilium
367 2788 703 2828 controversiarum
734 2791 954 2843 patrociniis
987 2803 1128 2841 magna
1156 2802 1240 2827 cum
1257 2789 1371 2827 laude
1394 2793 1564 2828 versatus
1583 2790 1652 2840 sit,
1680 2791 1714 2828 ei

173 2852 323 2892 laudem
350 2854 464 2893 tribui
486 2856 718 2907 facundiae
741 2860 818 2898 Od.
851 2859 900 2912 4,
930 2862 980 2910 7,
1007 2859 1088 2910 23.,
1116 2870 1228 2909 quem
1256 2856 1380 2896 locum
1406 2857 1509 2897 nulla
1527 2858 1715 2908 Torquati

173 2922 329 2972 ejtisque
357 2923 538 2965 virtutum
566 2927 696 2968 habita
724 2931 871 2969 ratione
889 2928 1030 2967 elatum
1060 2926 1265 2965 arbitratur
1285 2925 1539 2964 VVeiclzertus
1556 2940 1594 2978 p.
1614 2926 1712 2966 313.

176 2990 322 3036 Quodsi
335 2994 436 3032 idem
453 2995 510 3034 vir
529 2997 765 3037 doctissimus
783 2998 949 3049 mihique
967 2995 1209 3035 amicissimus
1218 3007 1257 3047 p.
1268 2994 1497 3036 312.addit:
1518 2995 1605 3046 „Ut
1623 3006 1713 3032 vero

230 3058 376 3099 Hom-r.
405 3061 432 3095 l.
1258 3060 1311 3102 18
1340 3062 1406 3116 (5)
