2028 3268
179 274 236 316 33
292 272 664 312 COMMENTARII
694 273 747 309 IN
776 270 1001 310 HORATII
1029 269 1202 308 EPIST.
1229 268 1447 307 SECUND.
1473 267 1575 306 LIB.
1595 269 1627 309 Ι.
1659 264 1741 308 139

180 386 282 428 Vide
302 387 387 439 ejus
406 386 658 424 itinerarium
678 383 777 437 (von
794 383 1065 422 Boustetten's
1084 383 1203 421 Reise
1229 382 1272 420 in
1300 381 1365 420 die
1384 379 1637 420 klassischen
1657 382 1741 420 Ge-

181 455 340 509 genden
367 456 512 504 Roms,
540 454 762 492 bearbeitet
791 465 871 491 von
898 450 1080 504 Schelle)
1110 453 1162 489 ΙΙ.
1193 465 1234 503 p.
1269 451 1378 500 161„
1407 451 1659 502 Wesseling.
1689 449 1741 488 ad

179 525 372 564 Antonin.
390 524 644 561 Itinerarium
662 537 704 576 p.
724 522 838 571 302„
867 520 1011 559 Strabo
1028 519 1067 570 5,
1088 520 1127 560 3.
1148 534 1188 572 p.
1210 519 1309 561 386.
1333 518 1398 558 ed.
1417 518 1545 558 Tchz.
1604 521 1670 557 Ex
1692 533 1740 558 eo

180 600 316 632 autem
328 622 340 643 ‚
364 591 475 646 quod
493 593 590 630 Hor.
613 604 774 630 secessu
791 592 835 628 in
852 588 930 628 hac
947 589 1046 627 urbe
1068 590 1220 627 aesfivo
1241 587 1462 628 delectatus
1480 590 1615 640 fuerit,
1644 590 1741 628 nul-

178 661 220 700 lo
247 660 371 700 modo
404 661 549 714 sequi,
581 673 675 697 eum
694 660 780 697 illic
797 659 940 697 villam
960 655 1176 696 domumve
1201 657 1449 710 possedisse,
1475 659 1647 697 feliciter
1666 658 1740 697 de-

177 737 448 769 monstratum
476 730 550 767 ivit
583 727 815 780 Capmartin
841 726 892 765 de
919 725 1090 779 Chaupy
1126 727 1168 764 in
1206 727 1484 776 „Decouverte
1505 727 1616 766 dela
1634 728 1741 766 mai-

178 812 267 849 son,
278 801 303 822 “
334 805 409 838 etc.
428 800 461 836 I.
480 812 521 850 p.
543 796 610 839 57.
630 799 680 834 Π.
699 810 739 849 p.
760 793 859 837 327.
917 794 1033 834 Adde
1051 795 1164 833 Miss.
1186 794 1362 834 Graham
1391 797 1741 836 Sommeraufent-

178 866 268 906 halt
290 868 334 905 in
359 867 526 905 Hirzelii
555 864 823 912 „An-siemera
842 878 920 903 von
939 863 1141 902 Italien.“
1172 865 1268 916 Lps.
1306 865 1429 907 1823.
1460 868 1491 904 Ι.
1520 881 1562 918 Ρ.
1597 866 1664 907 19.
1701 872 1742 904 et

179 950 219 989 p.
254 938 372 986 12Ο.,
402 936 474 974 ubi
503 934 603 973 haec
621 935 710 986 ipsa
729 934 823 971 urbs
854 932 1104 971 describitur.
1162 933 1223 970 De
1251 934 1496 984 secessibus,
1524 937 1567 973 in
1594 935 1741 988 quibus

179 1003 247 1043 hic
269 1012 308 1043 et
334 1005 431 1043 alibi
449 1004 574 1055 egerit
593 1004 783 1041 Horatius
797 1032 808 1051 ‚
839 1000 995 1039 erudite
1025 1001 1230 1054 disputant
1251 1002 1481 1054 Campenon
1499 1005 1542 1041 in
1562 1003 1742 1041 Becher-

180 1073 272 1111 ekes
303 1087 375 1111 sur
401 1059 445 1109 la'
467 1073 622 1108 maison
652 1071 700 1109 de
729 1083 956 1122 campogne
981 1070 1023 1108 d'
1035 1071 1199 1108 Horace
1225 1072 1268 1108 in
1303 1073 1450 1111 Oeuvr.
1485 1071 1523 1110 d'
1536 1074 1690 1112 Horace
1709 1074 1740 1111 1.

178 1156 218 1194 Ρ.
238 1143 460 1180 LXXII—
475 1141 633 1179 LXXV.
658 1147 698 1177 et
720 1140 763 1177 C.
786 1141 953 1177 Passov.
976 1139 1005 1176 l.
1028 1139 1056 1175 l.
1080 1152 1120 1191 p.
1141 1139 1212 1177 XC
1224 1162 1281 1167 —-·
1296 1140 1360 1178 CI.
1398 1141 1459 1179 Cf.
1490 1142 1533 1179 C.
1554 1140 1741 1180 Schiller.

179 1209 232 1247 ad
257 1208 332 1248 Od.
353 1211 393 1259 2,
416 1209 456 1248 6.
483 1210 526 1246 in
547 1209 861 1259 ‚,Com1ne11tar“
880 1214 955 1245 etc.
985 1207 1096 1258 Lips.
1115 1206 1237 1249 1837.
1265 1222 1304 1261 Ρ.
1328 1209 1398 1250 88.
1419 1222 1509 1262 sqq.
1527 1232 1584 1241 —
1600 1210 1737 1262 relegi.

179 1279 344 1326 Quoties
370 1278 558 1316 Horatius
591 1284 707 1314 antea
731 1277 875 1328 legerit
893 1276 1238 1329 pervolutaritque
1267 1281 1480 1329 poetarum
1504 1280 1742 1332 principem,

178 1360 232 1401 ne
259 1347 487 1397 conjectura
520 1344 686 1399 quidem
713 1346 874 1398 assequi
907 1358 1122 1397 possumus
1154 1345 1305 1398 (neque
1334 1345 1412 1385 hoc
1438 1348 1667 1401 curamus);
1700 1347 1743 1386 id

179 1421 317 1453 tamen
343 1413 542 1453 habemus
562 1429 636 1467 pro
669 1420 801 1463 certo,
831 1415 1044 1452 Horatium
1071 1427 1117 1452 eo
1147 1420 1350 1466 tempore,
1376 1428 1457 1468 quo
1489 1418 1642 1454 Romae
1663 1430 1743 1455 nu-

179 1484 266 1521 triri
291 1489 412 1536 atque
439 1482 574 1522 doceri
593 1483 671 1535 ipsi
690 1483 959 1534 contingeret,
990 1489 1029 1520 et
1046 1483 1152 1520 Livii
1169 1483 1392 1523 Andronici
1409 1492 1448 1523 et
1467 1487 1634 1524 Homeri
1656 1500 1745 1524 car—-

178 1552 357 1590 minibus
376 1552 580 1590 imbutum
602 1553 750 1601 fuisse,
775 1553 851 1604 Ep.
878 1553 918 1601 2,
941 1553 978 1601 1,
999 1553 1069 1593 70.
1099 1554 1140 1601 2,
1168 1554 1208 1601 2,
1235 1551 1304 1594 41.
1325 1553 1463 1606 ibique
1487 1552 1670 1592 Schmid.
1705 1561 1744 1592 et

178 1619 333 1659 Riedel.
391 1622 471 1659 Res
508 1621 617 1658 enim
652 1621 710 1658 ita
735 1621 909 1670 ferebat,
941 1627 987 1658 ut
1014 1620 1123 1672 apud
1153 1628 1307 1660 veteres
1342 1624 1546 1661 Romanos
1575 1623 1743 1674 ingenui

177 1690 293 1742 pueri
314 1702 336 1727 a
361 1686 513 1741 poetis,
545 1702 673 1742 eoque
696 1690 894 1738 Homero,
927 1691 1230 1741 auspicarentur
1249 1703 1321 1728 sua
1343 1689 1477 1728 studia
1498 1703 1743 1744 omnemque

178 1757 460 1796 eruditionem.
517 1756 619 1796 Vide
652 1764 811 1809 praeter
847 1763 998 1796 ceteros
1024 1755 1250 1796 Weichert.
1280 1760 1396 1797 Ροὲῒ.
1424 1759 1540 1797 latin.
1563 1759 1680 1813 reliq.
1700 1775 1741 1813 p.

178 1827 248 1868 37.
274 1827 318 1865 G.
346 1828 511 1865 Passov.
539 1827 569 1864 1.
588 1826 617 1864 l.
645 1827 735 1864 Not.
759 1827 830 1868 23.
890 1827 1022 1874 Quam
1049 1827 1099 1865 ob
1123 1840 1210 1864 rem
1228 1828 1278 1866 iis
1309 1841 1392 1867 non
1423 1829 1640 1879 assentior,
1674 1831 1744 1882 qui

178 1897 414 1945 Horatium,
445 1894 545 1933 dum
574 1909 675 1947 puer
709 1897 863 1934 Romae
900 1902 1146 1945 versaretur,
1177 1897 1285 1935 Livii
1307 1896 1530 1936 Andronici
1562 1904 1744 1936 tantum-

179 1963 302 2003 modo
334 1965 504 2003 latinam
535 1963 756 2017 Odysseam
787 1965 934 2017 legisse
962 1965 1197 2016 opinanturr,
1230 1964 1280 2003 de
1314 1979 1394 2019 qua
1424 1979 1467 2003 re
1497 1973 1604 2004 recte
1630 1966 1744 2018 judi-

181 2039 322 2070 carunt
351 2031 550 2070 Wentzel.
587 2033 629 2069 iu
646 2031 768 2072 Jahn.
795 2036 844 2071 N.
865 2032 1005 2072 Jahrb.
1036 2033 1159 2074 1832.
1192 2035 1239 2073 V.
1268 2036 1310 2075 2.
1336 2048 1377 2086 Ρ.
1400 2035 1494 2076 130.
1517 2041 1557 2072 et
1585 2035 1740 2073 Osann.

181 2101 223 2137 in
242 2102 478 2139 Zimmerm.
498 2099 732 2139 zeitschrift
752 2108 828 2139 etc.
853 2103 976 2143 1836.
999 2115 1040 2153 p.
1065 2100 1164 2142 964.
1206 2113 1208 2115 ’

293 2169 342 2206 V.
362 2167 403 2208 3.
440 2167 523 2218 Qui
538 2191 594 2196 —
616 2168 718 2219 qaid
733 2182 826 2206 non.
875 2169 990 2216 Quod
1011 2167 1078 2206 hic
1095 2169 1227 2220 tangit
1247 2173 1380 2220 poi'e'ta,
1413 2175 1496 2206 erat
1519 2171 1744 2209 communis

181 2234 537 2289 philosophorum,
568 2237 765 2288 imprimis
804 2237 1124 2286 Socraticorum,
1159 2239 1355 2289 quaestio.
1413 2238 1580 2275 Aristot.
1608 2237 1741 2276 Ethic.

180 2303 412 2344 Nicomach.
435 2306 476 2353 2,
507 2307 548 2346 2.
588 2307 720 2358 Τριῶν
749 2302 826 2361 γοῖρ
853 2303 981 2347 ὄντων
1008 2308 1091 2346 τῶν
1120 2305 1178 2354 εἰς
1205 2302 1276 2353 τοὶς
1305 2302 1490 2357 αἱρέσεις,
1518 2304 1587 2346 καὶ
1619 2310 1743 2361 τριῶν

182 2371 313 2415 ὄντων
341 2376 422 2414 τῶν
450 2374 507 2422 εἰς
533 2371 605 2422 τοὶς
625 2371 771 2428 φυγάς,
793 2376 932 2423 καλοῦ,
964 2372 1253 2427 συμφέροντος,
1283 2370 1403 2423 ἡδέος
1422 2373 1490 2413 καὶ
1515 2377 1638 2427 τριῶν
1661 2379 1745 2418 ταῖν

179 2441 388 2492 ἐναντίων,
410 2442 595 2496 αἰσχροῦ,
622 2438 881 2496 ἀσυμφόρου,
901 2444 1098 2495 λυπηροῦ.
1156 2443 1222 2478 Ex
1246 2440 1476 2478 Stoicorum
1493 2443 1652 2494 placitis
1678 2458 1741 2498 ap.

181 2511 294 2550 Stob.
314 2512 453 2563 Eclog.
478 2513 528 2548 ΙΙ.
551 2513 591 2552 7.
610 2525 650 2563 p.
663 2509 755 2552 94.:
779 2507 922 2551 Πάντα
942 2509 986 2551 δὲ
1003 2507 1166 2565 τᾶγαθοῖ
1182 2505 1363 2561 ω’φὲλιμα
1386 2505 1491 2550 εἶναι
1506 2510 1575 2551 καὶ
1592 2511 1742 2567 χρηστοὶ

182 2578 255 2619 καὶ
283 2579 538 2633 συμφέροντα
572 2580 642 2621 καὶ
677 2582 863 2632 λυσιτελῆ
890 2579 958 2620 καὶ
987 2580 1188 2621 σπουδαῖα
1210 2576 1280 2618 καὶ
1309 2576 1514 2631 πρέποντα
1541 2580 1610 2621 καὶ
1639 2580 1742 2623 καλὰ

183 2645 252 2687 καὶ
280 2647 422 2687 οἰκεῖα.
477 2647 665 2701 Xenoph.
697 2648 919 2687 Memorab.
954 2649 990 2697 1,
1023 2650 1058 2696 1,
1092 2648 1159 2688 16.
1192 2648 1310 2697 Diog.
1331 2647 1462 2686 Laert.
1486 2649 1527 2697 2,
1557 2651 1628 2692 21.
1660 2652 1743 2690 Cic.

187 2713 236 2752 de
261 2713 338 2752 Off.
369 2715 407 2763 1,
436 2716 478 2756 3.
498 2718 538 2766 3,
562 2719 602 2758 2.
632 2718 820 2756 Horatius
842 2718 928 2768 ipse
950 2715 999 2754 de
1021 2715 1085 2754 his
1109 2723 1148 2753 et
1166 2715 1314 2752 talibus
1343 2716 1426 2767 agit
1450 2716 1536 2755 Sat.
1559 2719 1599 2767 2,
1619 2720 1658 2769 6,
1687 2722 1743 2761 72

185 2795 239 2821 ss.
270 2783 347 2834 Ep.
372 2783 409 2831 1,
439 2784 476 2832 1,
508 2787 560 2826 11
583 2799 638 2825 SS.
693 2788 803 2824 Bene
832 2793 992 2835 autem,
1024 2783 1133 2837 quod
1158 2782 1225 2820 hic
1253 2784 1340 2821 vult
1363 2785 1501 2835 Poeta,
1533 2787 1741 2826 Plutarch.

187 2851 238 2889 de
258 2853 350 2889 virt.
377 2857 416 2888 et
440 2853 538 2891 vitio
567 2855 620 2892 T.
647 2856 714 2893 VI.
740 2869 781 2907 p.
809 2853 908 2896 384.
937 2853 1008 2894 καὶ
1038 2849 1240 2907 αὐτάρκης
1264 2851 1347 2908 ἔσῃ,
1366 2850 1437 2893 ἐὰν
1460 2851 1613 2911 μάθῃς,
1635 2841 1676 2896 4τί
1694 2855 1739 2897 vd

185 2916 307 2960 καλὸν
325 2918 394 2960 καὶ
413 2916 570 2974 ἀγαθόν
591 2922 682 2964 ἔστι.
703 2944 761 2952 -—
789 2923 1012 2974 pulchrum
1026 2950 1039 2968 ‚
1068 2918 1113 2962 vd
1132 2916 1270 2970 καλόν,
1301 2922 1360 2959 uti
1381 2935 1521 2974 graece
1545 2926 1741 2976 exprimi-

188 2995 252 3026 tur
270 3001 335 3039 ap.
359 2988 441 3027 cic.
462 2989 514 3028 ad
530 2991 650 3033 Attic.
671 2990 710 3040 8,
735 2991 790 3041 8.,
820 2998 876 3028 est
898 2990 1045 3028 bonum
1067 3004 1099 3026 ε.
1124 2988 1330 3027 honestam
1343 3019 1358 3036 ,
1388 2991 1493 3029 inter
1517 2992 1623 3044 quod
1646 2995 1740 3031 nul-

231 3053 382 3089 Homvr.
407 3055 439 3090 1.
1316 3055 1369 3097 10
1400 3059 1462 3111 (3)
