2028 3268
165 269 223 312 57
320 265 701 308 COMMENTARII
719 267 778 307 IN
798 264 1026 308 HORATII
1043 264 1143 305 LIB.
1158 265 1186 306 I.
1210 263 1377 305 EPIST.
1395 263 1549 308 SEXT.
1635 262 1719 305 329

164 394 293 434 Pison.
316 393 384 435 56.
445 394 559 439 Quod
590 393 776 431 Graevius
807 393 856 431 de
883 393 997 431 animi
1021 393 1194 444 pondere
1223 391 1363 430 dictum
1390 393 1514 443 putat,
1543 390 1584 427 id
1618 390 1721 428 Ges-

165 476 285 502 neru⁸
311 463 361 500 ad
391 462 563 513 corporis
586 462 737 512 pondus
761 462 905 511 refert,
942 465 986 499 ut
1015 462 1065 499 sit
1094 468 1208 498 trans
1228 459 1411 511 pondera
1439 459 1537 498 ultra
1562 459 1720 509 aequili-

163 531 287 570 brium
313 531 486 582 corporis
516 543 599 568 cum
627 530 796 581 periculo
827 531 1001 579 cadendi,
1030 531 1069 567 in
1099 542 1210 580 quam
1234 542 1314 567 rem
1344 529 1473 566 laudat
1493 528 1605 566 ovid.
1623 528 1717 565 Met.

164 600 208 649 1,
241 599 308 639 13.
339 598 452 648 [adde
476 598 558 636 Cic.
582 597 691 636 Arat.
720 597 803 648 22.]
862 598 910 636 Ei
938 599 1195 637 assentiuntur
1225 596 1402 635 Bothius
1429 597 1485 647 (in
1507 595 1649 635 Annot.
1671 596 1719 635 ad

159 666 297 716 Feam,
326 667 396 705 sed
423 672 588 706 mentem
613 667 770 706 mutavit
794 666 833 704 in
862 667 923 704 ed.
942 667 1139 718 Gesneri),
1176 665 1409 704 Groebelius
1434 664 1606 716 (laudans
1636 665 1718 703 Cic.

163 749 225 789 pr.
255 736 383 774 Plane.
418 735 518 788 10.),
561 734 823 773 Schiraehius
852 738 892 773 et
920 736 980 773 M.
1014 735 1074 772 A.
1108 734 1355 773 Fritzsclzius
1382 733 1439 786 (in
1467 734 1719 773 Commentat.

161 806 204 844 in
241 805 376 844 Horat.
411 803 500 842 Lib.
529 803 559 842 I.
594 804 720 855 Epist.
751 802 826 853 VI,
871 815 909 840 v.
940 803 1008 844 51.
1045 803 1188 843 Dresd.
1231 817 1252 842 e
1289 802 1551 854 typographeo
1593 803 1639 840 C.
1667 803 1717 840 G.

164 874 379 913 Gaertneri.
407 874 490 910 sine
519 872 667 925 annm).
715 870 971 923 Brieglebius
1002 876 1190 911 extremae
1220 871 1448 910 conditionis
1483 871 1652 909 homines
1680 875 1721 908 ut

163 942 312 993 bajulos
340 940 574 991 significatos
604 942 790 993 opinatur.
835 940 1016 980 Similiter
1040 940 1216 978 Iahnius
1238 940 1353 978 sentit
1377 952 1436 989 ea,
1463 952 1592 990 „quae
1619 940 1721 990 ejus-

162 1011 267 1050 modi
293 1010 406 1047 homo
435 1009 600 1047 humeris
630 1010 754 1047 fert-‘⁶
802 1009 864 1046 Cf.
898 1008 1034 1060 Leipz.
1062 1009 1141 1047 Lit.
1168 1010 1269 1047 Zeit.
1306 1007 1430 1051 1825.
1455 1008 1509 1047 Ν.
1542 1007 1636 1049 180.
1687 1006 1721 1045 Α

163 1079 299 1130 quibus
324 1091 402 1115 non
426 1077 583 1115 multum
607 1078 770 1115 dissidet
804 1075 1019 1114 Seebodius
1030 1105 1047 1124 ,
1094 1077 1269 1116 tribulem
1297 1077 1484 1127 quendam
1505 1076 1720 1127 intelligens

161 1147 358 1194 rusticum,
387 1159 515 1196 quem,
546 1159 659 1196 quum
693 1147 838 1184 fructus
869 1157 914 1183 ex
936 1157 1023 1184 rure
1047 1147 1085 1183 in
1116 1145 1245 1184 urbem
1269 1149 1441 1197 portatos
1470 1157 1606 1184 venum
1629 1157 1721 1195 pro-

161 1219 295 1267 ponat,
325 1214 546 1252 candidatus
571 1213 635 1252 ille
661 1214 903 1266 perofficiose
932 1216 1045 1254 adeat
1073 1219 1186 1265 atque
1213 1214 1411 1252 humiliter.
1470 1213 1514 1251 In
1541 1216 1721 1264 promptu

162 1288 290 1322 autem
314 1286 388 1332 est,
419 1295 493 1333 qua
520 1285 649 1321 mente
683 1282 863 1320 Wssius
890 1284 1006 1321 verba
1035 1284 1090 1321 sic
1120 1284 1289 1321 ordinet:
1320 1288 1484 1333 „cogat
1504 1288 1554 1318 tr.
1576 1281 1699 1332 pond.
1705 1309 1721 1327 ,

162 1353 190 1390 i.
225 1364 262 1389 e.
299 1363 433 1389 servus
472 1355 564 1401 agat
593 1351 833 1397 candidatum
860 1355 966 1390 trans
998 1351 1214 1403 pondera.“
1279 1350 1454 1389 Orellius
1483 1355 1608 1388 autem
1639 1363 1722 1387 om-

163 1419 267 1458 nium
293 1419 606 1470 simplicissimam
629 1419 744 1458 habet
768 1433 851 1457 eam
881 1421 1194 1472 explicationem,
1222 1419 1261 1457 in
1290 1432 1401 1470 quam
1428 1419 1602 1457 inciderit
1629 1418 1722 1455 Lu-

158 1489 276 1539 pias,
310 1490 353 1525 ut
374 1487 557 1538 pondera
586 1488 841 1539 intelligantur
865 1489 1050 1540 propolae
1079 1489 1271 1538 cujusdam
1298 1488 1337 1525 in
1365 1487 1524 1525 taberna
1552 1486 1721 1524 sedentis

164 1560 370 1609 apparatus
399 1556 609 1606 ponderum
631 1570 676 1595 ac
703 1570 984 1604 mensurarum3
1012 1561 1159 1596 ceteras
1183 1557 1281 1594 enim
1305 1556 1463 1594 refutari
1485 1556 1575 1594 dicit
1597 1555 1721 1606 primo

161 1630 322 1677 aspectu
347 1623 531 1662 tabernae
560 1623 817 1676 Pompejanae
846 1626 884 1664 in
909 1625 1010 1666 Mus.
1049 1625 1220 1663 Borbon.
1249 1624 1334 1661 Vol.
1364 1624 1414 1661 X.
1442 1628 1534 1675 post
1564 1621 1722 1660 vohuni-

161 1694 222 1733 nis
243 1693 418 1731 indicem.
479 1692 576 1730 Cum
605 1693 662 1730 his
692 1694 742 1731 cf.
771 1693 991 1731 Ascensius
1018 1694 1067 1732 ad
1097 1693 1134 1731 h.
1163 1693 1217 1742 1.,
1248 1692 1446 1730 Luisinus
1472 1690 1647 1741 (Parerg.
1679 1689 1722 1739 3,

162 1759 232 1803 41.
260 1761 300 1800 in
329 1761 441 1798 Grut.
470 1759 606 1812 Lamp.
640 1762 722 1799 crit.
748 1761 814 1802 ΠΙ.
846 1775 886 1813 p.
918 1760 1032 1813 509.)
1062 1764 1104 1799 et
1141 1761 1270 1798 Titius
1298 1761 1349 1798 ad
1376 1760 1536 1798 Nemes.
1567 1758 1650 1796 Ecl.
1683 1759 1722 1807 1,

162 1829 233 1871 51.
246 1855 260 1879 ,
302 1828 367 1867 ubi
404 1829 673 1867 Burmannus
709 1830 835 1868 locum
871 1830 1121 1868 Horatianum
1156 1843 1199 1868 se
1235 1828 1446 1879 intelligere
1484 1831 1611 1878 negat.
1673 1825 1723 1865 At

165 1910 280 1948 quum
308 1897 462 1936 difficile
485 1898 549 1948 sit,
577 1911 658 1936 rem
685 1902 761 1937 tam
791 1899 990 1936 obscuram
1019 1902 1058 1937 et
1081 1898 1308 1949 antiquitate
1341 1898 1514 1935 obrutam
1540 1895 1723 1933 illustrem

164 1965 350 2015 reddere,
395 1966 475 2015 ejus
513 1966 766 2016 explanationi
797 1979 1055 2018 quaecumque
1085 1972 1144 2006 est
1182 1979 1229 2004 ex
1265 1966 1419 2017 ingenio
1460 1964 1621 2015 quisque
1661 1961 1722 2000 vel

165 2033 292 2073 demat
316 2032 382 2071 vel
411 2034 527 2072 addat
555 2033 692 2071 fidem!

278 2101 324 2139 V.
355 2097 554 2143 52—54.
614 2101 701 2138 Hie
729 2101 903 2139 multum
922 2122 980 2132 —-·
999 2100 1109 2139 ebur.
1171 2100 1314 2140 Tribus
1344 2098 1516 2144 Fabiae,
1547 2099 1586 2136 in
1611 2110 1723 2148 quam

164 2169 370 2220 adoptatus
400 2172 482 2207 erat
511 2168 722 2220 Augustus,
749 2170 890 2208 mentio
919 2169 964 2207 fit
994 2182 1017 2207 a
1045 2170 1205 2207 Sueton.
1233 2169 1270 2206 in
1297 2168 1375 2206 Vit.
1403 2165 1504 2216 Aug.
1520 2163 1605 2214 40„
1643 2166 1723 2204 Ve-

165 2238 275 2276 linae
301 2250 326 2275 a
352 2236 540 2276 Cicerone
565 2239 615 2275 ad
645 2237 761 2275 Attic.
778 2233 819 2287 4,
852 2235 921 2287 15,
954 2239 995 2277 7.
1016 2241 1055 2275 et
1082 2249 1105 2274 a
1136 2235 1271 2274 Persio
1297 2234 1338 2284 5,
1367 2235 1436 2275 73.
1454 2234 1562 2286 (ibiq.
1580 2233 1719 2272 Hauth.

163 2320 205 2360 p.
219 2305 336 2358 330.)
392 2305 597 2342 Libertate
627 2319 727 2357 opus
759 2312 815 2342 est
823 2319 841 2353 ;
872 2318 953 2342 non
981 2304 1077 2351 hac,
1107 2312 1153 2342 ut
1176 2306 1343 2357 quisque
1377 2301 1527 2342 Velina
1546 2301 1723 2339 Publius

166 2376 345 2418 emeruit.
402 2374 446 2412 In
480 2374 607 2413 verbis
645 2387 754 2424 seqq.
786 2374 1011 2412 describitur
1039 2374 1173 2413 tertius
1203 2373 1354 2423 quidam
1383 2375 1422 2410 et
1447 2370 1560 2409 homo
1589 2369 1723 2422 plebe-

161 2445 240 2496 jus,
267 2444 332 2495 qui
359 2444 408 2481 ad
436 2442 629 2482 arbitrium
657 2454 822 2480 summos
850 2443 1094 2493 magistratus
1124 2442 1181 2480 cui
1211 2441 1303 2479 libet
1331 2443 1396 2478 aut
1421 2441 1488 2478 dat
1507 2442 1573 2476 aut
1591 2442 1723 2489 negat,

166 2512 216 2550 ob
245 2512 343 2550 hanc
370 2513 522 2562 quidem
550 2525 631 2550 rem
658 2511 938 2561 importantur,
985 2511 1010 2549 i.
1038 2524 1072 2548 e.
1103 2523 1182 2548 non
1209 2514 1289 2547 tam
1316 2508 1415 2558 „sui
1435 2508 1554 2557 juris,
1602 2508 1722 2556 ferus,

165 2580 300 2630 fier,“
332 2584 375 2618 ut
405 2580 567 2631 explieat
589 2580 739 2618 Bauer.
768 2580 818 2618 ad
848 2579 980 2616 Sanct.
1014 2578 1176 2616 Minerv.
1207 2577 1252 2615 ΙΙ.
1284 2590 1323 2627 p.
1353 2575 1465 2625 317„
1495 2575 1555 2612 vel
1584 2601 1613 2625 „
1625 2575 1723 2612 assi-

167 2648 287 2696 duus,
317 2647 534 2697 sedulus,“
576 2653 618 2686 ut
648 2648 880 2695 Ιανεηοίιιε,
925 2659 1037 2697 quam
1065 2645 1349 2694 incommodus,
1389 2644 1633 2691 inhumanus3
1674 2644 1720 2681 C.

166 2713 334 2753 Passov:
378 2716 719 2765 „unerbittlich;“
757 2715 898 2754 Orell.:
935 2718 1133 2766 „propter
1163 2714 1424 2751 morositatem
1462 2713 1721 2750 incommodus

169 2787 210 2822 et
245 2782 512 2833 inexorabilis,
557 2784 826 2836 Trotzkopf.“
884 2782 944 2822 De
983 2783 1055 2820 hoc
1087 2796 1173 2820 voc.
1205 2783 1378 2820 dixerunt
1411 2780 1642 2819 Schmidius
1671 2781 1721 2818 ad

167 2850 207 2889 h.
234 2850 260 2892 l.
283 2849 442 2888 Lamb.
467 2852 516 2889 ad
547 2852 623 2890 od.
647 2853 690 2902 3,
721 2853 790 2902 16,
815 2853 884 2893 37.
919 2855 959 2890 et
986 2851 1120 2888 Klotz.
1147 2851 1196 2888 ad
1222 2850 1302 2888 Cic.
1330 2848 1438 2888 Lael.
1468 2849 1535 2900 15,
1561 2846 1628 2890 54.
1657 2850 1718 2887 ed.

167 2918 215 2956 B.
243 2919 304 2957 Cf.
335 2919 444 2957 Cort.
476 2920 526 2956 ad
560 2920 714 2959 Sallust.
743 2921 831 2972 Jug.
862 2921 944 2970 31,
988 2920 1055 2962 22.
1096 2919 1144 2956 ad
1179 2918 1261 2956 Cic.
1292 2917 1416 2969 Epist.
1453 2918 1504 2955 ad
1534 2916 1623 2956 Div.
1651 2917 1720 2965 12,

172 2986 240 3036 12,
264 2986 303 3027 5·
338 2986 407 3037 15,
437 2984 479 3038 4,
507 2988 573 3029 11.
633 2988 813 3028 Similiter
841 2990 918 3027 Cic.
949 3001 1008 3040 pr.
1038 2988 1147 3027 Sext.
1180 2987 1248 3039 13,
1278 2984 1346 3031 29.
1412 2986 1524 3038 Quid
1547 2985 1622 3024 hoe
1647 2985 1722 3023 Ῐιο-
