2028 3268
276 220 645 259 COMMENTARII
672 219 727 256 IN
755 215 978 254 HORATII
1003 214 1178 253 EPIST.
1209 214 1353 252 PRIM.
1383 215 1483 252 LIB.
1515 217 1546 252 1.
1634 212 1689 255 87

144 335 210 381 12,
235 332 327 373 123.
355 339 394 369 et
412 333 582 371 Kiinoel.
604 330 655 370 ad
674 332 826 381 Evang.
848 327 992 368 Matth.
1015 326 1054 376 4,
1081 328 1147 367 19.
1178 327 1270 364 Alia
1289 324 1520 380 suppeditat
1539 323 1636 363 edit.
1656 327 1688 367 1.

142 416 183 454 p.
203 402 271 442 69.
307 402 518 439 Praeterea
538 401 725 438 Horatius
749 399 843 436 lusit
864 398 906 435 in
924 396 1120 435 vocabulo
1140 396 1299 433 vivaria
1312 425 1324 443 ‚
1352 409 1432 448 quo
1458 400 1528 432 aut
1549 400 1689 445 capta-

142 476 275 509 torum
301 469 528 506 cautionem
559 466 730 514 indicat,
760 479 811 503 ue
851 467 939 518 quis
963 478 1107 503 senum
1142 465 1186 501 in
1218 465 1358 516 plagas
1389 463 1689 516 compulsorum

141 536 287 576 callida
313 535 488 589 quadam
506 537 601 587 fuga
620 548 733 587 spem
752 532 984 572 hereditatis
1015 534 1247 581 frustretur,
1274 532 1317 571 id
1339 531 1450 585 quod
1471 533 1557 571 Sat.
1576 533 1626 580 2,
1649 531 1689 579 5,

140 606 322 646 62—69.
359 606 454 643 Juv.
483 606 547 652 12,
573 602 823 651 121—125.‚
853 604 969 640 Mart.
991 603 1030 651 9,
1055 602 1125 650 89,
1149 599 1189 641 4.
1223 603 1329 640 Plin.
1350 602 1480 653 Epist.
1496 601 1536 650 8,
1564 599 1631 649 18,
1647 600 1688 640 8-

142 674 293 715 Lucian
315 673 383 710 l.l.
407 673 448 722 9,
469 673 509 712 6.
525 678 731 721 testantur,
755 679 823 708 aut
847 673 1012 710 omnino
1038 669 1228 708 describit
1252 667 1447 714 blandam
1467 668 1689 708 nonnullo-

145 754 235 779 rum
255 740 372 779 orbos
403 754 518 779 senes
545 739 596 778 ad
622 739 706 778 dies
739 742 844 778 vitae
872 738 1007 778 alendi
1039 751 1175 776 curam
1190 768 1199 786 ,
1232 744 1301 775 aut
1331 739 1467 790 ipsum
1490 737 1689 776 illiberale

145 809 247 848 bona
270 809 441 848 aliorum
464 806 681 845 devorandi
701 807 892 847 studium.

257 879 306 915 V.
339 877 408 918 80.
466 875 615 913 Multis
648 899 704 905 —
733 877 891 929 finore.
952 878 1000 914 In
1029 873 1107 914 hoc
1143 876 1259 928 quasi
1293 874 1410 912 tertio
1443 872 1693 912 diversorum

146 945 368 985 studiorum
388 958 532 997 genere
555 945 684 982 omnis
706 946 920 997 explicatio
942 944 1093 996 pendet
1115 945 1164 982 ab
1185 941 1363 996 epitheto
1380 942 1554 988 occulto,
1583 940 1693 994 quod

148 1020 216 1052 aut
234 1014 350 1052 fenus
369 1014 519 1051 sensim
535 1020 696 1051 auctum
717 1013 810 1065 (Od.
835 1015 872 1062 1,
900 1014 966 1062 12,
988 1011 1057 1054 45.
1090 1011 1207 1052 ovid.
1238 1014 1336 1050 Met.
1360 1013 1425 1060 10,
1443 1010 1559 1062 519.)
1582 1008 1693 1047 indi-

147 1087 230 1128 cat,
263 1089 307 1118 ut
334 1077 591 1135 λαθροπόδας
614 1079 753 1130 τόκους
787 1080 1029 1134 Autiphauis
1052 1083 1095 1119 in
1119 1082 1279 1119 Jacobs.
1310 1080 1465 1125 Delect.
1490 1079 1628 1130 Epigr.
1651 1080 1691 1127 7,

146 1149 193 1199 4,
218 1149 258 1190 4.
286 1157 326 1188 et
342 1149 472 1201 finus
500 1152 545 1187 in
566 1157 742 1200 tempora
765 1150 933 1188 avidum
965 1163 1030 1201 ap.
1058 1151 1210 1189 Lucan.
1235 1152 1279 1199 1,
1317 1148 1411 1189 181.
1442 1148 1539 1201 ibiq.
1567 1147 1691 1195 Cort„

146 1224 235 1266 aut,
266 1217 376 1270 quod
392 1218 554 1266 malim,
589 1219 706 1256 fenus
726 1232 806 1256 non
833 1219 1082 1271 legitimum,
1117 1218 1276 1270 legibus
1294 1218 1478 1265 vetitum,
1510 1214 1621 1268 quod
1642 1228 1694 1253 ex

147 1293 348 1338 postremo
367 1286 538 1324 Senatus
565 1288 747 1324 consulto
775 1287 823 1324 de
843 1287 1063 1325 centesimis
1086 1287 1218 1323 usuris
1247 1283 1346 1326 704.
1375 1286 1425 1322 U.
1446 1285 1490 1322 C.
1520 1283 1620 1331 (Cic.
1641 1282 1695 1322 ad

150 1355 268 1392 Attic.
293 1355 340 1402 5,
364 1354 452 1405 21.)
473 1356 708 1392 centesimas
734 1356 825 1392 illas
845 1356 872 1393 i.
893 1370 927 1394 e.
951 1354 1166 1394 duodecim
1195 1366 1303 1391 asses
1332 1366 1404 1404 pro
1442 1353 1620 1391 centenis
1650 1353 1695 1389 in

149 1434 276 1460 annos
303 1423 483 1473 singulos
516 1423 781 1475 egrederetur.
828 1425 971 1463 Senec.
996 1422 1045 1461 de
1077 1423 1217 1461 Benef.
1239 1425 1286 1470 7,
1327 1423 1395 1462 10.
1421 1423 1530 1469 Quae
1556 1427 1694 1459 tamen

149 1490 219 1526 lex
238 1491 366 1541 magis
387 1492 538 1529 Romae
561 1493 703 1539 valuit,
726 1503 848 1542 quam
870 1493 911 1528 in
935 1492 1165 1543 provinciis,
1187 1491 1258 1528 ubi
1278 1491 1492 1542 pecuniam
1509 1490 1695 1541 negotia-

149 1565 254 1596 tores
276 1560 386 1610 iique
417 1562 571 1611 equites
596 1559 869 1600 honestissimi
891 1573 1010 1612 saepe
1032 1561 1160 1607 binis,
1199 1561 1322 1597 ternis
1346 1566 1465 1612 atque
1489 1558 1693 1612 quaternis

149 1627 375 1664 centesimis
398 1629 659 1666 collocabant.
702 1627 790 1665 vid.
808 1630 963 1670 Ernest.
986 1629 1130 1680 Opusc.
1153 1626 1302 1666 Philol.
1334 1642 1375 1680 p.
1398 1629 1424 1668 9
1443 1640 1534 1680 sqq.
1564 1628 1694 1675 Quam

149 1696 293 1745 injuste
313 1708 432 1747 saepe
451 1699 638 1735 auxerint
660 1699 901 1735 feneratores
922 1710 1075 1744 usuras,
1100 1696 1335 1748 exemplum
1354 1694 1603 1735 estFufidius
1622 1695 1694 1733 ille

148 1764 232 1801 Sat.
271 1766 312 1811 1,
343 1766 393 1812 2,
428 1764 491 1806 14.
514 1767 610 1818 ibiq.
642 1764 783 1803 Heind.
826 1766 939 1803 Alios
966 1764 1015 1803 de
1039 1764 1114 1802 hac
1137 1778 1179 1801 re
1203 1777 1329 1817 quum
1348 1766 1457 1803 locos
1481 1771 1571 1803 tum
1592 1765 1695 1803 scri-

149 1838 280 1884 ptores
302 1831 472 1871 afferunt
490 1836 621 1872 Beier.
647 1834 698 1871 ad
717 1834 797 1871 Cic.
819 1832 892 1872 Off.
907 1835 944 1883 1,
964 1831 1031 1882 42,
1061 1833 1154 1874 150.
1173 1834 1212 1881 2,
1234 1833 1302 1882 25,
1321 1834 1389 1874 89.
1403 1864 1414 1883 ,
1444 1834 1618 1871 Hessius
1640 1831 1693 1870 ad

148 1901 248 1938 Tac.
269 1901 404 1940 Germ.
431 1904 500 1944 26.
525 1910 563 1939 et
586 1904 626 1939 in
648 1904 802 1941 Comm.
831 1904 900 1940 ΙΠ.
927 1905 970 1940 ἰιι
997 1904 1095 1941 Tac.
1118 1903 1249 1939 Germ.
1271 1915 1312 1953 p.
1340 1901 1412 1943 30.
1454 1902 1566 1939 Nast
1590 1902 1693 1953 opp.

150 1969 219 2006 lat.
230 1970 408 2020 Tubing.
432 1970 554 2010 1821.
573 1985 613 2022 p.
642 1971 723 2012 160
733 1984 822 2023 sqq.
853 1973 984 2022 Hipp.
1012 1970 1062 2008 de
1082 1971 1219 2008 fenere
1237 1977 1335 2007 vett.
1348 1972 1519 2009 Roman.
1546 1970 1695 2007 Hamb.

155 2036 275 2077 1828.
299 2044 339 2074 et
367 2038 437 2089 qui
462 2036 538 2075 hac
563 2038 612 2075 de
638 2051 678 2075 re
708 2041 1003 2076 accuratissime
1027 2037 1206 2089 disputat
1232 2039 1406 2076 Heinius
1425 2040 1469 2075 in
1487 2035 1694 2077 Ramisoh.

151 2105 318 2142 Privatr.
339 2118 379 2156 p.
403 2105 641 2146 301—312.
681 2106 1005 2157 Explicationem
1024 2112 1203 2144 nostram
1231 2119 1254 2143 a
1279 2105 1508 2145 Scholiasta
1529 2106 1696 2158 Cruquii

152 2179 271 2224 atque
307 2173 503 2214 Lambino
539 2173 798 2224 approbatam
834 2175 1034 2226 improbat
1063 2173 1233 2213 Bothius
1263 2176 1308 2211 in
1340 2175 1509 2214 Annott.
1546 2173 1599 2212 ad
1625 2174 1695 2212 R:

153 2239 270 2289 „Sed
286 2242 431 2278 rectius
456 2241 606 2288 fecerit,
621 2243 645 2262 “
676 2243 886 2293 inquiens,
923 2243 1029 2294 „qui
1047 2244 1206 2294 proprie
1231 2244 1538 2294 interpretetur,
1573 2243 1695 2279 istos-

151 2322 229 2361 que
258 2310 480 2360 intelligat,
511 2309 581 2362 qui
603 2311 707 2347 viros
738 2311 861 2348 bonos
891 2325 932 2348 se
959 2324 1044 2348 esse
1066 2311 1277 2358 simulent,
1311 2323 1437 2362 quum
1465 2311 1694 2362 turpissime

150 2377 392 2414 fenerentur.
405 2379 430 2398 “
488 2379 541 2415 At
571 2377 765 2414 feneratio
795 2380 881 2430 ipsa
916 2391 1048 2432 neque
1079 2376 1292 2416 inhonesta
1323 2379 1400 2417 fuit
1428 2391 1562 2432 neque
1590 2379 1695 2431 legi-

150 2446 224 2485 bus
255 2447 390 2483 vetita.

261 2514 310 2551 V.
337 2513 405 2554 81.
436 2513 504 2554 82.
570 2513 615 2550 V
607 2527 718 2550 erum
752 2513 849 2549 Esto
880 2534 937 2540 —-
970 2513 1218 2565 probantes?
1276 2514 1528 2552 Sententiam
1552 2527 1590 2552 v.
1622 2515 1692 2556 76.

153 2582 397 2632 propositam
425 2588 561 2619 contra
589 2583 705 2619 aliter
739 2583 954 2620 sentientes
991 2583 1230 2634 probaturus
1256 2583 1444 2621 Horatius
1469 2581 1580 2621 addit
1599 2588 1693 2620 tan-

154 2661 276 2700 quam
295 2661 446 2686 novum
463 2657 742 2701 argumentum
763 2651 1075 2688 inconstantiam
1093 2651 1220 2699 illam,
1250 2663 1330 2703 qua
1347 2649 1530 2690 homines
1550 2652 1594 2689 in
1610 2652 1693 2690 vita

154 2729 199 2759 ac
221 2715 363 2755 studiis
385 2716 461 2755 sibi
477 2725 722 2769 repugnent,
753 2718 936 2759 81—93.
972 2721 1051 2757 Res
1079 2720 1167 2771 ipsa
1196 2727 1364 2771 augetur
1388 2722 1535 2759 usitata
1558 2727 1693 2761 trans-

153 2783 274 2829 eundi
294 2782 347 2822 ad
371 2785 451 2822 alia
467 2785 576 2823 verbi
595 2794 671 2829 esto
690 2786 882 2835 formula,
911 2799 1035 2839 quam
1061 2787 1302 2826 scholiastes
1320 2789 1504 2842 C'ruquii,
1534 2789 1693 2828 Ascen-

152 2853 235 2890 sius
244 2880 262 2898 ,
290 2850 517 2890 Lambinus
542 2851 560 2902 (
572 2856 640 2906 qui
664 2857 902 2894 Horatianos
928 2857 1038 2894 locos
1069 2854 1122 2894 ad
1140 2857 1267 2907 Epist.
1289 2857 1362 2906 16,
1391 2858 1459 2900 56.
1482 2859 1691 2911 collegit.)‚

154 2919 326 2958 Bothius
338 2918 390 2958 ad
404 2920 489 2960 Sat.
503 2922 541 2971 2,
560 2923 600 2971 2,
617 2923 686 2966 30.
698 2925 831 2962 miuus
854 2929 959 2961 recte
980 2937 1052 2975 pro
1072 2922 1244 2977 quadam
1257 2924 1501 2966 concedendi
1517 2927 1692 2967 formula
