2028 3268
189 269 243 312 41
310 267 694 309 COMMENTARII
714 267 772 309 IN
789 265 1018 308 HORATII
1036 265 1138 306 LIB.
1160 265 1191 305 I.
1215 263 1384 305 EPIST.
1406 262 1609 312 QUART.
1656 260 1742 303 231

191 395 391 448 elegorum
428 402 614 446 poetam,
659 396 727 431 cui
757 395 843 445 ipse
887 393 1011 431 libros
1047 406 1139 430 suos
1167 392 1227 430 ad
1250 391 1530 444 corrigendam
1561 390 1741 433 tradidit.

190 464 400 514 Praecipit
427 476 519 500 vero
532 491 546 508 ,
578 469 624 499 ut
651 464 687 500 εἰ
715 461 908 500 rescribat
920 490 936 508 ,
964 476 1042 513 quo
1073 460 1205 498 stadio
1235 459 1435 498 laboraret
1465 466 1503 496 et
1521 458 1684 510 qualem
1702 473 1742 496 se

189 538 294 583 agat
321 533 364 568 in
393 531 539 582 oppido
568 531 735 568 Pedana
744 559 762 578 ,
783 529 893 583 quod
905 530 999 582 suit
1026 543 1107 566 non
1134 529 1254 579 longe
1283 542 1310 565 a
1330 528 1466 565 Roma
1476 543 1493 575 ‚·
1523 541 1633 565 nune
1654 541 1742 565 vero

189 612 272 637 non
302 605 386 640 est:
419 599 492 637 secl
517 606 649 636 tamen
679 600 787 650 regio
819 598 884 636 illa·
910 597 1102 646 adjacens
1124 597 1306 635 :Pedana
1334 598 1540 636 vocatur.“
1595 597 1742 636 Eadem

189 668 359 718 ratione,
382 666 454 704 nisi
474 669 599 706 omnia
627 680 687 705 me
705 666 865 717 fallunt,
897 665 1024 705 Acron
1042 665 1192 704 Albium
1212 666 1301 704 facit
1329 666 1548 714 „criticum
1576 667 1742 717 scripto-

190 749 282 772 rum
310 735 524 773 Horatii.“
583 735 677 773 Inde
707 739 792 773 orta
819 735 968 772 videtur
1003 735 1131 786 opinio
1165 734 1250 784 illa,
1290 746 1366 783 qua
1391 733 1576 771 Horatius
1600 735 1743 786 scripta

189 815 261 841 sua
279 803 504 842 commiserit
531 803 686 842 Tibullo
705 803 936 853 castiganda.
995 802 1040 840 In
1069 803 1201 840 eadem
1226 805 1423 853 perstant,
1452 803 1556 851 quod
1582 803 1742 853 mireris,

197 872 243 910 V
235 871 372 921 ulpius
394 872 432 910 in
455 872 530 912 Vit.
551 872 639 912 Tib.
653 870 874 924 p.LXVlII.
895 870 955 909 ed.
971 869 1112 921 Heyn.,
1131 870 1212 908 Ph.
1227 870 1327 906 Am.
1345 870 1394 907 de
1414 869 1588 922 Golbe'ty
1608 868 1743 926 (Com-

188 943 306 978 ment.
336 940 385 977 de
418 939 506 978 Tib.
534 940 610 979 vit.
643 945 683 978 et
712 941 837 979 Carm.
870 938 989 976 Paris.
1022 935 1144 979 1824.
1179 934 1214 989 ᾗ.
1239 938 1292 987 1.)
1303 965 1316 988 ,
1352 937 1435 988 alii,
1467 942 1509 976 at
1543 941 1743 978 candidas

188 1021 413 1045 sermonum
421 1008 554 1056 jadex
579 1009 616 1048 h.
636 1007 661 1047 l.
693 1008 903 1046 contrarius
929 1011 989 1045 est
1015 1005 1205 1045 malevolis
1234 1010 1273 1043 et
1294 1006 1471 1056 malignis
1493 1019 1608 1056 quum
1625 1009 1743 1048 lecto-

187 1076 291 1114 ribus
313 1081 393 1114 tum
411 1076 569 1127 criticis,
596 1089 692 1127 quos
714 1076 921 1126 Horatius,
944 1077 1033 1114 dum
1053 1074 1226 1124 vivebat,
1257 1078 1435 1125 expertus
1460 1080 1519 1114 est
1539 1077 1740 1128 plurimos;

188 1144 292 1194 quod
324 1149 426 1182 recte
456 1144 704 1182 observarunt
739 1144 971 1182 Schmidias
1003 1149 1043 1182 et
1077 1142 1344 1182 lVeic-hertas.
1414 1143 1607 1183 Nonnulla
1631 1146 1742 1197 hujus

185 1212 468 1263 significationis
487 1212 658 1264 exempla
679 1211 830 1262 collegit
841 1213 1022 1252 Gataker.
1040 1213 1089 1250 ad
1098 1211 1215 1249 Marc.
1228 1210 1409 1249 Antonin.
1424 1208 1464 1262 4,
1484 1213 1551 1253 28.
1571 1227 1611 1264 p.
1624 1214 1740 1262 115.;

187 1281 237 1318 de
269 1292 310 1318 re
342 1281 427 1332 ipsa
458 1281 506 1320 cf.
532 1279 630 1318 Plin.
658 1279 783 1332 Epist.
815 1282 863 1331 6,
900 1281 965 1320 17.
1007 1281 1250 1331 Quapropter
1280 1292 1376 1329 quae
1399 1292 1443 1318 ex
1463 1279 1535 1318 hoc
1560 1294 1668 1320 versu
1693 1283 1741 1320 de

187 1348 332 1387 Tibulli
358 1352 484 1386 aetate
509 1348 603 1387 effici
630 1349 712 1387 vult
735 1349 965 1386 Palclamus
986 1347 1147 1400 („R‹·5m.
1178 1348 1316 1387 Erot.“
1347 1362 1385 1399 p.
1409 1346 1516 1399 50.)‚
1545 1362 1676 1388 vereor
1699 1355 1742 1390 ut

186 1416 398 1469 probentur
418 1417 505 1455 viris
537 1418 670 1455 doctis.
721 1418 782 1456 Cf.
813 1418 970 1468 Grupp.
992 1417 1015 1455 l.
1034 1416 1057 1455 l.
1087 1429 1126 1467 p.
1148 1415 1242 1457 253.
1285 1417 1360 1462 Qui
1378 1420 1526 1466 autem,
1547 1421 1590 1455 ut
1609 1419 1741 1456 Lam-

187 1484 329 1535 binus,
370 1485 571 1522 Dacerius
599 1499 794 1522 sermone-9
828 1485 864 1524 h.
892 1485 916 1526 l.
959 1485 1176 1535 intelligunt
1207 1488 1247 1522 et
1284 1485 1428 1522 Satiras
1463 1489 1502 1523 et
1531 1484 1739 1538 Epistolas,

185 1567 309 1592 rerum
330 1553 676 1604 chronologicarum
702 1555 823 1605 ignari
842 1559 933 1592 sunt
952 1555 1126 1605 putandi.
1175 1553 1270 1591 Vide
1300 1565 1396 1602 quos
1424 1553 1472 1590 de
1498 1553 1569 1591 hac
1592 1567 1633 1592 re
1658 1555 1739 1593 lau-

185 1622 356 1659 davimus
373 1622 423 1659 ad
439 1621 562 1672 Epist.
584 1622 605 1662 1
621 1650 633 1673 ‚
655 1624 691 1663 1.
715 1637 752 1674 p.
777 1624 843 1664 26.
864 1626 904 1660 et
927 1623 971 1660 C.
995 1624 1163 1661 Passov.
1187 1622 1238 1661 N.
1259 1619 1352 1662 154.
1395 1621 1498 1659 Hinc
1519 1635 1597 1661 non
1616 1624 1740 1675 video,

185 1692 376 1740 quomodo
407 1691 449 1729 C.
481 1691 706 1741 Frank-ius,
740 1691 900 1741 diligens
930 1689 1061 1728 talium
1090 1703 1215 1728 rerum
1249 1690 1517 1740 investigator,
1556 1690 1616 1728 hic
1647 1690 1741 1742 Epi-

182 1758 302 1798 stolas
318 1758 518 1809 significari
541 1759 583 1812 (l.
602 1759 626 1799 l.
659 1773 699 1811 p.
720 1758 806 1811 70.)
827 1759 898 1798 sibi
918 1759 1160 1811 persuaserit.
1201 1757 1253 1795 Et
1288 1758 1326 1795 in
1343 1770 1469 1795 errore
1497 1759 1635 1796 versari
1659 1771 1740 1810 eos,

183 1827 249 1877 qui
282 1826 331 1866 ob
362 1827 462 1865 hunc
493 1827 563 1867 loc.
593 1832 632 1866 et
663 1827 787 1878 Epist.
814 1829 854 1877 2,
883 1827 923 1877 1,
957 1827 1051 1868 250.
1075 1839 1184 1866 omne
1216 1828 1319 1876 quod
1347 1826 1445 1864 inter
1476 1825 1669 1880 Epistolas
1699 1837 1740 1869 et

183 1895 329 1934 Satiras
354 1896 553 1934 intercedit
583 1895 782 1934 discrimen
807 1895 965 1946 tollant,
999 1900 1149 1946 praeter
1165 1894 1260 1933 alios
1286 1895 1501 1945 nuperrime
1525 1897 1740 1937 observavit

182 1963 242 2000 A.
274 1963 326 2001 G.
353 1964 492 2011 Rem„
515 1965 560 2003 V.
582 1965 666 2015 CL,
688 1965 728 2002 in
746 1964 1032 2015 disputatione,
1063 1979 1145 2016 qua
1166 1964 1214 2001 de
1235 1964 1370 2000 Persii
1387 1970 1425 1999 et
1444 1964 1614 2003 Horatii
1632 1968 1739 2018 Epi-

182 2031 294 2068 stolis
321 2033 470 2082 agitur.
522 2032 647 2071 Gerae
672 2032 794 2072 1839.
826 2047 864 2084 p.
886 2034 924 2072 7.

296 2098 342 2136 V.
366 2101 404 2140 2.
471 2099 582 2149 Quid
599 2122 653 2128 ——
676 2100 859 2139 Pedana.
919 2098 1078 2137 Transit
1103 2100 1288 2138 Horatius
1315 2100 1365 2138 ad
1383 2099 1525 2138 Tibulli
1551 2103 1738 2141 rationem

181 2166 302 2217 vitae,
346 2179 459 2216 quam
495 2169 640 2219 optime
674 2171 852 2218 noverat,
900 2166 1185 2205 describendam
1223 2168 1295 2206 hoc
1321 2167 1400 2205 fere
1430 2169 1563 2207 modo:
1602 2172 1737 2220 „quid

111 2287 114 2288 γ
182 2239 264 2284 est,
308 2236 412 2284 quod
440 2240 479 2273 te
519 2249 620 2273 nunc
651 2236 773 2274 facere
811 2235 1006 2286 cogitem?
1049 2239 1150 2273 certe
1194 2235 1253 2273 vel
1282 2235 1403 2273 Musis
1432 2236 1491 2273 vel
1526 2238 1738 2289 sapientiae

180 2315 336 2353 operam
363 2303 515 2342 dabis.“
567 2303 643 2341 Alii
675 2305 714 2341 in
741 2304 798 2340 his
827 2303 952 2341 verbis
982 2302 1140 2341 Poetam
1166 2303 1296 2341 vident
1326 2303 1460 2342 callide
1485 2305 1737 2355 tergiversan-

180 2369 305 2409 teml2
347 2370 392 2408 In
421 2386 513 2424 agro
540 2377 666 2411 autem
694 2372 873 2422 Pedano,
904 2371 968 2408 ubi
997 2371 1111 2408 situm
1128 2370 1216 2408 olim
1242 2371 1314 2409 fuit
1339 2372 1498 2409 Pedum
1512 2371 1736 2414 Latinorum

181 2439 387 2490 oppidum,
406 2442 571 2479 medium
592 2442 690 2479 inter
710 2441 915 2480 Praeneste
945 2444 984 2478 et
1006 2439 1128 2477 Tibur
1153 2435 1275 2492 (nunc
1293 2438 1528 2495 Zagarolo),
1559 2442 1735 2483 Tibullus

180 2505 312 2544 habuit
329 2511 529 2558 paternum
556 2510 635 2547 sive
652 2511 793 2548 avitum
810 2509 1018 2560 praedium.
1077 2507 1137 2545 De
1157 2507 1228 2545 hoc
1244 2509 1410 2559 oppido,
1441 2510 1545 2559 cujus
1574 2513 1735 2551 mentio-

181 2587 268 2612 nem
290 2575 432 2615 faciunt
452 2576 536 2615 Liv.
555 2579 596 2628 8,
618 2579 685 2619 12.
707 2578 771 2618 13.
797 2577 911 2628 (Plin.
934 2577 986 2614 H.
1007 2576 1058 2615 N.
1085 2576 1125 2626 3,
1142 2576 1202 2626 5.)
1226 2580 1266 2614 et
1286 2577 1522 2616 Scholiastae
1542 2577 1730 2631 Porphyr.

182 2645 222 2679 et
243 2642 384 2693 Cruq.,
407 2645 481 2685 vid.
509 2646 739 2696 Westphal,
758 2662 769 2683 .·
802 2647 902 2696 „die
922 2644 1034 2684 Rom.
1058 2645 1317 2695 Campagne“
1346 2659 1383 2697 p.
1397 2646 1514 2697 102„
1550 2647 1660 2686 Voss.
1681 2651 1732 2688 ad

182 2708 272 2749 Tib.
306 2710 356 2761 1,
394 2714 442 2763 7,
473 2712 539 2767 (8)
577 2715 644 2755 57.
683 2730 723 2768 p.
759 2715 854 2755 101.
883 2715 943 2752 ed.
976 2713 1144 2764 Tubing.
1176 2713 1301 2754 1810.
1360 2714 1420 2753 Cf.
1462 2715 1620 2767 Grupp.
1653 2716 1676 2756 l.
1705 2719 1729 2758 l.

179 2793 220 2832 p.
238 2779 334 2822 257.

292 2846 340 2886 V.
361 2847 401 2888 3.
451 2847 631 2887 Scribere
649 2874 705 2880 —
726 2853 876 2890 vineat.
922 2851 1031 2896 Quae
1050 2848 1098 2887 de
1124 2848 1258 2888 Cassio
1275 2848 1469 2889 Parmensi
1486 2851 1729 2903 ejusdemque

178 2914 419 2954 interfectore
449 2916 592 2961 Quinto
623 2917 724 2957 Varo
763 2919 835 2972 (sic
870 2918 997 2957 Acron
1026 2922 1066 2956 et
1101 2918 1228 2959 Schol.
1251 2918 1389 2972 Cruq.)
1417 2921 1575 2958 tradunt
1606 2921 1726 2959 Scho-

178 2981 336 3035 liastae,
361 2995 407 3023 ea
430 2983 569 3024 collato
589 2986 833 3025 Ruhnkenio
855 2987 905 3026 ad
922 2987 1055 3038 Vellej.
1071 2985 1218 3028 Patere.
1238 2988 1284 3039 2,
1306 2989 1374 3030 88.
1409 2988 1583 3028 sollerter
1601 3001 1726 3028 emen-
