2028 3268
171 260 229 304 43
294 257 679 300 COMMENTARII
698 261 756 302 ΙΝ
777 258 1009 302 ΗΟΒΑΤΙΙ
1035 257 1138 301 LIB.
1152 257 1184 298 1.
1212 256 1379 299 EPIST.
1394 256 1600 305 QUART.
1638 255 1724 298 233

172 385 363 424 moestitia
389 382 564 422 convenit
593 383 632 420 in
657 383 841 434 sapientis
861 395 975 433 quam
994 381 1116 421 Poeta
1139 380 1282 418 indicat
1300 393 1428 419 curam
1445 393 1489 419 ac
1507 383 1725 424 meditatio-

173 451 292 492 nem?
320 451 397 503 Et,
415 452 448 490 si
465 451 754 502 contradicunt,
772 451 975 489 Horatium
990 450 1098 488 amici
1119 448 1393 499 aegritudinem
1407 449 1564 500 ejusque
1578 465 1724 504 causas,

172 521 308 572 quibus
337 521 526 559 adductus
563 519 806 558 solitudinem
841 518 1072 569 quaesisset,
1107 518 1316 569 prudenter
1343 519 1583 572 praeterisse,
1624 534 1726 561 nova

172 590 339 629 exoritur
358 590 407 627 de
423 589 493 627 hac
509 588 723 640 suspicione
743 586 1058 636 subtilissimaque
1085 586 1300 636 conjectura
1319 587 1506 636 quaestio.
1546 589 1726 640 Reptare

172 661 298 697 autem
317 657 390 696 hoc
407 657 559 708 quidem
583 656 667 695 loco
689 669 766 695 non
787 662 848 694 est
866 654 992 693 lentus
1018 653 1252 705 aegrotantis
1279 655 1541 705 moestitiaque
1565 659 1726 698 confecti

172 739 350 778 gressus,
379 726 448 764 sed
476 725 582 763 lenta
597 724 656 762 vel
671 725 832 763 hominis
853 723 969 760 libere
983 722 1159 774 vagantis
1178 722 1237 760 vel
1264 722 1525 762 meditabundi
1543 726 1726 766 obambu-

171 794 276 833 latio.
336 794 399 835 Cf.
422 793 565 834 Donat.
585 793 635 832 ad
655 792 813 831 Terent.
840 790 1005 842 Adelph.
1028 789 1078 842 4,
1105 791 1152 842 6,
1181 791 1221 831 3.
1260 791 1399 828 Catan.
1417 793 1466 829 ad
1484 791 1583 837 Plin.
1601 795 1725 847 Epist.

175 864 221 915 1,
253 860 329 914 24,
358 860 398 902 4.
456 861 688 900 Rittershus.
710 862 759 900 ad
777 860 940 898 Phaedr.
962 860 1010 910 5,
1043 860 1090 910 1,
1121 860 1160 899 8.
1190 862 1228 896 et
1247 871 1345 908 quae
1373 860 1505 899 laudat
1529 869 1728 913 praeterea

177 931 430 980 Schmidius,
461 930 526 981 qui
549 930 695 969 confert
711 929 941 967 Graecorum
961 926 1095 978 ἕρπειν
1113 939 1177 978 ap.
1199 927 1316 966 Hom.
1340 928 1418 967 Od.
1444 929 1520 980 17,
1542 931 1638 972 158.
1659 933 1727 984 18,

174 999 271 1040 131.
329 999 372 1037 Il.
398 999 473 1048 17,
503 995 601 1037 447.
647 997 771 1036 Multa
793 997 867 1035 alia
887 996 1087 1034 verborum
1112 994 1246 1047 ἕρπειν
1276 999 1316 1033 et
1343 995 1527 1048 ἕρπύζειν
1556 1000 1728 1051 exempla

170 1068 262 1106 mihi
291 1066 470 1106 indicavit
505 1067 709 1111 Sommer,
744 1065 889 1116 collega
925 1065 1190 1113 doctissimus,
1220 1067 1264 1100 ut
1294 1064 1410 1115 Soph.
1435 1064 1598 1104 Philoct.
1630 1069 1726 1110 207,

171 1136 267 1176 701.
304 1134 437 1185 Antig.
457 1135 555 1174 619.
577 1134 674 1174 367.
697 1133 794 1174 585.
820 1133 926 1184 Ajac.
943 1134 1038 1173 157.
1063 1132 1196 1183 Eurip.
1219 1132 1324 1170 Med.
1344 1130 1442 1172 334.
1464 1130 1562 1174 404.
1581 1135 1725 1176 Phoen.

170 1201 241 1243 41.
274 1202 401 1256 Apoll.
430 1201 560 1240 Rhod.
589 1202 684 1253 Arg.
703 1203 752 1252 3,
781 1199 877 1241 447.
908 1205 947 1238 et
970 1202 1018 1238 de
1045 1204 1193 1238 moesto
1223 1198 1272 1250 4,
1305 1200 1452 1250 1289„
1480 1202 1527 1240 cf.
1550 1202 1726 1241 Duncan.

169 1269 297 1310 Lexic.
326 1285 363 1310 v.
381 1267 526 1324 “anm
562 1284 601 1322 p.
621 1267 719 1309 449.
752 1274 791 1308 et
817 1269 978 1307 Theocr.
1009 1269 1066 1308 Id.
1094 1268 1139 1318 1,
1182 1267 1277 1308 105.
1299 1267 1434 1306 Aesch.
1456 1270 1603 1309 Socrat.
1626 1270 1725 1312 Dial.

170 1338 223 1390 3,
259 1339 329 1380 10.
355 1362 405 1367 —
435 1340 632 1384 tacitam,
662 1338 687 1376 i.
717 1351 751 1376 e.
787 1337 940 1376 infixum
972 1336 1194 1387 cogitationi
1220 1337 1268 1374 de
1295 1337 1453 1388 pulchro
1487 1343 1527 1377 et
1550 1340 1728 1391 honesto,

170 1411 214 1445 ut
233 1407 364 1446 Orellii
383 1407 509 1445 verbis
526 1410 625 1456 utar,
645 1407 693 1444 de
706 1406 860 1456 vitaque
877 1406 927 1444 ad
941 1405 1203 1457 philosophiae
1219 1411 1423 1459 praecepta
1442 1407 1726 1445 conformanda.

170 1474 245 1513 Alii
266 1475 386 1514 aliter.
436 1474 619 1526 Calpurn.
637 1474 718 1512 Ecl.
740 1471 788 1524 4,
808 1474 846 1515 1.
884 1475 995 1524 Quid
1010 1475 1168 1522 tacitus,
1205 1474 1399 1525 Corydon,
1418 1474 1613 1526 vultuque
1629 1476 1727 1513 sub-

171 1543 264 1580 inde
293 1545 448 1580 minaci
472 1566 530 1571 —-
556 1542 698 1579 sedes?
749 1542 933 1594 Epitheto
962 1542 1013 1580 illi
1037 1543 1273 1594 aptissimum
1290 1547 1349 1580 est
1369 1543 1543 1580 curandi
1558 1544 1728 1596 verbum,

170 1611 219 1649 de
235 1623 312 1661 quo
330 1611 417 1665 vide
435 1612 485 1649 ad
500 1611 626 1661 Epist.
655 1611 678 1649 1
693 1638 705 1661 ,
730 1611 776 1660 1,
809 1611 877 1650 11.
905 1611 978 1660 12,
1001 1610 1093 1658 15.;
1122 1611 1249 1648 silvae
1278 1611 1442 1661 denique
1465 1610 1728 1663 intelliguntur

170 1692 258 1731 eae,
287 1692 384 1730 quae
410 1683 519 1717 erant
550 1691 672 1730 prope
706 1678 830 1716 villam
850 1678 1043 1716 Pedanam
1067 1691 1242 1729 quaeque
1270 1679 1446 1717 dicuntur
1465 1679 1647 1717 salubres
1668 1679 1728 1719 vel

170 1748 401 1800 generatim,
428 1747 517 1797 quia
536 1746 658 1784 bonae
682 1746 887 1785 valetudini
904 1748 1143 1798 conducunt,
1174 1747 1234 1786 vel
1256 1747 1502 1799 singulatim,
1537 1748 1626 1798 quia
1644 1748 1729 1786 Ho-

169 1817 289 1855 ratius
314 1817 477 1855 fortasse
509 1815 607 1853 hanc
635 1814 848 1867 Epistolam
879 1828 924 1854 eo
955 1820 1127 1867 tempore
1159 1816 1332 1867 scripsit,
1374 1830 1450 1867 quo
1484 1817 1641 1855 ditiores
1679 1816 1728 1854 ob

169 1885 314 1924 coelum
342 1897 458 1935 grave
488 1883 781 1935 plumbeamque
810 1883 993 1922 Austrum
1016 1883 1118 1937 (Sat.
1145 1886 1192 1935 2,
1219 1886 1267 1935 6,
1295 1885 1362 1926 18.
1391 1884 1517 1936 Epist.
1546 1885 1589 1934 1,
1621 1886 1671 1936 7,
1702 1883 1726 1924 5

169 1951 290 2004 -9.)
316 1953 356 1990 ἰῐι
382 1952 488 1989 villas
521 1953 695 1990 secedere
729 1952 920 1990 solebant.
954 1952 1130 1990 Tibullus
1152 1953 1235 2004 ipse
1255 1955 1303 1991 ‹le
1323 1966 1364 1991 se
1383 1951 1432 2004 4,
1466 1953 1541 2003 13,
1573 1953 1619 1992 9:
1658 1954 1730 1990 Sic

171 2033 250 2072 ego.
270 2022 427 2057 secretis
453 2034 621 2070 possum
649 2020 744 2057 bene
775 2022 908 2058 vivere
935 2021 1074 2066 silvis,
1121 2021 1213 2071 Qua
1231 2022 1350 2059 nulla
1380 2022 1557 2058 humano
1583 2022 1636 2058 sit
1659 2022 1729 2058 νέα

171 2088 268 2124 trita
286 2087 402 2137 pede,
463 2088 524 2124 Cf.
561 2088 727 2125 Schmid.
758 2089 807 2125 ad
840 2088 967 2139 Epist.
1000 2090 1046 2138 2,
1078 2090 1126 2138 2,
1157 2090 1226 2128 77.
1286 2091 1332 2127 C.
1362 2089 1520 2128 Passov.
1556 2088 1607 2126 N.
1631 2089 1727 2129 217.

169 2156 306 2208 Longe
324 2157 432 2195 aliter
448 2155 701 2204 Scholiastae3
730 2155 875 2194 Acron:
914 2157 1078 2207 „silvas
1096 2156 1219 2194 libros
1237 2158 1568 2208 philosophorum
1585 2156 1728 2207 appel-

171 2224 232 2261 lat
244 2230 278 2247 “
292 2240 309 2273 ;
354 2224 612 2276 Porphyrion:
662 2224 834 2270 „libros
878 2223 1257 2276 φιλοσοφουμὲνους
1294 2226 1559 2276 ειῖξηζῖἰοαίὲ(
1627 2225 1730 2262 Hinc

170 2293 454 2330 Brouklzusius
480 2292 530 2330 ad
561 2291 647 2331 Tib.
686 2293 735 2343 1,
765 2293 813 2343 1,
846 2293 883 2332 1.
904 2292 986 2330 coll.
1005 2292 1128 2343 Epist.
1152 2293 1202 2342 2,
1235 2294 1283 2343 2,
1311 2291 1495 2334 43—-45-
1531 2293 1730 2330 silvarum

169 2362 322 2400 nomine
342 2360 502 2411 intelligi
521 2361 699 2412 opinatur
719 2362 844 2411 spatia
866 2360 1090 2398 Academiae
1106 2365 1146 2398 et
1165 2373 1357 2398 sermones
1379 2361 1606 2410 Socraticos,
1625 2362 1729 2410 quod

169 2430 295 2481 ipsum
314 2429 434 2481 „satis
453 2429 649 2479 signanter
667 2430 851 2481 exprimat
869 2430 924 2466 vis
944 2428 1128 2480 Epitheti,
1156 2443 1230 2479 qua
1248 2429 1428 2466 salubres
1449 2428 1729 2482 appellentur.“

171 2498 234 2535 Cf.
262 2498 310 2535 C.
342 2497 500 2536 Passov.
530 2497 581 2536 N.
603 2495 673 2537 46.
733 2499 859 2547 Quid,
890 2499 993 2546 quod
1031 2496 1240 2534 Tra-nebus
1271 2497 1389 2547 (Adv.
1417 2500 1462 2547 1,
1493 2496 1579 2549 18.)
1604 2497 1728 2536 occul-

171 2565 305 2603 tiorem
339 2565 400 2604 hic
435 2566 553 2604 latere
583 2579 758 2616 sensum,
797 2571 836 2604 et
871 2578 955 2603 eum
984 2565 1210 2615 Epicureum
1239 2566 1430 2616 opinatur.
1488 2565 1728 2616 „Existimat

172 2632 313 2683 enim“,
334 2633 470 2684 inquit,
492 2635 677 2685 „dignum
698 2647 781 2672 esse
803 2635 975 2683 sapiente
994 2638 1033 2671 et
1050 2634 1165 2684 bono,
1194 2634 1421 2672 amoenitate
1442 2638 1480 2671 et
1505 2633 1727 2673 salubritate

172 2713 341 2739 secessus
366 2702 438 2739 frui
457 2703 584 2752 potius
611 2715 724 2752 quam
744 2717 822 2741 rem
840 2703 1058 2740 familiarem
1085 2703 1194 2740 avide
1224 2715 1390 2754 augere,
1427 2703 1727 2754 prudentiaeque

172 2781 256 2807 esse
274 2769 470 2819 indulgere
492 2771 563 2808 sibi
587 2771 882 2809 ambulationum
902 2771 1028 2821 spatia
1047 2771 1291 2809 delicatarum
1322 2771 1598 2822 conficientem,
1631 2784 1725 2821 qua-

172 2837 227 2875 les
256 2837 294 2874 in
322 2836 479 2875 Pedana
506 2839 660 2889 regione
675 2840 851 2878 Tibullus
879 2839 1066 2890 habebat,
1091 2840 1155 2888 qui
1171 2843 1298 2877 tamen
1320 2839 1518 2878 videbatur
1533 2852 1616 2878 esse
1635 2852 1723 2891 par-

173 2905 286 2943 cior“
327 2910 399 2944 etc.
468 2905 604 2956 Neque
639 2907 829 2959 improbat
859 2907 1111 2953 Lambinus,
1154 2907 1261 2945 aliter
1287 2908 1432 2959 judicat
1468 2909 1721 2954 firmatim,-

175 2972 356 3013 Turnebo
376 2976 581 3014 assentitur
603 2977 649 3015 V
646 2976 783 3027 ulpius
800 2978 838 3015 in
863 2977 930 3015 vit.
952 2976 1041 3015 Tib.
1062 2990 1100 3028 p.
1119 2974 1295 3025 LXXII.;
1327 2978 1397 3016 sed
1427 2977 1498 3016 has
1522 2976 1635 3016 silvas
1659 2987 1724 3013 cur
