2054 3268
404 262 459 303 20

943 270 1325 310 HORATII

473 379 596 423 Trita
623 380 766 423 subest
797 381 985 442 tunicae,
1019 384 1090 428 vel
1115 386 1153 429 si
1181 389 1286 443 toga
1317 383 1491 427 dissidet
1519 386 1667 444 impar,

472 456 622 500 Rides.

690 457 822 517 Quid,
858 472 954 503 mea
981 476 1103 519 quum
1130 466 1292 522 pugnat
1319 462 1527 505 sententia
1552 476 1710 522 secum,

472 535 595 589 Quod
622 537 737 593 petiit
770 538 957 597 spernit,
993 542 1146 598 repetit
1175 540 1282 598 quod
1309 553 1442 598 nuper
1479 541 1632 600 omisit,

469 613 652 656 Aestuat
688 616 730 655 et
763 614 878 658 vitae
914 615 1172 661 disconvenit
1201 619 1347 662 ordine
1379 620 1486 675 toto,

468 691 632 748 Diruit,
662 689 877 751 aedificat,
914 697 1048 738 mutat
1085 694 1288 751 quadrata
1321 691 1545 738 rotundis?

1835 695 1914 737 100

466 768 656 811 Insanire
690 772 814 827 putas
850 770 1071 815 sollemnia
1104 785 1171 815 me
1205 786 1339 831 neque
1375 770 1506 829 rides,

400 917 513 950 Bentl.
521 916 688 951 Maittair.
703 919 792 952 Cun.
805 919 889 952 San.
898 920 1132 954 Mervill.Val.

400 973 774 1018 Sandb.Sivr.Dorigh.
785 974 921 1007 Wakef.
934 976 1046 1008 Wetz.
1056 976 1131 1009 Ha-

400 1031 488 1064 bers.
497 1031 563 1069 Fe.
571 1030 592 1063 J
594 1030 690 1063 aeck.
705 1031 781 1075 (qui
793 1030 836 1063 de
851 1029 922 1063 suis
931 1041 1010 1062 mss.
1021 1031 1131 1074 tacet)

399 1087 558 1120 Hoched.
585 1087 644 1129 qui
674 1087 746 1120 def.
768 1085 870 1120 Jahn.
895 1085 1048 1119 Meinek.
1083 1085 1128 1118 al.

400 1143 555 1177 Decurri.
587 1142 655 1175 Ms.
687 1153 744 1175 un.
776 1144 907 1176 Bersm.
957 1141 1127 1174 Occurrat.

399 1200 468 1233 ΜΞ.
486 1198 605 1232 Guelf.
623 1199 656 1232 3.
707 1199 875 1232 Occurrit.
892 1197 960 1230 Ms.
978 1195 1129 1228 Franek.

400 1269 456 1300 ap.
472 1256 556 1288 Bos.
588 1255 656 1287 Ed.
674 1254 802 1287 Minois
818 1250 897 1286 584.
913 1270 960 1275 —-
979 1250 1025 1283 At
1039 1260 1130 1293 quae

399 1312 575 1355 Bentlejus
598 1311 641 1343 de
664 1309 838 1355 praesenti
853 1313 1007 1352 tempore
1022 1304 1130 1348 magis

399 1370 523 1402 idoneo
542 1372 577 1400 et
591 1378 675 1400 sono
692 1367 830 1399 auribus
847 1364 999 1409 gratiore
1015 1363 1128 1405 docet,

399 1426 553 1470 pluribus
585 1422 761 1456 confutavi
782 1423 819 1455 in
845 1418 1008 1452 Seebodii
1034 1417 1128 1451 Krit.

399 1481 490 1516 Bibl.
511 1480 610 1514 1823.
636 1492 671 1524 p.
691 1478 755 1511 183
771 1489 848 1522 sqq.
894 1475 948 1508 De
962 1473 1127 1519 tempori-

399 1539 463 1571 bus
493 1536 628 1580 quidem
657 1534 804 1567 diversis
837 1533 924 1567 adde
949 1530 1056 1565 Bach.
1084 1529 1128 1563 ad

401 1593 507 1628 ovid.
524 1592 608 1625 Met.
626 1590 659 1633 5,
677 1588 756 1623 634.
776 1590 829 1632 13,
847 1591 926 1624 940.
959 1589 1127 1630 Wagner.

402 1650 545 1690 Quaest.
563 1645 688 1690 virgil.
704 1645 785 1687 VII,
802 1646 837 1679 7.
870 1644 985 1687 Sillig.
1004 1643 1047 1675 ad
1055 1641 1129 1675 Cir.

399 1707 479 1740 359.
526 1702 679 1737 Schmid.
709 1701 753 1734 ad
774 1700 890 1746 Epist.
919 1701 961 1742 2,
986 1700 1026 1742 2,
1051 1699 1129 1733 138.

400 1762 478 1795 Hoc
506 1761 582 1794 loco
612 1764 725 1792 tamen
754 1757 885 1790 occurri
906 1756 996 1789 idem
1019 1754 1130 1799 quod:

399 1819 430 1851 si
449 1822 529 1851 ante
542 1817 652 1850 oculos
672 1819 746 1847 tuos
763 1825 836 1847 sum
849 1839 859 1857 ,
875 1823 1005 1854 versor,
1023 1811 1129 1853 rides,

401 1873 493 1916 quod
517 1874 606 1906 bene
631 1872 734 1904 docet
748 1870 854 1903 Bach.
884 1870 922 1902 in
937 1868 1129 1901 Zimmerm.

401 1927 604 1961 Zeitschrift
617 1932 684 1960 etc.
704 1924 800 1959 1834.
810 1938 845 1970 p.
857 1926 956 1959 1030.
988 1924 1041 1957 De
1056 1923 1130 1967 syl-

401 1985 488 2018 labis
512 1981 691 2028 geminatis
715 1981 803 2014 adde
819 1981 932 2016 Benfl.
957 1981 1069 2026 ipsum
1088 1979 1131 2012 ad

402 2039 470 2072 od.
481 2041 514 2083 2,
526 2040 581 2082 20,
593 2040 647 2073 10.
679 2037 848 2071 Naekium
863 2037 901 2071 in
915 2037 1007 2070 Mus.
1016 2036 1130 2070 Rhen-

404 2097 504 2130 1829.
519 2096 585 2128 ΙΠ.
602 2107 638 2138 p.
655 2094 722 2128 380
737 2104 813 2138 sqq.
860 2094 976 2128 Beier.
995 2093 1038 2126 ad
1055 2093 1131 2126 Cic.

401 2151 498 2185 Lael.
514 2152 570 2193 21,
587 2150 643 2183 79.
683 2150 792 2184 Bach.
810 2149 854 2182 ad
871 2149 977 2184 ovid.
994 2148 1080 2182 Met.
1097 2148 1131 2191 3,

400 2208 480 2242 213.
513 2207 682 2240 ochsner.
696 2205 782 2239 ibid.
799 2205 832 2249 4,
850 2205 929 2240 783.
961 2205 1131 2238 Wiistem.

403 2264 445 2296 ad
462 2264 613 2296 Theocr.
630 2262 662 2304 4,
679 2262 735 2295 26.
761 2262 817 2304 20,
834 2262 891 2295 29.
939 2261 996 2294 Cf.
1013 2260 1130 2294 Klotz.

403 2321 447 2353 ad
463 2320 539 2353 Cic.
558 2320 635 2352 Cat.
661 2318 740 2360 maj.
764 2329 800 2361 p.
821 2318 899 2351 127.
947 2316 1131 2360 Scriptura

402 2375 545 2407 occurrit
569 2385 588 2406 a
604 2372 722 2406 Minoe
744 2377 886 2417 recepta
910 2383 978 2404 non
1000 2371 1130 2404 incom-

403 2430 534 2463 modum
566 2429 700 2473 quidem
724 2430 868 2473 praebet
897 2438 1049 2470 sensum,
1084 2430 1131 2468 at,

404 2483 472 2516 nisi
487 2485 682 2527 conjectura
699 2484 831 2528 nititur,
848 2483 1014 2527 originem
1030 2482 1133 2515 debet

404 2537 514 2571 literis
541 2539 606 2571 sibi
630 2539 807 2573 simillimis
834 2545 848 2573 t
865 2545 899 2573 et
914 2551 933 2573 r
955 2538 1132 2583 sequentis

406 2593 518 2627 verbi.
550 2613 595 2618 —
624 2595 670 2627 V.
686 2595 742 2628 96.
767 2601 808 2630 ut
823 2596 865 2629 si.
890 2595 958 2630 Ms-
975 2595 1077 2629 Dess.
1094 2594 1130 2628 2.

406 2647 466 2690 (ex
483 2648 680 2692 compendio
705 2651 790 2684 male
812 2651 986 2685 intellecto
1013 2653 1132 2684 enatus

407 2708 460 2735 est
476 2703 587 2743 error)
619 2722 663 2728 —
695 2706 848 2742 discidet.
866 2708 933 2742 Ms.
949 2708 999 2741 id.
1031 2706 1132 2740 dissi-

406 2759 498 2792 deat.
514 2758 582 2791 ΜΕ.
601 2759 699 2793 Gott.
716 2763 750 2794 2.
766 2782 812 2788 —
835 2764 950 2808 inpar,
968 2763 1029 2797 Sic
1043 2763 1131 2796 Mss,

405 2815 506 2848 Dess.
535 2815 567 2847 1.
594 2816 629 2849 2.
682 2816 822 2860 impar?
852 2820 913 2853 Sic
938 2820 1025 2854 male
1049 2819 1132 2853 dist.

405 2869 489 2913 alqt.
505 2867 583 2901 edd.

451 2925 495 2958 V.
505 2926 561 2960 97.
581 2925 698 2968 Quid?
716 2938 803 2961 mea.
820 2929 881 2962 Sic
895 2930 1035 2965 distinx.
1053 2931 1132 2965 edd.

1187 922 1275 955 Cun.
1295 920 1448 954 Mervill.
1465 919 1530 952 Fe.
1542 919 1775 953 Doer.Jaeck.
1794 921 1912 968 Camp.

1185 977 1273 1011 Zell.
1285 977 1441 1010 Hoched.
1453 975 1637 1019 (quidef.).
1653 976 1699 1010 At
1714 976 1795 1010 vide
1809 977 1912 1011 Both.

1185 1034 1229 1067 ad
1240 1034 1273 1066 h.
1283 1033 1308 1066 l.
1319 1033 1354 1066 in
1365 1032 1418 1065 ed.
1427 1031 1532 1073 Feae,
1551 1031 1703 1065 Schmid.
1716 1033 1759 1065 ad
1770 1034 1822 1076 16,
1833 1036 1866 1068 8.
1879 1039 1915 1068 et

1183 1091 1218 1132 2,
1237 1091 1268 1132 1,
1285 1088 1342 1122 40.
1373 1087 1488 1120 Beier.
1507 1087 1550 1120 ad
1567 1087 1643 1120 Cic.
1662 1087 1736 1121 Off.
1753 1091 1786 1131 2,
1803 1089 1837 1132 7,
1855 1090 1912 1124 25.

1181 1147 1224 1188 3,
1241 1145 1304 1187 23,
1321 1144 1378 1177 90.
1406 1147 1441 1175 et
1463 1154 1537 1176 mea
1559 1143 1671 1188 ipsius
1695 1150 1858 1180 annotata
1877 1146 1914 1179 in

1183 1200 1331 1235 Seebod.
1350 1202 1385 1231 et
1397 1197 1499 1230 Jahn.
1516 1197 1656 1232 Archiv.
1672 1199 1702 1232 I.
1719 1201 1754 1235 3.
1780 1212 1816 1245 p.
1832 1201 1912 1236 464.

1186 1257 1278 1298 Quid
1293 1266 1369 1288 mea
1391 1273 1437 1278 —
1463 1264 1571 1286 secum
1583 1253 1603 1286 ί)
1633 1254 1726 1288 Edd.
1743 1255 1823 1290 val.
1840 1257 1911 1291 Do-

1181 1311 1274 1356 righ.
1309 1309 1417 1351 Quid,
1433 1327 1480 1332 —
1493 1309 1632 1342 secum?
1656 1309 1712 1343 Al.
1728 1329 1774 1336 —
1803 1323 1915 1355 quom.

1182 1364 1252 1400 Ed.
1265 1365 1382 1400 Oberl.
1400 1364 1538 1408 ubique,
1555 1377 1589 1399 v.
1603 1365 1914 1403 Schneid.E1mtrl.

1182 1436 1218 1470 p.
1236 1423 1315 1457 337.
1331 1441 1378 1446 —
1398 1425 1543 1465 pugnet.
1559 1419 1646 1455 Mss.
1662 1421 1759 1456 Feae
1776 1425 1807 1458 1.
1825 1424 1860 1459 k.
1878 1437 1914 1460 o.

1181 1479 1300 1514 Jaeck.
1318 1477 1350 1512 5.
1383 1476 1502 1510 Guelf.
1518 1476 1552 1510 4.
1584 1476 1686 1511 Dess.
1702 1480 1736 1512 2.
1767 1491 1915 1524 pugner.

1180 1537 1282 1571 Dess.
1304 1536 1537 1569 1.—mecum.
1554 1532 1639 1566 Mss.
1656 1538 1727 1568 tres
1743 1536 1915 1580 ap.T01-r.

1184 1592 1253 1636 alq.
1286 1601 1342 1634 ap.
1370 1587 1486 1621 Bentl.
1518 1593 1554 1621 et
1583 1587 1704 1623 Feam.
1735 1590 1854 1626 Jaeck.
1879 1593 1914 1627 5.

1183 1645 1361 1681 Victorius
1378 1648 1412 1676 et
1429 1653 1462 1676 a.
1481 1655 1512 1677 e.
1531 1655 1588 1688 ap.
1605 1643 1763 1680 Hoched.
1796 1649 1916 1683 Guelf.

1186 1708 1217 1740 1.
1233 1703 1267 1738 4.
1298 1703 1399 1736 Dess.
1418 1703 1449 1735 1.
1474 1700 1555 1745 (pro
1580 1711 1655 1741 var.
1673 1701 1774 1746 lect.)
1806 1705 1914 1739 Goth.

1183 1762 1230 1794 At
1244 1770 1354 1792 secum
1379 1757 1487 1801 exigit
1509 1767 1619 1788 sermo
1645 1756 1789 1803 latinus,
1822 1761 1916 1804 quod

1184 1816 1273 1849 bene
1303 1815 1529 1848 observarunt
1556 1812 1732 1858 BentleJus
1763 1821 1799 1850 et
1827 1815 1916 1860 Fen,

1184 1882 1328 1916 quorum
1342 1869 1402 1902 ille
1417 1867 1531 1901 attulit
1547 1867 1654 1902 Ovid.
1671 1869 1758 1903 Met.
1778 1871 1818 1905 15
1830 1897 1840 1915 ,
1856 1872 1914 1907 27.

1184 1929 1289 1973 (ibiq.
1308 1924 1463 1969 Gierig.)

1231 1983 1276 2016 V.
1292 1983 1348 2017 98.
1366 1980 1504 2015 omittit.
1520 1978 1589 2013 Ms.
1605 1979 1706 2013 Dess.
1725 1981 1757 2014 1.
1785 1981 1915 2016 amisit.

1185 2038 1278 2071 Edd.
1296 2035 1404 2070 Loch.
1422 2035 1544 2069 Colon.
1561 2033 1640 2068 510.
1668 2054 1715 2060 -
1738 2036 1783 2070 V.
1800 2038 1857 2072 99.
1875 2049 1916 2070 ac

1185 2095 1293 2127 vitae.
1305 2092 1398 2125 Edd.
1411 2092 1499 2125 Cun.
1511 2091 1593 2123 San.
1605 2090 1757 2124 Mervill.
1767 2091 1914 2138 Dorigh.

1186 2169 1232 2174 —
1243 2154 1313 2183 toto
1323 2149 1358 2182 d.
1369 2161 1400 2182 ο.
1411 2148 1505 2181 vitae
1513 2146 1531 2179 ?
1541 2146 1602 2179 Sic
1609 2157 1670 2180 ms.
1680 2146 1798 2180 Jaeck.
1809 2147 1843 2181 6.
1858 2143 1914 2181 or·

1187 2206 1266 2239 dine
1284 2204 1408 2239 tanto?
1438 2203 1506 2236 Ms.
1523 2201 1557 2236 5.
1580 2201 1665 2235 ibid.
1696 2219 1743 2226 —
1774 2201 1818 2235 V.
1837 2203 1914 2236 100.

1183 2261 1352 2296 rotundis.
1366 2260 1498 2294 Puncto
1507 2256 1819 2302 distinx.plurimae
1834 2258 1914 2291 edd.

1185 2324 1273 2354 vett.
1308 2317 1414 2360 Quid,
1431 2325 1507 2350 mea
1521 2333 1567 2338 —
1581 2323 1712 2352 secum?
1726 2332 1773 2338 —
1793 2319 1915 2348 rotun—

1187 2373 1265 2408 dis?
1297 2373 1357 2405 Sic
1372 2369 1647 2413 distinguendum
1665 2369 1813 2403 arbitror
1839 2382 1915 2404 cum

1186 2429 1345 2471 Bentlejo
1364 2452 1374 2470 ,
1406 2426 1555 2469 Bothio,
1590 2425 1765 2459 Schmidio
1782 2451 1791 2468 ‚
1824 2426 1915 2460 aliis.

1187 2485 1258 2519 Alii
1274 2483 1374 2516 aliter
1387 2508 1396 2526 ‚
1430 2488 1468 2516 ut
1482 2493 1592 2515 secum
1604 2482 1623 2514 ΖΡ
1637 2501 1684 2506 -
1715 2482 1855 2516 omisit?
1870 2502 1916 2507 —-

1187 2538 1284 2574 toto?
1298 2557 1345 2562 —
1359 2537 1540 2571 rotundis?
1580 2538 1710 2572 Contra
1723 2538 1866 2572 Jahnius
1883 2543 1918 2572 et

1187 2593 1381 2628 Meinokius
1420 2594 1724 2637 interrogationem
1755 2605 1776 2628 a
1811 2606 1916 2628 versu

1186 2653 1231 2686 97
1247 2662 1355 2695 usque
1369 2651 1413 2684 ad
1429 2663 1463 2685 v.
1483 2651 1545 2684 105
1562 2650 1693 2684 amici?
1718 2644 1916 2695 suspensam

1189 2708 1338 2747 habent3
1370 2707 1463 2750 quod
1480 2717 1540 2739 cur
1556 2706 1610 2739 his
1626 2707 1703 2740 VV.
1721 2707 1778 2741 dd.
1796 2717 1914 2740 assen-

1186 2763 1247 2797 tiri
1263 2773 1443 2807 nequeam,
1475 2761 1566 2795 infra
1582 2763 1626 2796 ad
1650 2774 1683 2798 v.
1702 2764 1746 2798 97
1770 2762 1915 2807 dicetur,

1187 2819 1247 2854 ubi
1277 2817 1520 2852 sententiarum
1551 2829 1659 2853 nexus
1689 2819 1917 2853 enucleandus

1187 2880 1277 2965 eruzv..
1297 2931 1373 2966 101.
1388 2935 1500 2975 putes.
1517 2929 1585 2964 Ms.
1601 2929 1710 2965 Pulm.
1727 2931 1762 2965 4.
1795 2929 1914 2964 Guelf.
