<?xml version="1.0" encoding="UTF-8"?>
<!DOCTYPE html PUBLIC "-//W3C//DTD XHTML 1.0 Transitional//EN"
    "http://www.w3.org/TR/xhtml1/DTD/xhtml1-transitional.dtd">
<html xmlns="http://www.w3.org/1999/xhtml" xml:lang="en" lang="en">
 <head>
  <title>
</title>
<meta http-equiv="Content-Type" content="text/html;charset=utf-8" />
  <meta name='ocr-system' content='tesseract 3.04.00' />
  <meta name='ocr-capabilities' content='ocr_page ocr_carea ocr_par ocr_line ocrx_word'/>
</head>
<body>
  <div class='ocr_page' id='page_1' title='image "./epistolascomment01horauoft_0331.png"; bbox 0 0 2028 3268; ppageno 0'>
   <div class='ocr_carea' id='block_1_1' title="bbox 0 0 101 1575">
    <p class='ocr_par' dir='ltr' id='par_1_1' title="bbox 0 0 101 1575">
     <span class='ocr_line' id='line_1_1' title="bbox 0 0 101 1575; baseline 0 0"><span class='ocrx_word' id='word_1_1' title='bbox 0 0 101 1575; x_wconf 95' lang='lat' dir='ltr'><strong> </strong></span> 
     </span>
    </p>
   </div>
   <div class='ocr_carea' id='block_1_2' title="bbox 5 239 1660 291">
    <p class='ocr_par' dir='ltr' id='par_1_2' title="bbox 5 226 1660 291">
     <span class='ocr_line' id='line_1_2' title="bbox 5 239 1660 291; baseline -0.006 1"><span class='ocrx_word' id='word_1_2' title='bbox 5 240 40 285; x_wconf 62' lang='lat' dir='ltr'><strong>&#39;s</strong></span> <span class='ocrx_word' id='word_1_3' title='bbox 106 247 163 291; x_wconf 76' lang='lat'><strong>3⁷</strong></span> <span class='ocrx_word' id='word_1_4' title='bbox 251 243 628 286; x_wconf 80' lang='lat' dir='ltr'><strong>COMMENTARII</strong></span> <span class='ocrx_word' id='word_1_5' title='bbox 656 245 714 284; x_wconf 92' lang='lat' dir='ltr'><strong>IN</strong></span> <span class='ocrx_word' id='word_1_6' title='bbox 744 242 973 284; x_wconf 87' lang='lat' dir='ltr'>HORATII</span> <span class='ocrx_word' id='word_1_7' title='bbox 1000 242 1102 282; x_wconf 89' lang='lat' dir='ltr'><strong>LIB.</strong></span> <span class='ocrx_word' id='word_1_8' title='bbox 1123 242 1154 282; x_wconf 92' lang='grc' dir='ltr'><strong>Ι.</strong></span> <span class='ocrx_word' id='word_1_9' title='bbox 1176 239 1340 281; x_wconf 89' lang='lat' dir='ltr'><strong>EPIST.</strong></span> <span class='ocrx_word' id='word_1_10' title='bbox 1362 240 1514 281; x_wconf 88' lang='lat' dir='ltr'><strong>SEXT.</strong></span> <span class='ocrx_word' id='word_1_11' title='bbox 1574 240 1660 282; x_wconf 82' lang='lat'><strong>309</strong></span> 
     </span>
    </p>
   </div>
   <div class='ocr_carea' id='block_1_3' title="bbox 105 367 1659 562">
    <p class='ocr_par' dir='ltr' id='par_1_3' title="bbox 4 348 1659 565">
     <span class='ocr_line' id='line_1_3' title="bbox 105 367 1659 422; baseline -0.005 -9.488"><span class='ocrx_word' id='word_1_12' title='bbox 105 373 156 412; x_wconf 81' lang='lat' dir='ltr'><strong>tis</strong></span> <span class='ocrx_word' id='word_1_13' title='bbox 181 375 248 411; x_wconf 88' lang='lat' dir='ltr'><strong>aut</strong></span> <span class='ocrx_word' id='word_1_14' title='bbox 274 370 440 410; x_wconf 86' lang='lat' dir='ltr'><strong>liberalis</strong></span> <span class='ocrx_word' id='word_1_15' title='bbox 471 375 538 408; x_wconf 88' lang='lat' dir='ltr'><strong>aut</strong></span> <span class='ocrx_word' id='word_1_16' title='bbox 561 374 780 422; x_wconf 86' lang='lat' dir='ltr'><strong>temperans</strong></span> <span class='ocrx_word' id='word_1_17' title='bbox 810 370 971 420; x_wconf 86' lang='lat' dir='ltr'><strong>evadat,</strong></span> <span class='ocrx_word' id='word_1_18' title='bbox 1000 374 1043 408; x_wconf 93' lang='lat' dir='ltr'><strong>ut</strong></span> <span class='ocrx_word' id='word_1_19' title='bbox 1070 373 1175 408; x_wconf 90' lang='lat' dir='ltr'><strong>recte</strong></span> <span class='ocrx_word' id='word_1_20' title='bbox 1204 368 1382 407; x_wconf 88' lang='lat' dir='ltr'><strong>observat</strong></span> <span class='ocrx_word' id='word_1_21' title='bbox 1413 367 1659 413; x_wconf 76' lang='lat' dir='ltr'><em>Torrentius,</em></span> 
     </span>
     <span class='ocr_line' id='line_1_4' title="bbox 106 437 1658 488; baseline -0.005 -6.555"><span class='ocrx_word' id='word_1_22' title='bbox 106 442 180 482; x_wconf 82' lang='lat' dir='ltr'><strong>sed</strong></span> <span class='ocrx_word' id='word_1_23' title='bbox 207 441 280 479; x_wconf 88' lang='lat' dir='ltr'><strong>hoc</strong></span> <span class='ocrx_word' id='word_1_24' title='bbox 308 444 458 479; x_wconf 78' lang='lat' dir='ltr'><strong>tantum</strong></span> <span class='ocrx_word' id='word_1_25' title='bbox 486 440 601 477; x_wconf 91' lang='lat' dir='ltr'><strong>modo</strong></span> <span class='ocrx_word' id='word_1_26' title='bbox 632 439 920 477; x_wconf 89' lang='lat' dir='ltr'><strong>concedendum</strong></span> <span class='ocrx_word' id='word_1_27' title='bbox 948 439 1119 488; x_wconf 83' lang='lat' dir='ltr'><strong>videtur,</strong></span> <span class='ocrx_word' id='word_1_28' title='bbox 1159 438 1264 488; x_wconf 84' lang='lat' dir='ltr'><strong>tangi</strong></span> <span class='ocrx_word' id='word_1_29' title='bbox 1291 439 1329 476; x_wconf 92' lang='lat' dir='ltr'><strong>in</strong></span> <span class='ocrx_word' id='word_1_30' title='bbox 1357 437 1415 475; x_wconf 89' lang='lat' dir='ltr'><strong>his</strong></span> <span class='ocrx_word' id='word_1_31' title='bbox 1442 437 1658 475; x_wconf 85' lang='lat' dir='ltr'><strong>Stoicorum</strong></span> 
     </span>
     <span class='ocr_line' id='line_1_5' title="bbox 105 505 1658 562; baseline -0.005 -11.514"><span class='ocrx_word' id='word_1_32' title='bbox 105 511 268 562; x_wconf 82' lang='lat' dir='ltr'><strong>rigidam</strong></span> <span class='ocrx_word' id='word_1_33' title='bbox 295 508 556 559; x_wconf 82' lang='lat' dir='ltr'><strong>disciplinam,</strong></span> <span class='ocrx_word' id='word_1_34' title='bbox 597 508 661 558; x_wconf 87' lang='lat' dir='ltr'><strong>qui</strong></span> <span class='ocrx_word' id='word_1_35' title='bbox 689 521 737 546; x_wconf 88' lang='lat' dir='ltr'><strong>ne</strong></span> <span class='ocrx_word' id='word_1_36' title='bbox 761 507 879 546; x_wconf 91' lang='lat' dir='ltr'><strong>latum</strong></span> <span class='ocrx_word' id='word_1_37' title='bbox 905 508 1057 558; x_wconf 91' lang='lat' dir='ltr'><strong>quidem</strong></span> <span class='ocrx_word' id='word_1_38' title='bbox 1086 519 1253 557; x_wconf 86' lang='lat' dir='ltr'><strong>unguem</strong></span> <span class='ocrx_word' id='word_1_39' title='bbox 1281 518 1304 544; x_wconf 86' lang='lat' dir='ltr'><strong>a</strong></span> <span class='ocrx_word' id='word_1_40' title='bbox 1332 505 1557 557; x_wconf 85' lang='lat' dir='ltr'><strong>placitorum</strong></span> <span class='ocrx_word' id='word_1_41' title='bbox 1595 517 1658 542; x_wconf 88' lang='lat' dir='ltr'><strong>se-</strong></span> 
     </span>
    </p>
   </div>
   <div class='ocr_carea' id='block_1_4' title="bbox 105 575 1659 627">
    <p class='ocr_par' dir='ltr' id='par_1_4' title="bbox 105 575 1659 627">
     <span class='ocr_line' id='line_1_6' title="bbox 105 575 1659 627; baseline -0.006 -9"><span class='ocrx_word' id='word_1_42' title='bbox 105 579 266 618; x_wconf 81' lang='lat' dir='ltr'><strong>veritate</strong></span> <span class='ocrx_word' id='word_1_43' title='bbox 293 577 534 616; x_wconf 84' lang='lat' dir='ltr'><strong>discedentes</strong></span> <span class='ocrx_word' id='word_1_44' title='bbox 556 577 791 613; x_wconf 77' lang='lat' dir='ltr'><strong>insanorum</strong></span> <span class='ocrx_word' id='word_1_45' title='bbox 820 580 859 614; x_wconf 89' lang='lat' dir='ltr'><strong>et</strong></span> <span class='ocrx_word' id='word_1_46' title='bbox 883 577 932 614; x_wconf 91' lang='lat' dir='ltr'><strong>de</strong></span> <span class='ocrx_word' id='word_1_47' title='bbox 955 577 1042 627; x_wconf 86' lang='lat' dir='ltr'><strong>jure</strong></span> <span class='ocrx_word' id='word_1_48' title='bbox 1061 575 1150 613; x_wconf 89' lang='lat' dir='ltr'>nihil</span> <span class='ocrx_word' id='word_1_49' title='bbox 1170 576 1407 614; x_wconf 84' lang='lat' dir='ltr'><strong>remittentes</strong></span> <span class='ocrx_word' id='word_1_50' title='bbox 1427 575 1659 625; x_wconf 77' lang='lat' dir='ltr'><strong>iniquorum</strong></span> 
     </span>
    </p>
   </div>
   <div class='ocr_carea' id='block_1_5' title="bbox 0 634 1660 968">
    <p class='ocr_par' dir='ltr' id='par_1_5' title="bbox 0 634 1660 970">
     <span class='ocr_line' id='line_1_7' title="bbox 4 634 1658 701; baseline -0.006 -13"><span class='ocrx_word' id='word_1_51' title='bbox 4 634 35 669; x_wconf 67' lang='lat' dir='ltr'><strong>²ss</strong></span> <span class='ocrx_word' id='word_1_52' title='bbox 105 649 275 701; x_wconf 75' lang='lat' dir='ltr'><strong>speciem</strong></span> <span class='ocrx_word' id='word_1_53' title='bbox 307 646 494 698; x_wconf 88' lang='lat' dir='ltr'><strong>praebere</strong></span> <span class='ocrx_word' id='word_1_54' title='bbox 523 644 716 695; x_wconf 89' lang='lat' dir='ltr'><strong>plerisque</strong></span> <span class='ocrx_word' id='word_1_55' title='bbox 745 645 814 681; x_wconf 74' lang='lat' dir='ltr'><strong>w‘si</strong></span> <span class='ocrx_word' id='word_1_56' title='bbox 844 648 947 682; x_wconf 90' lang='lat' dir='ltr'><strong>sunt.</strong></span> <span class='ocrx_word' id='word_1_57' title='bbox 1007 644 1069 682; x_wconf 91' lang='lat' dir='ltr'><strong>Cf.</strong></span> <span class='ocrx_word' id='word_1_58' title='bbox 1088 644 1168 682; x_wconf 91' lang='lat' dir='ltr'>Cic.</span> <span class='ocrx_word' id='word_1_59' title='bbox 1185 657 1245 695; x_wconf 91' lang='lat' dir='ltr'><strong>pr.</strong></span> <span class='ocrx_word' id='word_1_60' title='bbox 1264 644 1414 682; x_wconf 83' lang='lat' dir='ltr'><strong>Muren.</strong></span> <span class='ocrx_word' id='word_1_61' title='bbox 1436 643 1504 683; x_wconf 88' lang='grc'><strong>31.</strong></span> <span class='ocrx_word' id='word_1_62' title='bbox 1522 646 1562 680; x_wconf 89' lang='lat' dir='ltr'><strong>et</strong></span> <span class='ocrx_word' id='word_1_63' title='bbox 1589 654 1658 678; x_wconf 82' lang='lat' dir='ltr'><strong>an-</strong></span> 
     </span>
     <span class='ocr_line' id='line_1_8' title="bbox 14 708 1658 765; baseline -0.005 -9"><span class='ocrx_word' id='word_1_64' title='bbox 14 708 33 738; x_wconf 60' lang='lat' dir='ltr'><em>i</em></span> <span class='ocrx_word' id='word_1_65' title='bbox 105 721 240 756; x_wconf 81' lang='lat' dir='ltr'><strong>notata</strong></span> <span class='ocrx_word' id='word_1_66' title='bbox 267 715 316 753; x_wconf 81' lang='lat' dir='ltr'><strong>ad</strong></span> <span class='ocrx_word' id='word_1_67' title='bbox 349 716 387 765; x_wconf 84' lang='lat'><strong>1,</strong></span> <span class='ocrx_word' id='word_1_68' title='bbox 418 715 457 764; x_wconf 85' lang='lat'><strong>1,</strong></span> <span class='ocrx_word' id='word_1_69' title='bbox 489 714 586 755; x_wconf 88' lang='grc'>106.</span> <span class='ocrx_word' id='word_1_70' title='bbox 644 713 750 752; x_wconf 86' lang='lat' dir='ltr'><strong>Idem</strong></span> <span class='ocrx_word' id='word_1_71' title='bbox 774 712 890 750; x_wconf 83' lang='lat' dir='ltr'><strong>sentit</strong></span> <span class='ocrx_word' id='word_1_72' title='bbox 909 712 1147 764; x_wconf 65' lang='lat' dir='ltr'><strong>Koemgrias.</strong></span> <span class='ocrx_word' id='word_1_73' title='bbox 1209 713 1307 750; x_wconf 92' lang='lat' dir='ltr'><strong>Cum</strong></span> <span class='ocrx_word' id='word_1_74' title='bbox 1333 713 1404 750; x_wconf 87' lang='lat' dir='ltr'><strong>hac</strong></span> <span class='ocrx_word' id='word_1_75' title='bbox 1428 712 1658 762; x_wconf 89' lang='lat' dir='ltr'><strong>interpreta-</strong></span> 
     </span>
     <span class='ocr_line' id='line_1_9' title="bbox 3 771 1655 836; baseline -0.007 -10"><span class='ocrx_word' id='word_1_76' title='bbox 3 771 37 827; x_wconf 39' lang='lat' dir='ltr'><strong>s&#39;s</strong></span> <span class='ocrx_word' id='word_1_77' title='bbox 102 787 208 824; x_wconf 84' lang='lat' dir='ltr'><strong>tione</strong></span> <span class='ocrx_word' id='word_1_78' title='bbox 237 785 403 836; x_wconf 84' lang='lat' dir='ltr'><strong>quodam</strong></span> <span class='ocrx_word' id='word_1_79' title='bbox 430 782 545 820; x_wconf 90' lang='lat' dir='ltr'><strong>modo</strong></span> <span class='ocrx_word' id='word_1_80' title='bbox 576 782 766 819; x_wconf 87' lang='lat' dir='ltr'><strong>consentit</strong></span> <span class='ocrx_word' id='word_1_81' title='bbox 791 779 1136 818; x_wconf 67' lang='lat' dir='ltr'><strong>Mitseherliclzius</strong></span> <span class='ocrx_word' id='word_1_82' title='bbox 1162 780 1337 833; x_wconf 82' lang='lat' dir='ltr'><strong>(Racem.</strong></span> <span class='ocrx_word' id='word_1_83' title='bbox 1367 780 1510 818; x_wconf 89' lang='lat' dir='ltr'><strong>Venus.</strong></span> <span class='ocrx_word' id='word_1_84' title='bbox 1540 778 1655 816; x_wconf 86' lang='lat' dir='ltr'><strong>Fasc.</strong></span> 
     </span>
     <span class='ocr_line' id='line_1_10' title="bbox 105 848 1658 904; baseline -0.006 -11.594"><span class='ocrx_word' id='word_1_85' title='bbox 105 851 205 892; x_wconf 79' lang='lat' dir='ltr'><strong>VIII.</strong></span> <span class='ocrx_word' id='word_1_86' title='bbox 237 867 275 904; x_wconf 87' lang='lat' dir='ltr'><strong>p.</strong></span> <span class='ocrx_word' id='word_1_87' title='bbox 296 850 371 904; x_wconf 82' lang='lat'><strong>6.)‚</strong></span> <span class='ocrx_word' id='word_1_88' title='bbox 399 851 463 903; x_wconf 88' lang='lat' dir='ltr'><strong>qui</strong></span> <span class='ocrx_word' id='word_1_89' title='bbox 487 850 656 888; x_wconf 86' lang='lat' dir='ltr'><strong>Stoicam</strong></span> <span class='ocrx_word' id='word_1_90' title='bbox 684 851 737 887; x_wconf 87' lang='lat' dir='ltr'><strong>ait</strong></span> <span class='ocrx_word' id='word_1_91' title='bbox 765 848 1001 899; x_wconf 84' lang='lat' dir='ltr'><strong>disciplinam</strong></span> <span class='ocrx_word' id='word_1_92' title='bbox 1029 849 1089 886; x_wconf 90' lang='lat' dir='ltr'><strong>hic</strong></span> <span class='ocrx_word' id='word_1_93' title='bbox 1118 850 1257 898; x_wconf 84' lang='lat' dir='ltr'><strong>notari,</strong></span> <span class='ocrx_word' id='word_1_94' title='bbox 1288 850 1429 900; x_wconf 90' lang='lat' dir='ltr'><strong>quippe</strong></span> <span class='ocrx_word' id='word_1_95' title='bbox 1460 860 1558 898; x_wconf 88' lang='lat' dir='ltr'><strong>quae</strong></span> <span class='ocrx_word' id='word_1_96' title='bbox 1582 848 1658 884; x_wconf 87' lang='lat' dir='ltr'><strong>vir-</strong></span> 
     </span>
     <span class='ocr_line' id='line_1_11' title="bbox 0 913 1660 968; baseline -0.005 -7"><span class='ocrx_word' id='word_1_97' title='bbox 0 913 22 953; x_wconf 31' lang='lat'><strong>-3&#39;</strong></span> <span class='ocrx_word' id='word_1_98' title='bbox 105 926 229 960; x_wconf 87' lang='lat' dir='ltr'><strong>tutem</strong></span> <span class='ocrx_word' id='word_1_99' title='bbox 265 921 303 958; x_wconf 90' lang='lat' dir='ltr'><strong>in</strong></span> <span class='ocrx_word' id='word_1_100' title='bbox 333 933 379 958; x_wconf 88' lang='lat' dir='ltr'><strong>eo</strong></span> <span class='ocrx_word' id='word_1_101' title='bbox 408 919 564 968; x_wconf 84' lang='lat' dir='ltr'><strong>fastigio</strong></span> <span class='ocrx_word' id='word_1_102' title='bbox 596 917 772 967; x_wconf 81' lang='lat' dir='ltr'><strong>collocet,</strong></span> <span class='ocrx_word' id='word_1_103' title='bbox 802 918 851 955; x_wconf 88' lang='lat' dir='ltr'><strong>ad</strong></span> <span class='ocrx_word' id='word_1_104' title='bbox 880 919 984 967; x_wconf 87' lang='lat' dir='ltr'><strong>quod</strong></span> <span class='ocrx_word' id='word_1_105' title='bbox 1014 917 1179 955; x_wconf 91' lang='lat' dir='ltr'><strong>humana</strong></span> <span class='ocrx_word' id='word_1_106' title='bbox 1207 922 1345 956; x_wconf 89' lang='lat' dir='ltr'><strong>natura</strong></span> <span class='ocrx_word' id='word_1_107' title='bbox 1374 918 1464 955; x_wconf 89' lang='lat' dir='ltr'><strong>eniti</strong></span> <span class='ocrx_word' id='word_1_108' title='bbox 1492 919 1660 966; x_wconf 84' lang='lat' dir='ltr'><strong>nequeat</strong></span> 
     </span>
    </p>
   </div>
   <div class='ocr_carea' id='block_1_6' title="bbox 103 983 1659 1105">
    <p class='ocr_par' dir='ltr' id='par_1_6' title="bbox 103 983 1659 1105">
     <span class='ocr_line' id='line_1_12' title="bbox 105 983 1659 1040; baseline -0.006 -12"><span class='ocrx_word' id='word_1_109' title='bbox 105 989 292 1040; x_wconf 88' lang='lat' dir='ltr'><strong>simulque</strong></span> <span class='ocrx_word' id='word_1_110' title='bbox 330 986 610 1026; x_wconf 83' lang='lat' dir='ltr'><strong>Aristotelicam</strong></span> <span class='ocrx_word' id='word_1_111' title='bbox 645 987 794 1024; x_wconf 87' lang='lat' dir='ltr'><strong>virtutis</strong></span> <span class='ocrx_word' id='word_1_112' title='bbox 835 983 1035 1036; x_wconf 78' lang='grc' dir='ltr'><em>μεσότητα</em></span> <span class='ocrx_word' id='word_1_113' title='bbox 1082 987 1338 1024; x_wconf 78' lang='lat' dir='ltr'><strong>commendari</strong></span> <span class='ocrx_word' id='word_1_114' title='bbox 1378 985 1583 1023; x_wconf 80' lang='lat' dir='ltr'><strong>arbitratur</strong></span> <span class='ocrx_word' id='word_1_115' title='bbox 1619 985 1659 1022; x_wconf 84' lang='lat' dir='ltr'><strong>in</strong></span> 
     </span>
     <span class='ocr_line' id='line_1_13' title="bbox 103 1054 1659 1105; baseline -0.005 -8"><span class='ocrx_word' id='word_1_116' title='bbox 103 1070 190 1096; x_wconf 88' lang='lat' dir='ltr'><strong>eam</strong></span> <span class='ocrx_word' id='word_1_117' title='bbox 228 1070 312 1095; x_wconf 90' lang='lat' dir='ltr'><strong>rem</strong></span> <span class='ocrx_word' id='word_1_118' title='bbox 352 1055 512 1093; x_wconf 84' lang='lat' dir='ltr'><strong>laudans</strong></span> <span class='ocrx_word' id='word_1_119' title='bbox 552 1054 632 1092; x_wconf 89' lang='lat' dir='ltr'><strong>Cic.</strong></span> <span class='ocrx_word' id='word_1_120' title='bbox 663 1067 721 1105; x_wconf 90' lang='lat' dir='ltr'><strong>pr.</strong></span> <span class='ocrx_word' id='word_1_121' title='bbox 750 1055 900 1092; x_wconf 83' lang='lat' dir='ltr'><strong>Muren.</strong></span> <span class='ocrx_word' id='word_1_122' title='bbox 930 1054 998 1095; x_wconf 85' lang='lat'><strong>30.</strong></span> <span class='ocrx_word' id='word_1_123' title='bbox 1029 1068 1162 1092; x_wconf 74' lang='lat' dir='ltr'><strong>omnes</strong></span> <span class='ocrx_word' id='word_1_124' title='bbox 1196 1057 1359 1093; x_wconf 63' lang='lat' dir='ltr'><strong>virtutes</strong></span> <span class='ocrx_word' id='word_1_125' title='bbox 1389 1055 1659 1092; x_wconf 82' lang='lat' dir='ltr'><strong>mediocritate</strong></span> 
     </span>
    </p>
   </div>
   <div class='ocr_carea' id='block_1_7' title="bbox 0 1122 1659 1384">
    <p class='ocr_par' dir='ltr' id='par_1_7' title="bbox 0 1122 1659 1384">
     <span class='ocr_line' id='line_1_14' title="bbox 4 1122 1658 1178; baseline 0 -16"><span class='ocrx_word' id='word_1_126' title='bbox 4 1151 29 1170; x_wconf 53' lang='lat' dir='ltr'><strong>m</strong></span> <span class='ocrx_word' id='word_1_127' title='bbox 103 1125 282 1178; x_wconf 79' lang='lat' dir='ltr'><strong>quadam</strong></span> <span class='ocrx_word' id='word_1_128' title='bbox 318 1136 398 1160; x_wconf 76' lang='lat' dir='ltr'><strong>esse</strong></span> <span class='ocrx_word' id='word_1_129' title='bbox 435 1122 690 1168; x_wconf 78' lang='lat' dir='ltr'><strong>moderatas,</strong></span> <span class='ocrx_word' id='word_1_130' title='bbox 739 1125 800 1161; x_wconf 91' lang='lat' dir='ltr'><strong>cui</strong></span> <span class='ocrx_word' id='word_1_131' title='bbox 838 1123 923 1161; x_wconf 91' lang='lat' dir='ltr'><strong>loco</strong></span> <span class='ocrx_word' id='word_1_132' title='bbox 960 1123 1067 1162; x_wconf 85' lang='lat' dir='ltr'><strong>addit</strong></span> <span class='ocrx_word' id='word_1_133' title='bbox 1100 1123 1262 1174; x_wconf 89' lang='lat' dir='ltr'><strong>Dionys.</strong></span> <span class='ocrx_word' id='word_1_134' title='bbox 1299 1124 1422 1163; x_wconf 84' lang='lat' dir='ltr'><strong>Halic.</strong></span> <span class='ocrx_word' id='word_1_135' title='bbox 1453 1123 1499 1161; x_wconf 89' lang='lat' dir='ltr'><strong>A.</strong></span> <span class='ocrx_word' id='word_1_136' title='bbox 1534 1122 1584 1160; x_wconf 85' lang='lat' dir='ltr'><strong>R.</strong></span> <span class='ocrx_word' id='word_1_137' title='bbox 1616 1123 1658 1172; x_wconf 85' lang='lat'><strong>8,</strong></span> 
     </span>
     <span class='ocr_line' id='line_1_15' title="bbox 0 1189 1659 1247; baseline -0.001 -18"><span class='ocrx_word' id='word_1_138' title='bbox 0 1198 25 1247; x_wconf 34' lang='lat' dir='ltr'><strong>..j</strong></span> <span class='ocrx_word' id='word_1_139' title='bbox 102 1193 172 1235; x_wconf 90' lang='grc'><strong>61.</strong></span> <span class='ocrx_word' id='word_1_140' title='bbox 198 1206 238 1244; x_wconf 90' lang='lat' dir='ltr'><strong>p.</strong></span> <span class='ocrx_word' id='word_1_141' title='bbox 268 1192 366 1234; x_wconf 87' lang='lat'><strong>508.</strong></span> <span class='ocrx_word' id='word_1_142' title='bbox 396 1189 559 1244; x_wconf 88' lang='lat' dir='ltr'><strong>(Huds.)</strong></span> <span class='ocrx_word' id='word_1_143' title='bbox 587 1196 626 1229; x_wconf 88' lang='lat' dir='ltr'><strong>et</strong></span> <span class='ocrx_word' id='word_1_144' title='bbox 654 1191 791 1230; x_wconf 89' lang='lat' dir='ltr'><strong>Senec.</strong></span> <span class='ocrx_word' id='word_1_145' title='bbox 823 1193 870 1230; x_wconf 92' lang='lat' dir='ltr'><strong>de</strong></span> <span class='ocrx_word' id='word_1_146' title='bbox 901 1192 1070 1230; x_wconf 90' lang='lat' dir='ltr'><strong>Benefic.</strong></span> <span class='ocrx_word' id='word_1_147' title='bbox 1104 1195 1154 1243; x_wconf 80' lang='lat'><strong>2,</strong></span> <span class='ocrx_word' id='word_1_148' title='bbox 1194 1194 1261 1234; x_wconf 85' lang='lat'><strong>16.</strong></span> <span class='ocrx_word' id='word_1_149' title='bbox 1321 1193 1538 1230; x_wconf 81' lang='lat' dir='ltr'><strong>Habeatur</strong></span> <span class='ocrx_word' id='word_1_150' title='bbox 1559 1205 1659 1242; x_wconf 80' lang='lat' dir='ltr'><strong>per-</strong></span> 
     </span>
     <span class='ocr_line' id='line_1_16' title="bbox 20 1259 1658 1314; baseline -0.002 -15"><span class='ocrx_word' id='word_1_151' title='bbox 20 1262 27 1278; x_wconf 51' lang='lat'><strong>*</strong></span> <span class='ocrx_word' id='word_1_152' title='bbox 102 1275 296 1299; x_wconf 79' lang='lat' dir='ltr'><strong>sonarum</strong></span> <span class='ocrx_word' id='word_1_153' title='bbox 317 1270 354 1299; x_wconf 79' lang='lat' dir='ltr'><strong>et</strong></span> <span class='ocrx_word' id='word_1_154' title='bbox 375 1260 586 1312; x_wconf 75' lang='lat' dir='ltr'><strong>dignitatis</strong></span> <span class='ocrx_word' id='word_1_155' title='bbox 611 1261 812 1311; x_wconf 79' lang='lat' dir='ltr'><strong>proportio</strong></span> <span class='ocrx_word' id='word_1_156' title='bbox 826 1275 837 1297; x_wconf 88' lang='lat'><em>:</em></span> <span class='ocrx_word' id='word_1_157' title='bbox 869 1267 905 1296; x_wconf 82' lang='lat' dir='ltr'><strong>et</strong></span> <span class='ocrx_word' id='word_1_158' title='bbox 934 1274 1060 1312; x_wconf 79' lang='lat' dir='ltr'><strong>quum</strong></span> <span class='ocrx_word' id='word_1_159' title='bbox 1079 1263 1130 1299; x_wconf 79' lang='lat' dir='ltr'><strong>sit</strong></span> <span class='ocrx_word' id='word_1_160' title='bbox 1151 1261 1298 1314; x_wconf 78' lang='lat' dir='ltr'><strong>ubique</strong></span> <span class='ocrx_word' id='word_1_161' title='bbox 1319 1262 1479 1299; x_wconf 69' lang='lat' dir='ltr'><strong>virtutis</strong></span> <span class='ocrx_word' id='word_1_162' title='bbox 1499 1259 1658 1305; x_wconf 75' lang='lat' dir='ltr'><strong>modas,</strong></span> 
     </span>
     <span class='ocr_line' id='line_1_17' title="bbox 22 1329 1658 1384; baseline 0.001 -17"><span class='ocrx_word' id='word_1_163' title='bbox 22 1345 30 1384; x_wconf 48' lang='grc' dir='ltr'>ᾗ</span> <span class='ocrx_word' id='word_1_164' title='bbox 102 1343 231 1381; x_wconf 72' lang='lat' dir='ltr'><strong>aeque</strong></span> <span class='ocrx_word' id='word_1_165' title='bbox 254 1338 420 1381; x_wconf 82' lang='lat' dir='ltr'><strong>peccat,</strong></span> <span class='ocrx_word' id='word_1_166' title='bbox 458 1329 569 1380; x_wconf 75' lang='lat' dir='ltr'><strong>quod</strong></span> <span class='ocrx_word' id='word_1_167' title='bbox 594 1329 769 1376; x_wconf 76' lang='lat' dir='ltr'><strong>excedit,</strong></span> <span class='ocrx_word' id='word_1_168' title='bbox 812 1343 936 1381; x_wconf 80' lang='lat' dir='ltr'><strong>quam</strong></span> <span class='ocrx_word' id='word_1_169' title='bbox 966 1331 1076 1381; x_wconf 77' lang='lat' dir='ltr'><strong>quod</strong></span> <span class='ocrx_word' id='word_1_170' title='bbox 1106 1331 1252 1380; x_wconf 65' lang='lat' dir='ltr'><strong>deficit.</strong></span> <span class='ocrx_word' id='word_1_171' title='bbox 1313 1331 1376 1368; x_wconf 81' lang='lat' dir='ltr'><strong>Sic</strong></span> <span class='ocrx_word' id='word_1_172' title='bbox 1411 1331 1493 1368; x_wconf 83' lang='lat' dir='ltr'><strong>Sat.</strong></span> <span class='ocrx_word' id='word_1_173' title='bbox 1523 1330 1571 1378; x_wconf 87' lang='lat'><strong>1,</strong></span> <span class='ocrx_word' id='word_1_174' title='bbox 1618 1331 1658 1377; x_wconf 88' lang='grc'><strong>1,</strong></span> 
     </span>
    </p>
   </div>
   <div class='ocr_carea' id='block_1_8' title="bbox 105 1397 1658 1450">
    <p class='ocr_par' dir='ltr' id='par_1_8' title="bbox 105 1397 1658 1450">
     <span class='ocr_line' id='line_1_18' title="bbox 105 1397 1658 1450; baseline -0.003 -11"><span class='ocrx_word' id='word_1_175' title='bbox 105 1398 209 1439; x_wconf 88' lang='grc'>106.</span> <span class='ocrx_word' id='word_1_176' title='bbox 268 1399 344 1436; x_wconf 73' lang='lat' dir='ltr'><strong>Est</strong></span> <span class='ocrx_word' id='word_1_177' title='bbox 373 1398 514 1436; x_wconf 80' lang='lat' dir='ltr'><strong>modus</strong></span> <span class='ocrx_word' id='word_1_178' title='bbox 538 1401 582 1436; x_wconf 86' lang='lat' dir='ltr'><strong>in</strong></span> <span class='ocrx_word' id='word_1_179' title='bbox 609 1398 727 1436; x_wconf 76' lang='lat' dir='ltr'><strong>rebus</strong></span> <span class='ocrx_word' id='word_1_180' title='bbox 756 1403 829 1438; x_wconf 84' lang='lat' dir='ltr'><strong>etc.</strong></span> <span class='ocrx_word' id='word_1_181' title='bbox 888 1398 931 1437; x_wconf 92' lang='lat' dir='ltr'><strong>In</strong></span> <span class='ocrx_word' id='word_1_182' title='bbox 958 1399 1060 1437; x_wconf 88' lang='lat' dir='ltr'><strong>illam</strong></span> <span class='ocrx_word' id='word_1_183' title='bbox 1083 1415 1178 1450; x_wconf 84' lang='lat' dir='ltr'><strong>rem,</strong></span> <span class='ocrx_word' id='word_1_184' title='bbox 1203 1402 1235 1438; x_wconf 89' lang='lat' dir='ltr'><strong>si</strong></span> <span class='ocrx_word' id='word_1_185' title='bbox 1263 1402 1348 1450; x_wconf 89' lang='lat' dir='ltr'><strong>quis</strong></span> <span class='ocrx_word' id='word_1_186' title='bbox 1374 1397 1658 1450; x_wconf 78' lang='lat' dir='ltr'><strong>approbaverit,</strong></span> 
     </span>
    </p>
   </div>
   <div class='ocr_carea' id='block_1_9' title="bbox 26 1451 1655 1517">
    <p class='ocr_par' dir='ltr' id='par_1_9' title="bbox 26 1451 1655 1517">
     <span class='ocr_line' id='line_1_19' title="bbox 26 1451 1655 1517; baseline 0.001 -14"><span class='ocrx_word' id='word_1_187' title='bbox 26 1451 30 1507; x_wconf 82' lang='grc' dir='ltr'>Ϊ</span> <span class='ocrx_word' id='word_1_188' title='bbox 103 1467 204 1504; x_wconf 72' lang='lat' dir='ltr'><strong>adde</strong></span> <span class='ocrx_word' id='word_1_189' title='bbox 238 1466 384 1504; x_wconf 78' lang='lat' dir='ltr'><strong>Gernh.</strong></span> <span class='ocrx_word' id='word_1_190' title='bbox 414 1468 463 1504; x_wconf 79' lang='lat' dir='ltr'><strong>ad</strong></span> <span class='ocrx_word' id='word_1_191' title='bbox 495 1468 576 1505; x_wconf 72' lang='lat' dir='ltr'><strong>Cic.</strong></span> <span class='ocrx_word' id='word_1_192' title='bbox 605 1466 715 1507; x_wconf 79' lang='lat' dir='ltr'><strong>Lael.</strong></span> <span class='ocrx_word' id='word_1_193' title='bbox 743 1467 784 1517; x_wconf 84' lang='lat'><strong>5,</strong></span> <span class='ocrx_word' id='word_1_194' title='bbox 812 1468 880 1508; x_wconf 89' lang='lat'><strong>18.</strong></span> <span class='ocrx_word' id='word_1_195' title='bbox 941 1469 1066 1506; x_wconf 68' lang='lat' dir='ltr'><strong>Beier.</strong></span> <span class='ocrx_word' id='word_1_196' title='bbox 1093 1470 1142 1506; x_wconf 76' lang='lat' dir='ltr'><strong>ad</strong></span> <span class='ocrx_word' id='word_1_197' title='bbox 1173 1468 1254 1505; x_wconf 69' lang='lat' dir='ltr'><strong>Cic.</strong></span> <span class='ocrx_word' id='word_1_198' title='bbox 1282 1467 1398 1506; x_wconf 73' lang='lat' dir='ltr'><strong>offic.</strong></span> <span class='ocrx_word' id='word_1_199' title='bbox 1434 1469 1482 1517; x_wconf 81' lang='lat'><strong>1,</strong></span> <span class='ocrx_word' id='word_1_200' title='bbox 1510 1467 1558 1516; x_wconf 83' lang='lat'><strong>5,</strong></span> <span class='ocrx_word' id='word_1_201' title='bbox 1587 1463 1655 1506; x_wconf 81' lang='lat'><strong>46.</strong></span> 
     </span>
    </p>
   </div>
   <div class='ocr_carea' id='block_1_10' title="bbox 30 1533 1658 1587">
    <p class='ocr_par' dir='ltr' id='par_1_10' title="bbox 30 1533 1658 1587">
     <span class='ocr_line' id='line_1_20' title="bbox 30 1533 1658 1587; baseline -0.001 -14"><span class='ocrx_word' id='word_1_202' title='bbox 30 1548 31 1562; x_wconf 73' lang='lat'>³</span> <span class='ocrx_word' id='word_1_203' title='bbox 105 1534 251 1573; x_wconf 89' lang='lat' dir='ltr'><strong>Ochsn.</strong></span> <span class='ocrx_word' id='word_1_204' title='bbox 283 1536 333 1572; x_wconf 90' lang='lat' dir='ltr'><strong>ad</strong></span> <span class='ocrx_word' id='word_1_205' title='bbox 365 1535 446 1573; x_wconf 90' lang='lat' dir='ltr'><strong>Cic.</strong></span> <span class='ocrx_word' id='word_1_206' title='bbox 475 1534 610 1585; x_wconf 83' lang='lat' dir='ltr'><strong>Eclog.</strong></span> <span class='ocrx_word' id='word_1_207' title='bbox 641 1549 680 1586; x_wconf 89' lang='lat' dir='ltr'><strong>p.</strong></span> <span class='ocrx_word' id='word_1_208' title='bbox 715 1534 810 1576; x_wconf 90' lang='grc'>194.</span> <span class='ocrx_word' id='word_1_209' title='bbox 849 1541 1031 1575; x_wconf 87' lang='lat' dir='ltr'><strong>annotata</strong></span> <span class='ocrx_word' id='word_1_210' title='bbox 1059 1539 1105 1575; x_wconf 89' lang='lat' dir='ltr'><strong>ad</strong></span> <span class='ocrx_word' id='word_1_211' title='bbox 1135 1536 1260 1587; x_wconf 85' lang='lat' dir='ltr'><strong>Epist.</strong></span> <span class='ocrx_word' id='word_1_212' title='bbox 1301 1538 1348 1586; x_wconf 91' lang='lat'><strong>1,</strong></span> <span class='ocrx_word' id='word_1_213' title='bbox 1383 1538 1430 1586; x_wconf 88' lang='lat'><strong>1,</strong></span> <span class='ocrx_word' id='word_1_214' title='bbox 1473 1537 1541 1578; x_wconf 87' lang='lat'><strong>27.</strong></span> <span class='ocrx_word' id='word_1_215' title='bbox 1571 1533 1658 1584; x_wconf 85' lang='lat'><strong>41.‚</strong></span> 
     </span>
    </p>
   </div>
   <div class='ocr_carea' id='block_1_11' title="bbox 0 1575 101 2819">
    <p class='ocr_par' dir='ltr' id='par_1_11' title="bbox 0 1575 101 2819">
     <span class='ocr_line' id='line_1_21' title="bbox 0 1575 101 2819; baseline 0 -1182"><span class='ocrx_word' id='word_1_216' title='bbox 0 1575 101 2819; x_wconf 95' lang='lat' dir='ltr'><strong>    </strong></span> 
     </span>
    </p>
   </div>
   <div class='ocr_carea' id='block_1_12' title="bbox 3 1599 1658 1730">
    <p class='ocr_par' dir='ltr' id='par_1_12' title="bbox 3 1599 1658 1733">
     <span class='ocr_line' id='line_1_22' title="bbox 18 1599 1658 1656; baseline 0.001 -15"><span class='ocrx_word' id='word_1_217' title='bbox 18 1599 29 1635; x_wconf 50' lang='grc' dir='ltr'><strong>ι’</strong></span> <span class='ocrx_word' id='word_1_218' title='bbox 101 1603 142 1641; x_wconf 89' lang='lat' dir='ltr'><strong>in</strong></span> <span class='ocrx_word' id='word_1_219' title='bbox 163 1603 262 1641; x_wconf 85' lang='lat' dir='ltr'><strong>hanc</strong></span> <span class='ocrx_word' id='word_1_220' title='bbox 292 1603 461 1642; x_wconf 86' lang='lat' dir='ltr'><strong>Schmid.</strong></span> <span class='ocrx_word' id='word_1_221' title='bbox 489 1604 538 1640; x_wconf 90' lang='lat' dir='ltr'><strong>ad</strong></span> <span class='ocrx_word' id='word_1_222' title='bbox 566 1603 691 1654; x_wconf 85' lang='lat' dir='ltr'><strong>Epist.</strong></span> <span class='ocrx_word' id='word_1_223' title='bbox 718 1605 767 1654; x_wconf 89' lang='grc'><strong>1,</strong></span> <span class='ocrx_word' id='word_1_224' title='bbox 801 1607 878 1656; x_wconf 88' lang='grc'><strong>18,</strong></span> <span class='ocrx_word' id='word_1_225' title='bbox 916 1605 956 1644; x_wconf 86' lang='grc'><strong>9.</strong></span> <span class='ocrx_word' id='word_1_226' title='bbox 1017 1605 1136 1644; x_wconf 90' lang='lat' dir='ltr'><strong>Orell.</strong></span> <span class='ocrx_word' id='word_1_227' title='bbox 1164 1606 1211 1642; x_wconf 90' lang='lat' dir='ltr'><strong>ad</strong></span> <span class='ocrx_word' id='word_1_228' title='bbox 1239 1605 1321 1642; x_wconf 91' lang='lat' dir='ltr'><strong>Cic.</strong></span> <span class='ocrx_word' id='word_1_229' title='bbox 1349 1604 1469 1642; x_wconf 89' lang='lat' dir='ltr'><strong>Tusc.</strong></span> <span class='ocrx_word' id='word_1_230' title='bbox 1498 1602 1547 1653; x_wconf 90' lang='grc'><strong>4,</strong></span> <span class='ocrx_word' id='word_1_231' title='bbox 1586 1603 1658 1652; x_wconf 88' lang='grc'><strong>20,</strong></span> 
     </span>
     <span class='ocr_line' id='line_1_23' title="bbox 3 1666 1656 1730; baseline 0.002 -21"><span class='ocrx_word' id='word_1_232' title='bbox 3 1715 15 1730; x_wconf 24' lang='grc' dir='ltr'><strong><em>ᾖ</em></strong></span> <span class='ocrx_word' id='word_1_233' title='bbox 101 1666 177 1710; x_wconf 87' lang='grc'>46.</span> <span class='ocrx_word' id='word_1_234' title='bbox 236 1669 386 1709; x_wconf 85' lang='lat' dir='ltr'><strong>Walch.</strong></span> <span class='ocrx_word' id='word_1_235' title='bbox 424 1673 473 1710; x_wconf 89' lang='lat' dir='ltr'><strong>ad</strong></span> <span class='ocrx_word' id='word_1_236' title='bbox 502 1671 629 1710; x_wconf 88' lang='lat' dir='ltr'><strong>Tacit.</strong></span> <span class='ocrx_word' id='word_1_237' title='bbox 660 1671 789 1723; x_wconf 87' lang='lat' dir='ltr'><strong>Agric.</strong></span> <span class='ocrx_word' id='word_1_238' title='bbox 817 1673 869 1723; x_wconf 85' lang='grc'><strong>4,</strong></span> <span class='ocrx_word' id='word_1_239' title='bbox 920 1675 959 1714; x_wconf 89' lang='grc'>8.</span> <span class='ocrx_word' id='word_1_240' title='bbox 1019 1674 1181 1725; x_wconf 87' lang='lat' dir='ltr'><strong>Rupert.</strong></span> <span class='ocrx_word' id='word_1_241' title='bbox 1212 1675 1262 1711; x_wconf 92' lang='lat' dir='ltr'><strong>ad</strong></span> <span class='ocrx_word' id='word_1_242' title='bbox 1299 1673 1434 1711; x_wconf 85' lang='lat' dir='ltr'><strong>Juven.</strong></span> <span class='ocrx_word' id='word_1_243' title='bbox 1467 1673 1517 1723; x_wconf 91' lang='grc'><strong>6,</strong></span> <span class='ocrx_word' id='word_1_244' title='bbox 1559 1670 1656 1714; x_wconf 79' lang='grc'>444-</span> 
     </span>
    </p>
   </div>
   <div class='ocr_carea' id='block_1_13' title="bbox 102 1736 1659 1932">
    <p class='ocr_par' dir='ltr' id='par_1_13' title="bbox 102 1736 1659 1932">
     <span class='ocr_line' id='line_1_24' title="bbox 105 1736 850 1791; baseline 0.007 -16"><span class='ocrx_word' id='word_1_245' title='bbox 105 1736 292 1777; x_wconf 83' lang='lat' dir='ltr'><strong>Valcken.</strong></span> <span class='ocrx_word' id='word_1_246' title='bbox 322 1741 372 1778; x_wconf 90' lang='lat' dir='ltr'><strong>ad</strong></span> <span class='ocrx_word' id='word_1_247' title='bbox 398 1739 533 1791; x_wconf 90' lang='lat' dir='ltr'><strong>Eurip.</strong></span> <span class='ocrx_word' id='word_1_248' title='bbox 563 1740 720 1791; x_wconf 86' lang='lat' dir='ltr'><strong>Hippol.</strong></span> <span class='ocrx_word' id='word_1_249' title='bbox 754 1739 850 1784; x_wconf 78' lang='lat'><strong>264.</strong></span> 
     </span>
     <span class='ocr_line' id='line_1_25' title="bbox 216 1805 1659 1860; baseline 0 -14"><span class='ocrx_word' id='word_1_250' title='bbox 216 1805 263 1846; x_wconf 87' lang='lat' dir='ltr'><strong>V.</strong></span> <span class='ocrx_word' id='word_1_251' title='bbox 297 1809 364 1849; x_wconf 87' lang='grc'>17.</span> <span class='ocrx_word' id='word_1_252' title='bbox 397 1809 464 1849; x_wconf 90' lang='grc'>18.</span> <span class='ocrx_word' id='word_1_253' title='bbox 524 1809 555 1846; x_wconf 85' lang='grc' dir='ltr'><em>Ι</em></span> <span class='ocrx_word' id='word_1_254' title='bbox 577 1823 687 1846; x_wconf 80' lang='lat' dir='ltr'><strong>nunc</strong></span> <span class='ocrx_word' id='word_1_255' title='bbox 724 1832 780 1840; x_wconf 77' lang='lat'><strong>—-</strong></span> <span class='ocrx_word' id='word_1_256' title='bbox 823 1810 982 1848; x_wconf 78' lang='lat' dir='ltr'><strong>colores.</strong></span> <span class='ocrx_word' id='word_1_257' title='bbox 1045 1811 1225 1860; x_wconf 84' lang='lat' dir='ltr'><strong>„Quodsi</strong></span> <span class='ocrx_word' id='word_1_258' title='bbox 1260 1823 1308 1847; x_wconf 85' lang='lat' dir='ltr'><strong>ne</strong></span> <span class='ocrx_word' id='word_1_259' title='bbox 1344 1811 1463 1847; x_wconf 87' lang='lat' dir='ltr'><strong>virtus</strong></span> <span class='ocrx_word' id='word_1_260' title='bbox 1505 1809 1659 1859; x_wconf 81' lang='lat' dir='ltr'><strong>quidem</strong></span> 
     </span>
     <span class='ocr_line' id='line_1_26' title="bbox 102 1874 1658 1932; baseline 0.001 -19"><span class='ocrx_word' id='word_1_261' title='bbox 102 1874 204 1914; x_wconf 84' lang='lat' dir='ltr'><strong>ultra</strong></span> <span class='ocrx_word' id='word_1_262' title='bbox 231 1876 387 1914; x_wconf 89' lang='lat' dir='ltr'><strong>modum</strong></span> <span class='ocrx_word' id='word_1_263' title='bbox 415 1879 630 1929; x_wconf 88' lang='lat' dir='ltr'><strong>appetenda</strong></span> <span class='ocrx_word' id='word_1_264' title='bbox 659 1882 742 1929; x_wconf 81' lang='lat' dir='ltr'><strong>est,</strong></span> <span class='ocrx_word' id='word_1_265' title='bbox 790 1893 880 1917; x_wconf 88' lang='lat' dir='ltr'><strong>num</strong></span> <span class='ocrx_word' id='word_1_266' title='bbox 906 1877 1034 1917; x_wconf 85' lang='lat' dir='ltr'><strong>licebit</strong></span> <span class='ocrx_word' id='word_1_267' title='bbox 1062 1885 1263 1932; x_wconf 84' lang='lat' dir='ltr'><strong>argentum</strong></span> <span class='ocrx_word' id='word_1_268' title='bbox 1301 1884 1417 1929; x_wconf 88' lang='lat' dir='ltr'><strong>atque</strong></span> <span class='ocrx_word' id='word_1_269' title='bbox 1457 1877 1530 1915; x_wconf 87' lang='lat' dir='ltr'><strong>alia</strong></span> <span class='ocrx_word' id='word_1_270' title='bbox 1569 1877 1658 1915; x_wconf 89' lang='lat' dir='ltr'><strong>talia</strong></span> 
     </span>
    </p>
   </div>
   <div class='ocr_carea' id='block_1_14' title="bbox 4 1945 1659 2748">
    <p class='ocr_par' dir='ltr' id='par_1_14' title="bbox 0 1932 1659 2748">
     <span class='ocr_line' id='line_1_27' title="bbox 103 1945 1657 1998; baseline 0.001 -16.94"><span class='ocrx_word' id='word_1_271' title='bbox 103 1945 220 1995; x_wconf 85' lang='lat' dir='ltr'><strong>digna</strong></span> <span class='ocrx_word' id='word_1_272' title='bbox 248 1957 406 1982; x_wconf 85' lang='lat' dir='ltr'><strong>censere</strong></span> <span class='ocrx_word' id='word_1_273' title='bbox 432 1949 541 1984; x_wconf 85' lang='lat' dir='ltr'><strong>tanta</strong></span> <span class='ocrx_word' id='word_1_274' title='bbox 568 1946 890 1985; x_wconf 72' lang='lat' dir='ltr'><strong>admiratione?“</strong></span> <span class='ocrx_word' id='word_1_275' title='bbox 917 1947 1062 1987; x_wconf 87' lang='lat' dir='ltr'><strong>Dubito</strong></span> <span class='ocrx_word' id='word_1_276' title='bbox 1093 1954 1236 1998; x_wconf 81' lang='lat' dir='ltr'><strong>autem,</strong></span> <span class='ocrx_word' id='word_1_277' title='bbox 1264 1962 1356 1986; x_wconf 89' lang='lat' dir='ltr'><strong>num</strong></span> <span class='ocrx_word' id='word_1_278' title='bbox 1384 1947 1482 1984; x_wconf 84' lang='lat' dir='ltr'><strong>hanc</strong></span> <span class='ocrx_word' id='word_1_279' title='bbox 1511 1947 1657 1983; x_wconf 87' lang='lat' dir='ltr'><strong>formu-</strong></span> 
     </span>
     <span class='ocr_line' id='line_1_28' title="bbox 104 2013 1658 2068; baseline 0.004 -24.561"><span class='ocrx_word' id='word_1_280' title='bbox 104 2013 181 2051; x_wconf 87' lang='lat' dir='ltr'><strong>lam</strong></span> <span class='ocrx_word' id='word_1_281' title='bbox 205 2013 301 2052; x_wconf 90' lang='lat' dir='ltr'><strong>Hor.</strong></span> <span class='ocrx_word' id='word_1_282' title='bbox 330 2013 502 2051; x_wconf 80' lang='lat' dir='ltr'><strong>retulerit</strong></span> <span class='ocrx_word' id='word_1_283' title='bbox 531 2014 643 2051; x_wconf 90' lang='lat' dir='ltr'><strong>simul</strong></span> <span class='ocrx_word' id='word_1_284' title='bbox 672 2016 721 2052; x_wconf 86' lang='lat' dir='ltr'><strong>ad</strong></span> <span class='ocrx_word' id='word_1_285' title='bbox 749 2029 883 2052; x_wconf 86' lang='lat' dir='ltr'><strong>versus</strong></span> <span class='ocrx_word' id='word_1_286' title='bbox 912 2018 1060 2066; x_wconf 85' lang='lat' dir='ltr'><strong>priores</strong></span> <span class='ocrx_word' id='word_1_287' title='bbox 1089 2017 1133 2068; x_wconf 88' lang='lat'><strong>(9</strong></span> <span class='ocrx_word' id='word_1_288' title='bbox 1154 2039 1212 2046; x_wconf 84' lang='lat'><strong>——-</strong></span> <span class='ocrx_word' id='word_1_289' title='bbox 1235 2015 1328 2067; x_wconf 89' lang='grc'>16),</span> <span class='ocrx_word' id='word_1_290' title='bbox 1370 2015 1474 2066; x_wconf 86' lang='lat' dir='ltr'><strong>quod</strong></span> <span class='ocrx_word' id='word_1_291' title='bbox 1504 2014 1658 2063; x_wconf 88' lang='lat' dir='ltr'><strong>quidem</strong></span> 
     </span>
     <span class='ocr_line' id='line_1_29' title="bbox 14 2078 1658 2134; baseline -0.001 -14"><span class='ocrx_word' id='word_1_292' title='bbox 14 2078 35 2131; x_wconf 59' lang='grc' dir='ltr'>ἰ</span> <span class='ocrx_word' id='word_1_293' title='bbox 104 2083 281 2133; x_wconf 84' lang='lat' dir='ltr'><strong>opinatur</strong></span> <span class='ocrx_word' id='word_1_294' title='bbox 310 2080 499 2118; x_wconf 71' lang='lat' dir='ltr'><strong>oremus.</strong></span> <span class='ocrx_word' id='word_1_295' title='bbox 563 2082 744 2120; x_wconf 87' lang='lat' dir='ltr'><strong>Ceterum</strong></span> <span class='ocrx_word' id='word_1_296' title='bbox 768 2088 927 2134; x_wconf 90' lang='lat' dir='ltr'><strong>propter</strong></span> <span class='ocrx_word' id='word_1_297' title='bbox 953 2085 1113 2122; x_wconf 86' lang='lat' dir='ltr'><strong>similem</strong></span> <span class='ocrx_word' id='word_1_298' title='bbox 1141 2097 1310 2132; x_wconf 83' lang='lat' dir='ltr'><strong>causam,</strong></span> <span class='ocrx_word' id='word_1_299' title='bbox 1337 2085 1362 2120; x_wconf 89' lang='lat' dir='ltr'><strong>i.</strong></span> <span class='ocrx_word' id='word_1_300' title='bbox 1384 2096 1419 2120; x_wconf 92' lang='lat' dir='ltr'><strong>e.</strong></span> <span class='ocrx_word' id='word_1_301' title='bbox 1442 2082 1658 2119; x_wconf 90' lang='lat' dir='ltr'><strong>libertatem</strong></span> 
     </span>
     <span class='ocr_line' id='line_1_30' title="bbox 103 2148 1659 2202; baseline 0 -14"><span class='ocrx_word' id='word_1_302' title='bbox 103 2163 128 2188; x_wconf 87' lang='lat' dir='ltr'><strong>a</strong></span> <span class='ocrx_word' id='word_1_303' title='bbox 154 2149 395 2201; x_wconf 85' lang='lat' dir='ltr'><strong>philosophia</strong></span> <span class='ocrx_word' id='word_1_304' title='bbox 420 2149 647 2199; x_wconf 82' lang='lat' dir='ltr'><strong>profectam,</strong></span> <span class='ocrx_word' id='word_1_305' title='bbox 670 2149 854 2201; x_wconf 85' lang='lat' dir='ltr'><strong>Nigrinus</strong></span> <span class='ocrx_word' id='word_1_306' title='bbox 880 2165 942 2202; x_wconf 90' lang='lat' dir='ltr'><strong>ap.</strong></span> <span class='ocrx_word' id='word_1_307' title='bbox 967 2151 1127 2190; x_wconf 89' lang='lat' dir='ltr'><strong>Lucian.</strong></span> <span class='ocrx_word' id='word_1_308' title='bbox 1156 2151 1196 2190; x_wconf 84' lang='lat'><strong>4.</strong></span> <span class='ocrx_word' id='word_1_309' title='bbox 1227 2151 1365 2188; x_wconf 88' lang='lat' dir='ltr'><strong>dicitur</strong></span> <span class='ocrx_word' id='word_1_310' title='bbox 1392 2148 1659 2202; x_wconf 77' lang='grc' dir='ltr'><em>καταγελάσαι</em></span> 
     </span>
     <span class='ocr_line' id='line_1_31' title="bbox 4 2205 1658 2273; baseline -0.001 -14"><span class='ocrx_word' id='word_1_311' title='bbox 4 2205 41 2270; x_wconf 17' lang='grc' dir='ltr'><strong>»ᾗ</strong></span> <span class='ocrx_word' id='word_1_312' title='bbox 103 2220 186 2259; x_wconf 74' lang='grc' dir='ltr'><strong>τῶν</strong></span> <span class='ocrx_word' id='word_1_313' title='bbox 220 2219 394 2273; x_wconf 72' lang='grc' dir='ltr'><em>δημοσίᾳ</em></span> <span class='ocrx_word' id='word_1_314' title='bbox 424 2216 700 2269; x_wconf 79' lang='grc' dir='ltr'><strong><em>νομιζομένων</em></strong></span> <span class='ocrx_word' id='word_1_315' title='bbox 731 2215 924 2272; x_wconf 68' lang='grc' dir='ltr'>ἀγαθῶν,</span> <span class='ocrx_word' id='word_1_316' title='bbox 973 2215 1151 2260; x_wconf 79' lang='grc' dir='ltr'><em>πλούτου</em></span> <span class='ocrx_word' id='word_1_317' title='bbox 1183 2218 1250 2259; x_wconf 83' lang='grc' dir='ltr'><strong>καὶ</strong></span> <span class='ocrx_word' id='word_1_318' title='bbox 1291 2215 1412 2270; x_wconf 80' lang='grc' dir='ltr'><em>δόξης</em></span> <span class='ocrx_word' id='word_1_319' title='bbox 1441 2217 1509 2258; x_wconf 84' lang='grc' dir='ltr'><strong>καὶ</strong></span> <span class='ocrx_word' id='word_1_320' title='bbox 1539 2219 1658 2270; x_wconf 89' lang='grc' dir='ltr'><em>βασι-</em></span> 
     </span>
     <span class='ocr_line' id='line_1_32' title="bbox 10 2274 1657 2340; baseline -0.001 -14.006"><span class='ocrx_word' id='word_1_321' title='bbox 10 2274 21 2311; x_wconf 52' lang='lat'>5</span> <span class='ocrx_word' id='word_1_322' title='bbox 104 2286 214 2334; x_wconf 73' lang='grc' dir='ltr'><em>λείοις</em></span> <span class='ocrx_word' id='word_1_323' title='bbox 251 2285 321 2326; x_wconf 83' lang='grc' dir='ltr'><strong>καὶ</strong></span> <span class='ocrx_word' id='word_1_324' title='bbox 357 2287 497 2337; x_wconf 81' lang='grc' dir='ltr'>τιμῆς,</span> <span class='ocrx_word' id='word_1_325' title='bbox 558 2285 613 2326; x_wconf 76' lang='grc' dir='ltr'><strong>ἔτι</strong></span> <span class='ocrx_word' id='word_1_326' title='bbox 647 2300 688 2325; x_wconf 85' lang='grc' dir='ltr'><strong>τε</strong></span> <span class='ocrx_word' id='word_1_327' title='bbox 722 2290 872 2339; x_wconf 79' lang='grc' dir='ltr'><em>χρυσοῦ</em></span> <span class='ocrx_word' id='word_1_328' title='bbox 902 2287 970 2328; x_wconf 84' lang='grc' dir='ltr'><strong>καὶ</strong></span> <span class='ocrx_word' id='word_1_329' title='bbox 999 2283 1214 2340; x_wconf 82' lang='grc' dir='ltr'><em>πορφύρας</em></span> <span class='ocrx_word' id='word_1_330' title='bbox 1244 2292 1318 2325; x_wconf 85' lang='lat' dir='ltr'><strong>etc.</strong></span> <span class='ocrx_word' id='word_1_331' title='bbox 1378 2287 1499 2326; x_wconf 86' lang='lat' dir='ltr'><strong>Aliter</strong></span> <span class='ocrx_word' id='word_1_332' title='bbox 1529 2292 1657 2325; x_wconf 86' lang='lat' dir='ltr'><strong>autem</strong></span> 
     </span>
     <span class='ocr_line' id='line_1_33' title="bbox 6 2352 1656 2410; baseline 0 -16"><span class='ocrx_word' id='word_1_333' title='bbox 6 2352 43 2410; x_wconf 41' lang='lat' dir='ltr'><strong>:ss</strong></span> <span class='ocrx_word' id='word_1_334' title='bbox 105 2355 281 2394; x_wconf 87' lang='lat' dir='ltr'><strong>ordinant</strong></span> <span class='ocrx_word' id='word_1_335' title='bbox 317 2353 388 2392; x_wconf 88' lang='lat' dir='ltr'><strong>hos</strong></span> <span class='ocrx_word' id='word_1_336' title='bbox 433 2366 566 2391; x_wconf 89' lang='lat' dir='ltr'><strong>versus</strong></span> <span class='ocrx_word' id='word_1_337' title='bbox 597 2354 853 2406; x_wconf 66' lang='lat' dir='ltr'><strong>Brieglehias</strong></span> <span class='ocrx_word' id='word_1_338' title='bbox 883 2361 922 2394; x_wconf 89' lang='lat' dir='ltr'><strong>et</strong></span> <span class='ocrx_word' id='word_1_339' title='bbox 960 2357 1232 2406; x_wconf 77' lang='lat' dir='ltr'><strong>Doeringius,</strong></span> <span class='ocrx_word' id='word_1_340' title='bbox 1281 2370 1442 2406; x_wconf 87' lang='lat' dir='ltr'><strong>quorum</strong></span> <span class='ocrx_word' id='word_1_341' title='bbox 1476 2355 1538 2393; x_wconf 91' lang='lat' dir='ltr'><strong>ille</strong></span> <span class='ocrx_word' id='word_1_342' title='bbox 1567 2369 1656 2394; x_wconf 89' lang='lat' dir='ltr'><strong>sen-</strong></span> 
     </span>
     <span class='ocr_line' id='line_1_34' title="bbox 104 2422 1656 2475; baseline -0.001 -12.121"><span class='ocrx_word' id='word_1_343' title='bbox 104 2425 262 2466; x_wconf 79' lang='lat' dir='ltr'><strong>tentiam</strong></span> <span class='ocrx_word' id='word_1_344' title='bbox 303 2422 376 2461; x_wconf 91' lang='lat' dir='ltr'><strong>hoe</strong></span> <span class='ocrx_word' id='word_1_345' title='bbox 412 2423 494 2460; x_wconf 88' lang='lat' dir='ltr'><strong>fere</strong></span> <span class='ocrx_word' id='word_1_346' title='bbox 529 2424 644 2461; x_wconf 92' lang='lat' dir='ltr'><strong>modo</strong></span> <span class='ocrx_word' id='word_1_347' title='bbox 684 2424 845 2462; x_wconf 87' lang='lat' dir='ltr'><strong>indicat:</strong></span> <span class='ocrx_word' id='word_1_348' title='bbox 900 2425 1114 2474; x_wconf 81' lang='lat' dir='ltr'><strong>„Quamvis</strong></span> <span class='ocrx_word' id='word_1_349' title='bbox 1152 2426 1334 2474; x_wconf 88' lang='lat' dir='ltr'><strong>pecuniae</strong></span> <span class='ocrx_word' id='word_1_350' title='bbox 1372 2430 1488 2475; x_wconf 86' lang='lat' dir='ltr'><strong>atque</strong></span> <span class='ocrx_word' id='word_1_351' title='bbox 1517 2425 1656 2462; x_wconf 89' lang='lat' dir='ltr'><strong>artium</strong></span> 
     </span>
     <span class='ocr_line' id='line_1_35' title="bbox 9 2490 1654 2544; baseline -0.001 -13"><span class='ocrx_word' id='word_1_352' title='bbox 9 2501 25 2517; x_wconf 79' lang='grc'><strong>’</strong></span> <span class='ocrx_word' id='word_1_353' title='bbox 106 2491 242 2544; x_wconf 84' lang='lat' dir='ltr'><strong>opibus</strong></span> <span class='ocrx_word' id='word_1_354' title='bbox 275 2493 432 2531; x_wconf 88' lang='lat' dir='ltr'><strong>studeas</strong></span> <span class='ocrx_word' id='word_1_355' title='bbox 470 2490 524 2542; x_wconf 88' lang='lat' dir='ltr'><strong>(v.</strong></span> <span class='ocrx_word' id='word_1_356' title='bbox 566 2493 634 2532; x_wconf 88' lang='lat'><strong>17.</strong></span> <span class='ocrx_word' id='word_1_357' title='bbox 666 2491 774 2543; x_wconf 86' lang='lat'><strong>18.);</strong></span> <span class='ocrx_word' id='word_1_358' title='bbox 822 2494 992 2541; x_wconf 89' lang='lat' dir='ltr'><strong>quamvis</strong></span> <span class='ocrx_word' id='word_1_359' title='bbox 1029 2494 1256 2532; x_wconf 84' lang='lat' dir='ltr'><strong>auctoritate</strong></span> <span class='ocrx_word' id='word_1_360' title='bbox 1291 2493 1442 2543; x_wconf 88' lang='lat' dir='ltr'><strong>publica</strong></span> <span class='ocrx_word' id='word_1_361' title='bbox 1485 2494 1654 2543; x_wconf 84' lang='lat' dir='ltr'><strong>gaudeas</strong></span> 
     </span>
     <span class='ocr_line' id='line_1_36' title="bbox 11 2550 1653 2614; baseline -0.002 -15"><span class='ocrx_word' id='word_1_362' title='bbox 11 2550 53 2614; x_wconf 47' lang='lat' dir='ltr'><strong>..ili</strong></span> <span class='ocrx_word' id='word_1_363' title='bbox 105 2559 161 2611; x_wconf 89' lang='lat' dir='ltr'><strong>(v.</strong></span> <span class='ocrx_word' id='word_1_364' title='bbox 186 2559 293 2612; x_wconf 89' lang='lat'><strong>19.);</strong></span> <span class='ocrx_word' id='word_1_365' title='bbox 321 2561 492 2610; x_wconf 85' lang='lat' dir='ltr'><strong>quamvis</strong></span> <span class='ocrx_word' id='word_1_366' title='bbox 520 2561 676 2610; x_wconf 83' lang='lat' dir='ltr'><strong>negotia</strong></span> <span class='ocrx_word' id='word_1_367' title='bbox 704 2561 872 2598; x_wconf 86' lang='lat' dir='ltr'><strong>forensia</strong></span> <span class='ocrx_word' id='word_1_368' title='bbox 901 2573 1047 2599; x_wconf 89' lang='lat' dir='ltr'><strong>summa</strong></span> <span class='ocrx_word' id='word_1_369' title='bbox 1075 2563 1110 2599; x_wconf 87' lang='lat' dir='ltr'><strong>vi</strong></span> <span class='ocrx_word' id='word_1_370' title='bbox 1140 2565 1283 2598; x_wconf 84' lang='lat' dir='ltr'><strong>tractes</strong></span> <span class='ocrx_word' id='word_1_371' title='bbox 1310 2559 1363 2612; x_wconf 90' lang='lat' dir='ltr'><strong>(v.</strong></span> <span class='ocrx_word' id='word_1_372' title='bbox 1383 2559 1489 2611; x_wconf 84' lang='lat'><strong>20.);</strong></span> <span class='ocrx_word' id='word_1_373' title='bbox 1521 2573 1653 2610; x_wconf 86' lang='lat' dir='ltr'><strong>quam-</strong></span> 
     </span>
     <span class='ocr_line' id='line_1_37' title="bbox 106 2626 1653 2679; baseline 0 -13"><span class='ocrx_word' id='word_1_374' title='bbox 106 2630 163 2666; x_wconf 88' lang='lat' dir='ltr'><strong>vis</strong></span> <span class='ocrx_word' id='word_1_375' title='bbox 185 2626 327 2665; x_wconf 85' lang='lat' dir='ltr'><strong>habeas</strong></span> <span class='ocrx_word' id='word_1_376' title='bbox 350 2640 505 2665; x_wconf 86' lang='lat' dir='ltr'><strong>uxorem</strong></span> <span class='ocrx_word' id='word_1_377' title='bbox 536 2629 760 2666; x_wconf 89' lang='lat' dir='ltr'><strong>ditissimam</strong></span> <span class='ocrx_word' id='word_1_378' title='bbox 786 2627 954 2679; x_wconf 79' lang='lat' dir='ltr'><strong>(v.21.)‚</strong></span> <span class='ocrx_word' id='word_1_379' title='bbox 983 2642 1059 2667; x_wconf 89' lang='lat' dir='ltr'><strong>uno</strong></span> <span class='ocrx_word' id='word_1_380' title='bbox 1089 2629 1220 2679; x_wconf 78' lang='lat' dir='ltr'><strong>verbo,</strong></span> <span class='ocrx_word' id='word_1_381' title='bbox 1251 2629 1422 2679; x_wconf 88' lang='lat' dir='ltr'><strong>quamvis</strong></span> <span class='ocrx_word' id='word_1_382' title='bbox 1445 2627 1545 2666; x_wconf 88' lang='lat' dir='ltr'><strong>bona</strong></span> <span class='ocrx_word' id='word_1_383' title='bbox 1573 2632 1653 2666; x_wconf 88' lang='lat' dir='ltr'><strong>ter-</strong></span> 
     </span>
     <span class='ocr_line' id='line_1_38' title="bbox 107 2696 1653 2748; baseline -0.001 -13.056"><span class='ocrx_word' id='word_1_384' title='bbox 107 2696 245 2735; x_wconf 83' lang='lat' dir='ltr'><strong>restria</strong></span> <span class='ocrx_word' id='word_1_385' title='bbox 269 2697 487 2747; x_wconf 85' lang='lat' dir='ltr'><strong>possideas:</strong></span> <span class='ocrx_word' id='word_1_386' title='bbox 522 2701 651 2735; x_wconf 83' lang='lat' dir='ltr'><strong>tamen</strong></span> <span class='ocrx_word' id='word_1_387' title='bbox 679 2698 788 2748; x_wconf 90' lang='lat' dir='ltr'><strong>hujus</strong></span> <span class='ocrx_word' id='word_1_388' title='bbox 811 2698 961 2748; x_wconf 85' lang='lat' dir='ltr'><strong>generis</strong></span> <span class='ocrx_word' id='word_1_389' title='bbox 993 2698 1118 2736; x_wconf 90' lang='lat' dir='ltr'><strong>omnia</strong></span> <span class='ocrx_word' id='word_1_390' title='bbox 1142 2697 1178 2734; x_wconf 92' lang='lat' dir='ltr'><strong>vi</strong></span> <span class='ocrx_word' id='word_1_391' title='bbox 1206 2698 1390 2747; x_wconf 88' lang='lat' dir='ltr'><strong>temporis</strong></span> <span class='ocrx_word' id='word_1_392' title='bbox 1415 2697 1653 2735; x_wconf 85' lang='lat' dir='ltr'><strong>immutatum</strong></span> 
     </span>
    </p>
   </div>
   <div class='ocr_carea' id='block_1_15' title="bbox 107 2761 1650 2817">
    <p class='ocr_par' dir='ltr' id='par_1_15' title="bbox 107 2761 1650 2817">
     <span class='ocr_line' id='line_1_39' title="bbox 107 2761 1650 2817; baseline 0.001 -17"><span class='ocrx_word' id='word_1_393' title='bbox 107 2762 152 2800; x_wconf 90' lang='lat' dir='ltr'><strong>iri</strong></span> <span class='ocrx_word' id='word_1_394' title='bbox 176 2761 231 2815; x_wconf 90' lang='lat' dir='ltr'><strong>(v.</strong></span> <span class='ocrx_word' id='word_1_395' title='bbox 257 2763 324 2805; x_wconf 86' lang='lat'><strong>24.</strong></span> <span class='ocrx_word' id='word_1_396' title='bbox 346 2761 447 2814; x_wconf 58' lang='lat'><strong>25),</strong></span> <span class='ocrx_word' id='word_1_397' title='bbox 476 2775 520 2801; x_wconf 91' lang='lat' dir='ltr'><strong>ac</strong></span> <span class='ocrx_word' id='word_1_398' title='bbox 551 2765 686 2803; x_wconf 86' lang='lat' dir='ltr'><strong>saltem</strong></span> <span class='ocrx_word' id='word_1_399' title='bbox 719 2779 805 2802; x_wconf 90' lang='lat' dir='ltr'><strong>cum</strong></span> <span class='ocrx_word' id='word_1_400' title='bbox 827 2767 902 2803; x_wconf 84' lang='lat' dir='ltr'><strong>vita</strong></span> <span class='ocrx_word' id='word_1_401' title='bbox 929 2767 1097 2816; x_wconf 89' lang='lat' dir='ltr'><strong>peritura</strong></span> <span class='ocrx_word' id='word_1_402' title='bbox 1125 2779 1210 2803; x_wconf 88' lang='lat' dir='ltr'><strong>esse</strong></span> <span class='ocrx_word' id='word_1_403' title='bbox 1236 2766 1289 2817; x_wconf 89' lang='lat' dir='ltr'><strong>(v.</strong></span> <span class='ocrx_word' id='word_1_404' title='bbox 1313 2765 1366 2807; x_wconf 84' lang='lat'><strong>25</strong></span> <span class='ocrx_word' id='word_1_405' title='bbox 1382 2788 1438 2794; x_wconf 80' lang='lat'><strong>—</strong></span> <span class='ocrx_word' id='word_1_406' title='bbox 1455 2762 1542 2816; x_wconf 83' lang='lat'><strong>27.)</strong></span> <span class='ocrx_word' id='word_1_407' title='bbox 1569 2778 1650 2802; x_wconf 81' lang='lat' dir='ltr'><strong>me-</strong></span> 
     </span>
    </p>
   </div>
   <div class='ocr_carea' id='block_1_16' title="bbox 12 2830 1651 2952">
    <p class='ocr_par' dir='ltr' id='par_1_16' title="bbox 12 2826 1651 2952">
     <span class='ocr_line' id='line_1_40' title="bbox 12 2830 1651 2898; baseline 0.001 -30"><span class='ocrx_word' id='word_1_408' title='bbox 12 2834 46 2898; x_wconf 38' lang='lat'><strong>²3}</strong></span> <span class='ocrx_word' id='word_1_409' title='bbox 107 2835 248 2869; x_wconf 82' lang='lat' dir='ltr'><strong>mento.</strong></span> <span class='ocrx_word' id='word_1_410' title='bbox 253 2832 280 2854; x_wconf 73' lang='lat'><strong>‘⁴</strong></span> <span class='ocrx_word' id='word_1_411' title='bbox 338 2830 389 2869; x_wconf 91' lang='lat' dir='ltr'><strong>At</strong></span> <span class='ocrx_word' id='word_1_412' title='bbox 418 2831 510 2868; x_wconf 90' lang='lat' dir='ltr'><strong>haec</strong></span> <span class='ocrx_word' id='word_1_413' title='bbox 538 2833 813 2884; x_wconf 85' lang='lat' dir='ltr'><strong>interpretandi</strong></span> <span class='ocrx_word' id='word_1_414' title='bbox 840 2834 936 2871; x_wconf 86' lang='lat' dir='ltr'><strong>ratio</strong></span> <span class='ocrx_word' id='word_1_415' title='bbox 967 2847 1042 2872; x_wconf 86' lang='lat' dir='ltr'><strong>non</strong></span> <span class='ocrx_word' id='word_1_416' title='bbox 1066 2834 1179 2871; x_wconf 87' lang='lat' dir='ltr'><strong>modo</strong></span> <span class='ocrx_word' id='word_1_417' title='bbox 1199 2834 1423 2872; x_wconf 81' lang='lat' dir='ltr'><strong>adversatur</strong></span> <span class='ocrx_word' id='word_1_418' title='bbox 1443 2833 1543 2871; x_wconf 90' lang='lat' dir='ltr'><strong>omni</strong></span> <span class='ocrx_word' id='word_1_419' title='bbox 1562 2846 1651 2870; x_wconf 90' lang='lat' dir='ltr'><strong>sen-</strong></span> 
     </span>
     <span class='ocr_line' id='line_1_41' title="bbox 12 2898 1651 2952; baseline 0.001 -17"><span class='ocrx_word' id='word_1_420' title='bbox 12 2898 30 2917; x_wconf 64' lang='lat'><em>²</em></span> <span class='ocrx_word' id='word_1_421' title='bbox 106 2899 307 2937; x_wconf 82' lang='lat' dir='ltr'><strong>tentiarum</strong></span> <span class='ocrx_word' id='word_1_422' title='bbox 336 2900 470 2949; x_wconf 78' lang='lat' dir='ltr'><strong>ordini,</strong></span> <span class='ocrx_word' id='word_1_423' title='bbox 501 2912 630 2938; x_wconf 85' lang='lat' dir='ltr'><strong>verum</strong></span> <span class='ocrx_word' id='word_1_424' title='bbox 659 2902 771 2939; x_wconf 83' lang='lat' dir='ltr'><strong>etiam</strong></span> <span class='ocrx_word' id='word_1_425' title='bbox 801 2902 1004 2939; x_wconf 83' lang='lat' dir='ltr'><strong>formulae:</strong></span> <span class='ocrx_word' id='word_1_426' title='bbox 1036 2902 1052 2937; x_wconf 84' lang='lat' dir='ltr'><strong>i</strong></span> <span class='ocrx_word' id='word_1_427' title='bbox 1078 2915 1204 2947; x_wconf 73' lang='lat' dir='ltr'><strong>mmo,</strong></span> <span class='ocrx_word' id='word_1_428' title='bbox 1234 2914 1330 2952; x_wconf 88' lang='lat' dir='ltr'><strong>quae</strong></span> <span class='ocrx_word' id='word_1_429' title='bbox 1350 2902 1400 2939; x_wconf 86' lang='lat' dir='ltr'><strong>ad</strong></span> <span class='ocrx_word' id='word_1_430' title='bbox 1419 2901 1651 2938; x_wconf 84' lang='lat' dir='ltr'><strong>anteceden-</strong></span> 
     </span>
    </p>
   </div>
   <div class='ocr_carea' id='block_1_17' title="bbox 15 2964 1649 3021">
    <p class='ocr_par' dir='ltr' id='par_1_17' title="bbox 15 2964 1649 3021">
     <span class='ocr_line' id='line_1_42' title="bbox 15 2964 1649 3021; baseline 0.002 -18.022"><span class='ocrx_word' id='word_1_431' title='bbox 15 2972 51 3012; x_wconf 51' lang='grc'>5.».-</span> <span class='ocrx_word' id='word_1_432' title='bbox 106 2964 160 3004; x_wconf 74' lang='lat' dir='ltr'><strong>tia</strong></span> <span class='ocrx_word' id='word_1_433' title='bbox 186 2970 230 3004; x_wconf 88' lang='lat' dir='ltr'><strong>ut</strong></span> <span class='ocrx_word' id='word_1_434' title='bbox 258 2966 381 3018; x_wconf 82' lang='lat' dir='ltr'><strong>Epist.</strong></span> <span class='ocrx_word' id='word_1_435' title='bbox 403 2969 444 3018; x_wconf 87' lang='lat'><strong>2,</strong></span> <span class='ocrx_word' id='word_1_436' title='bbox 465 2969 506 3017; x_wconf 88' lang='grc'><strong>2,</strong></span> <span class='ocrx_word' id='word_1_437' title='bbox 533 2970 599 3009; x_wconf 88' lang='lat'><strong>76</strong></span> <span class='ocrx_word' id='word_1_438' title='bbox 625 2968 707 3007; x_wconf 85' lang='lat' dir='ltr'><strong>fere</strong></span> <span class='ocrx_word' id='word_1_439' title='bbox 734 2970 901 3021; x_wconf 89' lang='lat' dir='ltr'><strong>respicit.</strong></span> <span class='ocrx_word' id='word_1_440' title='bbox 962 2969 1016 3008; x_wconf 91' lang='lat' dir='ltr'><strong>Ut</strong></span> <span class='ocrx_word' id='word_1_441' title='bbox 1042 2983 1090 3007; x_wconf 90' lang='lat' dir='ltr'><strong>ne</strong></span> <span class='ocrx_word' id='word_1_442' title='bbox 1120 2969 1216 3008; x_wconf 88' lang='lat' dir='ltr'><strong>ullus</strong></span> <span class='ocrx_word' id='word_1_443' title='bbox 1243 2969 1396 3020; x_wconf 90' lang='lat' dir='ltr'><strong>quidem</strong></span> <span class='ocrx_word' id='word_1_444' title='bbox 1425 2969 1649 3008; x_wconf 88' lang='lat' dir='ltr'><strong>dubitationi</strong></span> 
     </span>
    </p>
   </div>
  </div>
 </body>
</html>
