2054 3268
497 867 1372 945 HORATII

351 1036 650 1084 LIBRI
720 1035 756 1079 Ι.

862 1031 1409 1079 EPISTOLA
1478 1030 1514 1074 1.

629 1174 662 1211 A
680 1173 715 1208 D
772 1170 1242 1208 MAECENATEM.

228 1517 389 1575 Prima
416 1530 531 1577 dicte
558 1532 684 1593 mihi,
733 1547 898 1578 summa
921 1531 1100 1577 dicende
1130 1527 1343 1588 Camena,

226 1609 482 1670 Spectatum
505 1614 614 1658 satis
641 1618 686 1658 et
714 1613 918 1659 donatum
935 1617 1030 1671 jam
1055 1611 1162 1657 rude
1191 1610 1377 1669 quaeris,

227 1691 487 1754 Maecenas,
530 1693 686 1739 iterum
713 1695 886 1753 antiquo
915 1707 984 1739 me
1008 1691 1229 1737 includere
1253 1686 1394 1734 ludo?

204 1822 263 1856 Aa
277 1822 514 1858 Maecenatem
527 1824 718 1861 Allocutio.
757 1826 827 1861 Ms-
845 1838 908 1861 ve-

159 1884 245 1915 tust.
280 1892 338 1927 ap.
374 1880 484 1916 Torr.
551 1882 701 1925 Quintus
737 1884 909 1919 Horatius

159 1938 306 1973 Flaccus
330 1939 522 1974 Mecocnata·
541 1941 579 1975 S.
598 1940 693 1976 Edd.
715 1942 807 1977 Ven.
826 1942 908 1977 479.

160 1996 220 2030 81.
267 1996 429 2042 Epistola
449 1999 567 2042 prima
593 1999 641 2033 ad
661 2000 908 2034 Maecenatem.

161 2053 256 2088 Edd.
268 2054 360 2088 Ven.
373 2054 454 2090 483.
465 2056 523 2090 86.
536 2055 637 2102 Lips.
649 2056 718 2092 492
727 2057 910 2101 [Mecum]

162 2110 264 2145 Flor.
289 2110 358 2146 482
383 2116 419 2146 et
442 2111 553 2147 Loch.
581 2113 742 2159 [Meoem]

196 2168 243 2202 V.
258 2168 290 2202 1.
304 2179 459 2203 camena.
470 2169 558 2204 Mss.
571 2171 691 2205 Guelf.
704 2183 794 2206 omn.
805 2172 909 2206 Dess.

162 2230 200 2260 et
214 2225 315 2272 Lips.
343 2238 435 2261 omn.
455 2227 566 2262 Goth.
595 2228 730 2263 Graev.
758 2241 910 2264 camoen-

161 2295 319 2318 camaen.
366 2283 424 2318 Al.
457 2296 539 2319 mss.
575 2289 611 2320 et
641 2286 743 2330 edd.‚
777 2286 840 2320 sed
872 2299 910 2322 v.

162 2341 372 2376 Schneider.
407 2341 639 2378 Elementarl.
675 2357 711 2390 p.
738 2345 795 2379 79.
822 2344 910 2378 Lin—

161 2399 252 2434 dem.
290 2399 335 2433 ad
370 2398 471 2434 Paul.
498 2400 601 2437 Diae.
635 2414 672 2447 p.
699 2402 781 2437 362.
830 2402 910 2436 Ma-

156 2456 296 2504 juscula
319 2457 452 2492 rectius
473 2459 515 2493 ab
535 2459 730 2494 editoribus
746 2464 912 2504 recentt„

161 2515 319 2561 exceptis
333 2515 416 2551 Jon.
433 2516 584 2551 Haberf.
608 2522 644 2551 et
659 2517 772 2552 Hunt.
783 2544 794 2563 ,
820 2517 910 2552 scri-

161 2573 271 2607 bitur.

208 2629 256 2663 V.
287 2629 323 2665 3.
360 2630 503 2676 antiquo
528 2631 670 2667 iterum.
718 2631 788 2667 ΜΒ.
813 2631 910 2667 Feae

162 2686 206 2731 2,
242 2687 279 2722 b.
316 2699 370 2722 me
403 2689 560 2734 antiquo.
608 2690 679 2725 Ms.
717 2690 838 2725 Guelf.
875 2691 909 2725 1.

163 2756 222 2791 ap.
240 2744 395 2780 Schmid.
419 2746 490 2782 Ed.
512 2749 639 2793 Chab„
668 2762 704 2784 v.
723 2753 843 2782 annot.
866 2747 911 2782 ad

163 2815 199 2837 v.
216 2803 274 2837 76.
301 2813 354 2837 me
379 2802 478 2840 deest
500 2805 538 2840 in
563 2807 620 2841 ed.
644 2805 745 2852 Lips.
765 2806 845 2840 510.
863 2826 910 2831 —

161 2871 217 2894 me
240 2860 414 2895 inducere.
461 2861 550 2898 Mss.
583 2863 652 2898 duo
687 2875 745 2909 ap.
772 2864 908 2898 Borsm.

161 2929 222 2951 un.
254 2929 312 2964 ap.
338 2918 407 2952 Fe.
436 2924 472 2953 et
494 2919 653 2955 Hoched.
684 2921 909 2966 [Victorius]

161 2974 266 3010 Dese.
286 2977 319 3010 1.
336 2976 371 3010 2.
400 2976 476 3019 (hic
490 2977 527 3012 in
543 2979 699 3024 margine
714 2978 909 3022 includere)

206 3031 353 3068 Homi'r.
379 3032 411 3068 Ι.

965 1825 1067 1871 Lips.
1092 1823 1128 1859 3.
1177 1822 1279 1856 Haec
1300 1820 1411 1855 verba
1435 1829 1542 1864 saepe
1565 1825 1716 1850 commu-

965 1886 1098 1926 tantur,
1124 1893 1162 1916 v.
1187 1879 1316 1914 Heius.
1347 1883 1384 1913 et
1403 1877 1508 1912 Jahn.
1536 1875 1581 1910 ad
1607 1872 1716 1909 Ovid.

965 1940 1055 1975 Met.
1074 1939 1107 1983 4,
1133 1938 1216 1973 408.
1243 1936 1353 1971 Drak.
1380 1936 1425 1970 ad
1440 1935 1522 1970 Liv.
1539 1934 1573 1978 7,
1599 1931 1656 1976 34,
1682 1931 1716 1965 1.

966 2010 1020 2033 me
1044 1997 1195 2032 cludere.
1221 1995 1292 2030 Ms.
1310 1994 1400 2028 Bad.
1417 1994 1453 2029 3.
1480 1988 1718 2038 (Borgianus)

966 2068 1021 2092 me
1046 2056 1204 2090 reddere.
1251 2053 1323 2088 Ms.
1347 2053 1445 2087 Feae
1473 2052 1505 2095 1,
1533 2062 1566 2084 e.
1592 2068 1640 2074 —
1663 2047 1719 2081 De

965 2113 1144 2159 scriptura
1169 2112 1354 2146 Maecenas
1379 2110 1418 2154 (e
1444 2107 1595 2151 nostris,
1627 2116 1717 2150 quo—

965 2182 1042 2205 rum
1074 2169 1213 2215 quidem
1245 2166 1528 2212 orthographiam
1551 2165 1717 2198 habemus

966 2232 1142 2262 enotatam
1175 2227 1280 2261 Desa
1319 2226 1351 2258 1.
1391 2222 1551 2266 Graev.)
1584 2221 1716 2255 Mecen.

967 2285 1090 2330 (Dess.
1102 2286 1137 2320 2.
1148 2283 1184 2318 3.
1202 2282 1312 2317 Goth.
1325 2281 1427 2326 Lips.
1439 2281 1475 2314 2.
1493 2279 1549 2324 3.)
1564 2279 1716 2313 Moeeen.

966 2343 1086 2389 (Lips.
1114 2342 1167 2387 1.)
1199 2346 1236 2375 et
1268 2340 1420 2374 Mecoeu.
1452 2337 1575 2382 (Gott.
1603 2336 1645 2380 2)
1679 2335 1718 2369 in

969 2412 1051 2435 mSS.
1076 2404 1113 2434 et
1137 2398 1218 2433 edd.
1241 2397 1401 2433 variante
1423 2409 1461 2431 v.
1486 2406 1575 2440 quos
1598 2393 1719 2428 laudat

967 2459 1075 2493 Lion.
1117 2457 1154 2491 in
1194 2456 1454 2491 Maecenatian.
1494 2465 1531 2499 p.
1574 2452 1597 2488 5
1635 2463 1714 2497 sqq.

970 2516 1083 2551 Orell.
1119 2515 1233 2548 Inscr.
1269 2525 1325 2547 nr.
1361 2512 1441 2546 624.
1475 2511 1580 2546 2910.
1609 2511 1714 2546 2991.

969 2575 1018 2610 cf.
1037 2573 1131 2608 Ottf.
1148 2571 1290 2606 Miiller.
1307 2570 1345 2604 in
1369 2569 1594 2614 „fflruskeffl
1620 2569 1651 2604 Ι.
1676 2582 1713 2615 p.

968 2632 1037 2667 403
1053 2642 1108 2676 sq.
1135 2650 1183 2655 —
1206 2628 1318 2664 ludo?
1343 2627 1406 2661 Sic
1423 2638 1487 2661 ms.
1504 2627 1602 2661 Feae
1623 2627 1655 2671 1,
1680 2637 1714 2660 a.

967 2690 1062 2724 Edd.
1079 2687 1221 2722 Wakef.
1240 2685 1320 2731 (qui
1335 2685 1508 2729 restituit)
1523 2685 1590 2719 Fe.
1607 2684 1713 2719 Both.

964 2747 1069 2782 Jahn.
1116 2746 1227 2780 Doer.
1268 2743 1423 2777 Schmid.
1465 2743 1622 2777 Braunh.
1656 2742 1713 2776 Al.

966 2806 1086 2848 ludo„
1111 2803 1207 2848 quod
1239 2801 1311 2836 def.
1348 2802 1391 2836 C.
1418 2800 1526 2835 Bach.
1553 2801 1591 2834 in
1617 2799 1714 2834 Zim-

966 2875 1085 2898 merm.
1110 2859 1318 2895 zeitschrift
1340 2859 1368 2893 f.
1397 2858 1432 2893 d.
1451 2858 1712 2893 Alterthumsw.

968 2921 1058 2955 1834
1081 2919 1242 2965 p.1027;
1267 2917 1354 2952 illud
1368 2920 1513 2952 tuentur
1527 2915 1712 2950 Eichstad.

965 2978 1009 3012 ad
1035 2989 1104 3013 van
1130 2976 1281 3011 Ommer.
1307 2989 1344 3022 p.
1371 2976 1440 3011 210
1471 2978 1508 3009 et
1535 2974 1640 3010 Jahn.
1670 2972 1713 3008 ad

1409 3031 1434 3072 l
