<?xml version="1.0" encoding="UTF-8"?>
<!DOCTYPE html PUBLIC "-//W3C//DTD XHTML 1.0 Transitional//EN"
    "http://www.w3.org/TR/xhtml1/DTD/xhtml1-transitional.dtd">
<html xmlns="http://www.w3.org/1999/xhtml" xml:lang="en" lang="en">
 <head>
  <title>
</title>
<meta http-equiv="Content-Type" content="text/html;charset=utf-8" />
  <meta name='ocr-system' content='tesseract 3.04.00' />
  <meta name='ocr-capabilities' content='ocr_page ocr_carea ocr_par ocr_line ocrx_word'/>
</head>
<body>
  <div class='ocr_page' id='page_1' title='image "./epistolascomment01horauoft_0288.png"; bbox 0 0 2028 3268; ppageno 0'>
   <div class='ocr_carea' id='block_1_1' title="bbox 406 289 1911 339">
    <p class='ocr_par' dir='ltr' id='par_1_1' title="bbox 406 289 1911 339">
     <span class='ocr_line' id='line_1_1' title="bbox 406 289 1911 339; baseline 0.002 -8"><span class='ocrx_word' id='word_1_1' title='bbox 406 289 489 332; x_wconf 81' lang='lat'><strong>262</strong></span> <span class='ocrx_word' id='word_1_2' title='bbox 535 290 910 333; x_wconf 84' lang='lat' dir='ltr'><strong>COMMENTARII</strong></span> <span class='ocrx_word' id='word_1_3' title='bbox 928 290 984 330; x_wconf 93' lang='lat' dir='ltr'><strong>IN</strong></span> <span class='ocrx_word' id='word_1_4' title='bbox 1004 289 1230 330; x_wconf 87' lang='lat' dir='ltr'><strong>HORATII</strong></span> <span class='ocrx_word' id='word_1_5' title='bbox 1256 290 1353 334; x_wconf 80' lang='lat' dir='ltr'><strong>LIB.</strong></span> <span class='ocrx_word' id='word_1_6' title='bbox 1375 291 1404 330; x_wconf 93' lang='lat' dir='ltr'><strong>I.</strong></span> <span class='ocrx_word' id='word_1_7' title='bbox 1438 290 1600 335; x_wconf 88' lang='lat' dir='ltr'><strong>EPIST.</strong></span> <span class='ocrx_word' id='word_1_8' title='bbox 1621 291 1803 339; x_wconf 83' lang='lat' dir='ltr'><strong>QUINT.</strong></span> <span class='ocrx_word' id='word_1_9' title='bbox 1858 292 1911 335; x_wconf 77' lang='lat'><strong>72</strong></span> 
     </span>
    </p>
   </div>
   <div class='ocr_carea' id='block_1_2' title="bbox 393 409 1912 2984">
    <p class='ocr_par' dir='ltr' id='par_1_2' title="bbox 398 409 1912 1123">
     <span class='ocr_line' id='line_1_2' title="bbox 406 409 1909 466; baseline 0.001 -16"><span class='ocrx_word' id='word_1_10' title='bbox 406 414 476 450; x_wconf 80' lang='lat' dir='ltr'><strong>dia</strong></span> <span class='ocrx_word' id='word_1_11' title='bbox 499 414 677 465; x_wconf 75' lang='lat' dir='ltr'><em>linguae.</em></span> <span class='ocrx_word' id='word_1_12' title='bbox 712 414 855 451; x_wconf 89' lang='lat' dir='ltr'><strong>Delect.</strong></span> <span class='ocrx_word' id='word_1_13' title='bbox 877 413 1008 464; x_wconf 84' lang='lat' dir='ltr'><strong>Epigr.</strong></span> <span class='ocrx_word' id='word_1_14' title='bbox 1031 413 1082 462; x_wconf 93' lang='lat'><strong>7,</strong></span> <span class='ocrx_word' id='word_1_15' title='bbox 1111 413 1184 460; x_wconf 89' lang='lat'><strong>17,</strong></span> <span class='ocrx_word' id='word_1_16' title='bbox 1213 412 1252 452; x_wconf 87' lang='grc'><strong>5.</strong></span> <span class='ocrx_word' id='word_1_17' title='bbox 1284 409 1505 465; x_wconf 67' lang='grc' dir='ltr'><em>εὔγλωσσον</em></span> <span class='ocrx_word' id='word_1_18' title='bbox 1532 410 1566 454; x_wconf 83' lang='grc' dir='ltr'><strong>δ’</strong></span> <span class='ocrx_word' id='word_1_19' title='bbox 1582 410 1909 466; x_wconf 81' lang='grc' dir='ltr'><strong>ὄχέτευε-οἶνον.</strong></span> 
     </span>
     <span class='ocr_line' id='line_1_3' title="bbox 403 476 1912 531; baseline 0.003 -15"><span class='ocrx_word' id='word_1_20' title='bbox 403 479 591 519; x_wconf 86' lang='lat' dir='ltr'><strong>Plutarch.</strong></span> <span class='ocrx_word' id='word_1_21' title='bbox 622 481 753 530; x_wconf 87' lang='lat' dir='ltr'><strong>Symp.</strong></span> <span class='ocrx_word' id='word_1_22' title='bbox 791 481 838 529; x_wconf 90' lang='lat'><strong>1,</strong></span> <span class='ocrx_word' id='word_1_23' title='bbox 879 479 914 518; x_wconf 90' lang='lat'><strong>1.</strong></span> <span class='ocrx_word' id='word_1_24' title='bbox 952 492 990 530; x_wconf 90' lang='lat' dir='ltr'><strong>p.</strong></span> <span class='ocrx_word' id='word_1_25' title='bbox 1010 476 1106 519; x_wconf 83' lang='lat'><strong>421.</strong></span> <span class='ocrx_word' id='word_1_26' title='bbox 1138 477 1189 516; x_wconf 85' lang='lat' dir='ltr'><strong>R.</strong></span> <span class='ocrx_word' id='word_1_27' title='bbox 1218 479 1253 519; x_wconf 85' lang='grc' dir='ltr'><strong>εἰ</strong></span> <span class='ocrx_word' id='word_1_28' title='bbox 1281 477 1324 519; x_wconf 83' lang='grc' dir='ltr'><strong>δὲ</strong></span> <span class='ocrx_word' id='word_1_29' title='bbox 1351 476 1514 519; x_wconf 70' lang='grc' dir='ltr'><em>πάντων</em></span> <span class='ocrx_word' id='word_1_30' title='bbox 1543 477 1615 531; x_wconf 76' lang='grc' dir='ltr'><strong>μὲν</strong></span> <span class='ocrx_word' id='word_1_31' title='bbox 1644 480 1667 522; x_wconf 85' lang='lat' dir='ltr'><strong>o‘</strong></span> <span class='ocrx_word' id='word_1_32' title='bbox 1691 478 1912 528; x_wconf 81' lang='grc' dir='ltr'><strong><em>Διόνυσσος</em></strong></span> 
     </span>
     <span class='ocr_line' id='line_1_4' title="bbox 403 540 1909 599; baseline 0.001 -14"><span class='ocrx_word' id='word_1_33' title='bbox 403 542 555 592; x_wconf 80' lang='grc' dir='ltr'><em>Λύσιός</em></span> <span class='ocrx_word' id='word_1_34' title='bbox 584 545 662 585; x_wconf 76' lang='grc' dir='ltr'><strong><em>ἐστι</em></strong></span> <span class='ocrx_word' id='word_1_35' title='bbox 689 544 756 583; x_wconf 81' lang='grc' dir='ltr'><strong>καὶ</strong></span> <span class='ocrx_word' id='word_1_36' title='bbox 784 548 938 591; x_wconf 84' lang='grc' dir='ltr'><em>Λυαῖος</em></span> <span class='ocrx_word' id='word_1_37' title='bbox 961 540 1126 595; x_wconf 74' lang='grc' dir='ltr'><em>μάλιστα</em></span> <span class='ocrx_word' id='word_1_38' title='bbox 1146 544 1189 585; x_wconf 82' lang='grc' dir='ltr'><strong>δὲ</strong></span> <span class='ocrx_word' id='word_1_39' title='bbox 1216 548 1287 598; x_wconf 81' lang='grc' dir='ltr'><strong>τῆς</strong></span> <span class='ocrx_word' id='word_1_40' title='bbox 1314 541 1487 597; x_wconf 73' lang='grc' dir='ltr'><em>γλώττης</em></span> <span class='ocrx_word' id='word_1_41' title='bbox 1512 541 1737 598; x_wconf 64' lang='grc' dir='ltr'><em>ἀφαιρεῖται</em></span> <span class='ocrx_word' id='word_1_42' title='bbox 1764 545 1811 586; x_wconf 75' lang='grc' dir='ltr'><strong>τὰ</strong></span> <span class='ocrx_word' id='word_1_43' title='bbox 1842 563 1909 599; x_wconf 80' lang='grc' dir='ltr'><strong>χα-</strong></span> 
     </span>
     <span class='ocr_line' id='line_1_5' title="bbox 402 609 1905 667; baseline 0 -16"><span class='ocrx_word' id='word_1_44' title='bbox 402 609 492 651; x_wconf 74' lang='grc' dir='ltr'><em>λινὰ</em></span> <span class='ocrx_word' id='word_1_45' title='bbox 520 611 586 650; x_wconf 81' lang='grc' dir='ltr'><strong>καὶ</strong></span> <span class='ocrx_word' id='word_1_46' title='bbox 613 611 798 660; x_wconf 81' lang='grc' dir='ltr'><em>πλείστην</em></span> <span class='ocrx_word' id='word_1_47' title='bbox 827 609 1056 662; x_wconf 79' lang='grc' dir='ltr'><em>ἐλευθερίαν</em></span> <span class='ocrx_word' id='word_1_48' title='bbox 1084 614 1133 667; x_wconf 80' lang='grc' dir='ltr'><strong>τῇ</strong></span> <span class='ocrx_word' id='word_1_49' title='bbox 1163 615 1283 666; x_wconf 74' lang='grc' dir='ltr'><em>φωνῇ</em></span> <span class='ocrx_word' id='word_1_50' title='bbox 1313 612 1475 651; x_wconf 84' lang='grc' dir='ltr'><em>δίδωσιν</em></span> <span class='ocrx_word' id='word_1_51' title='bbox 1504 615 1574 651; x_wconf 90' lang='lat' dir='ltr'><strong>etc.</strong></span> <span class='ocrx_word' id='word_1_52' title='bbox 1632 611 1806 650; x_wconf 83' lang='lat' dir='ltr'><strong>Ceterum</strong></span> <span class='ocrx_word' id='word_1_53' title='bbox 1823 614 1905 663; x_wconf 80' lang='lat' dir='ltr'><strong>fec.</strong></span> 
     </span>
     <span class='ocr_line' id='line_1_6' title="bbox 402 676 1910 731; baseline 0.003 -18"><span class='ocrx_word' id='word_1_54' title='bbox 402 677 543 713; x_wconf 78' lang='lat' dir='ltr'><em>calices</em></span> <span class='ocrx_word' id='word_1_55' title='bbox 567 687 643 713; x_wconf 89' lang='lat' dir='ltr'><strong>non</strong></span> <span class='ocrx_word' id='word_1_56' title='bbox 669 679 780 725; x_wconf 87' lang='lat' dir='ltr'><strong>sunt,</strong></span> <span class='ocrx_word' id='word_1_57' title='bbox 815 676 876 725; x_wconf 91' lang='lat' dir='ltr'><strong>qui</strong></span> <span class='ocrx_word' id='word_1_58' title='bbox 895 678 1076 727; x_wconf 88' lang='lat' dir='ltr'><strong>potatoris</strong></span> <span class='ocrx_word' id='word_1_59' title='bbox 1097 678 1284 728; x_wconf 86' lang='lat' dir='ltr'>ingenium</span> <span class='ocrx_word' id='word_1_60' title='bbox 1313 679 1509 715; x_wconf 86' lang='lat' dir='ltr'><strong>fecundum</strong></span> <span class='ocrx_word' id='word_1_61' title='bbox 1527 679 1706 728; x_wconf 81' lang='lat' dir='ltr'><strong>reddant,</strong></span> <span class='ocrx_word' id='word_1_62' title='bbox 1734 683 1777 717; x_wconf 90' lang='lat' dir='ltr'><strong>ut</strong></span> <span class='ocrx_word' id='word_1_63' title='bbox 1799 681 1910 731; x_wconf 84' lang='lat' dir='ltr'><strong>conji-</strong></span> 
     </span>
     <span class='ocr_line' id='line_1_7' title="bbox 401 742 1909 796; baseline 0.002 -16"><span class='ocrx_word' id='word_1_64' title='bbox 401 744 451 780; x_wconf 89' lang='lat' dir='ltr'><strong>cit</strong></span> <span class='ocrx_word' id='word_1_65' title='bbox 482 742 752 792; x_wconf 77' lang='lat' dir='ltr'><strong>Doeringius,</strong></span> <span class='ocrx_word' id='word_1_66' title='bbox 784 744 851 780; x_wconf 89' lang='lat' dir='ltr'><strong>sed</strong></span> <span class='ocrx_word' id='word_1_67' title='bbox 875 743 938 792; x_wconf 87' lang='lat' dir='ltr'><strong>qui</strong></span> <span class='ocrx_word' id='word_1_68' title='bbox 963 744 1108 781; x_wconf 88' lang='lat' dir='ltr'><strong>vacuati</strong></span> <span class='ocrx_word' id='word_1_69' title='bbox 1135 745 1308 782; x_wconf 90' lang='lat' dir='ltr'><strong>continuo</strong></span> <span class='ocrx_word' id='word_1_70' title='bbox 1339 758 1362 782; x_wconf 88' lang='lat' dir='ltr'><strong>a</strong></span> <span class='ocrx_word' id='word_1_71' title='bbox 1395 745 1576 794; x_wconf 82' lang='lat' dir='ltr'><strong>pincernis</strong></span> <span class='ocrx_word' id='word_1_72' title='bbox 1595 745 1785 796; x_wconf 84' lang='lat' dir='ltr'><strong>replentur</strong></span> <span class='ocrx_word' id='word_1_73' title='bbox 1803 750 1842 783; x_wconf 87' lang='lat' dir='ltr'><strong>et</strong></span> <span class='ocrx_word' id='word_1_74' title='bbox 1860 747 1909 783; x_wconf 92' lang='lat' dir='ltr'><strong>ob</strong></span> 
     </span>
     <span class='ocr_line' id='line_1_8' title="bbox 400 808 1910 863; baseline 0.003 -18"><span class='ocrx_word' id='word_1_75' title='bbox 400 820 480 845; x_wconf 90' lang='lat' dir='ltr'><strong>eam</strong></span> <span class='ocrx_word' id='word_1_76' title='bbox 509 820 656 846; x_wconf 89' lang='lat' dir='ltr'><strong>causam</strong></span> <span class='ocrx_word' id='word_1_77' title='bbox 685 808 918 846; x_wconf 84' lang='lat' dir='ltr'><strong>abundantes</strong></span> <span class='ocrx_word' id='word_1_78' title='bbox 943 813 981 847; x_wconf 89' lang='lat' dir='ltr'><strong>et</strong></span> <span class='ocrx_word' id='word_1_79' title='bbox 1013 809 1161 859; x_wconf 87' lang='lat' dir='ltr'>copiosi.</span> <span class='ocrx_word' id='word_1_80' title='bbox 1218 809 1458 846; x_wconf 79' lang='lat' dir='ltr'><strong>Ascensius:</strong></span> <span class='ocrx_word' id='word_1_81' title='bbox 1487 824 1650 861; x_wconf 88' lang='lat' dir='ltr'><strong>„magna</strong></span> <span class='ocrx_word' id='word_1_82' title='bbox 1678 811 1812 863; x_wconf 84' lang='lat' dir='ltr'><strong>pocula</strong></span> <span class='ocrx_word' id='word_1_83' title='bbox 1836 812 1910 851; x_wconf 82' lang='lat' dir='ltr'><strong>vini</strong></span> 
     </span>
     <span class='ocr_line' id='line_1_9' title="bbox 399 873 1910 927; baseline 0.003 -17"><span class='ocrx_word' id='word_1_84' title='bbox 399 873 551 924; x_wconf 79' lang='lat' dir='ltr'><strong>1›lena.“</strong></span> <span class='ocrx_word' id='word_1_85' title='bbox 608 874 685 910; x_wconf 90' lang='lat' dir='ltr'><strong>Sed</strong></span> <span class='ocrx_word' id='word_1_86' title='bbox 704 875 750 911; x_wconf 93' lang='lat' dir='ltr'><strong>de</strong></span> <span class='ocrx_word' id='word_1_87' title='bbox 770 875 850 925; x_wconf 86' lang='lat' dir='ltr'><strong>his,</strong></span> <span class='ocrx_word' id='word_1_88' title='bbox 881 875 1012 924; x_wconf 90' lang='lat' dir='ltr'><strong>quibus</strong></span> <span class='ocrx_word' id='word_1_89' title='bbox 1033 877 1216 914; x_wconf 87' lang='lat' dir='ltr'><strong>contraria</strong></span> <span class='ocrx_word' id='word_1_90' title='bbox 1234 882 1322 915; x_wconf 85' lang='lat' dir='ltr'><strong>sunt</strong></span> <span class='ocrx_word' id='word_1_91' title='bbox 1341 877 1491 927; x_wconf 83' lang='lat' dir='ltr'><strong>poeula</strong></span> <span class='ocrx_word' id='word_1_92' title='bbox 1520 879 1674 915; x_wconf 80' lang='lat' dir='ltr'><strong>modica</strong></span> <span class='ocrx_word' id='word_1_93' title='bbox 1685 905 1702 923; x_wconf 87' lang='lat'><strong>,</strong></span> <span class='ocrx_word' id='word_1_94' title='bbox 1733 879 1910 915; x_wconf 81' lang='lat' dir='ltr'><strong>rorantia</strong></span> 
     </span>
     <span class='ocr_line' id='line_1_10' title="bbox 399 940 1910 993; baseline 0.003 -15"><span class='ocrx_word' id='word_1_95' title='bbox 399 942 481 978; x_wconf 88' lang='lat' dir='ltr'><strong>Sat.</strong></span> <span class='ocrx_word' id='word_1_96' title='bbox 503 942 549 990; x_wconf 89' lang='lat'><strong>2,</strong></span> <span class='ocrx_word' id='word_1_97' title='bbox 580 941 627 989; x_wconf 82' lang='lat'><strong>6,</strong></span> <span class='ocrx_word' id='word_1_98' title='bbox 660 940 742 990; x_wconf 62' lang='lat'><strong>69„</strong></span> <span class='ocrx_word' id='word_1_99' title='bbox 772 942 804 978; x_wconf 89' lang='lat' dir='ltr'><strong>si</strong></span> <span class='ocrx_word' id='word_1_100' title='bbox 836 942 926 990; x_wconf 90' lang='lat' dir='ltr'><strong>quid</strong></span> <span class='ocrx_word' id='word_1_101' title='bbox 949 943 1079 992; x_wconf 87' lang='lat' dir='ltr'><strong>video,</strong></span> <span class='ocrx_word' id='word_1_102' title='bbox 1107 944 1166 981; x_wconf 91' lang='lat' dir='ltr'><strong>hic</strong></span> <span class='ocrx_word' id='word_1_103' title='bbox 1192 957 1268 982; x_wconf 91' lang='lat' dir='ltr'><strong>non</strong></span> <span class='ocrx_word' id='word_1_104' title='bbox 1294 944 1427 993; x_wconf 88' lang='lat' dir='ltr'><strong>agitur.</strong></span> <span class='ocrx_word' id='word_1_105' title='bbox 1485 942 1620 980; x_wconf 90' lang='lat' dir='ltr'><strong>Similis</strong></span> <span class='ocrx_word' id='word_1_106' title='bbox 1653 947 1710 982; x_wconf 87' lang='lat' dir='ltr'><strong>est</strong></span> <span class='ocrx_word' id='word_1_107' title='bbox 1728 945 1775 982; x_wconf 87' lang='lat' dir='ltr'><strong>de</strong></span> <span class='ocrx_word' id='word_1_108' title='bbox 1793 945 1910 982; x_wconf 89' lang='lat' dir='ltr'><strong>conti-</strong></span> 
     </span>
     <span class='ocr_line' id='line_1_11' title="bbox 398 1007 1910 1060; baseline 0.003 -16"><span class='ocrx_word' id='word_1_109' title='bbox 398 1008 549 1044; x_wconf 88' lang='lat' dir='ltr'><strong>nuanda</strong></span> <span class='ocrx_word' id='word_1_110' title='bbox 569 1007 864 1044; x_wconf 86' lang='lat' dir='ltr'><strong>commissatione</strong></span> <span class='ocrx_word' id='word_1_111' title='bbox 883 1007 994 1045; x_wconf 90' lang='lat' dir='ltr'><strong>dictio</strong></span> <span class='ocrx_word' id='word_1_112' title='bbox 1011 1009 1087 1046; x_wconf 85' lang='lat' dir='ltr'><strong>Od.</strong></span> <span class='ocrx_word' id='word_1_113' title='bbox 1111 1009 1156 1059; x_wconf 92' lang='lat'><strong>1,</strong></span> <span class='ocrx_word' id='word_1_114' title='bbox 1185 1010 1263 1059; x_wconf 83' lang='lat'><strong>36,</strong></span> <span class='ocrx_word' id='word_1_115' title='bbox 1295 1011 1360 1049; x_wconf 87' lang='lat'><strong>11.</strong></span> <span class='ocrx_word' id='word_1_116' title='bbox 1419 1010 1512 1045; x_wconf 85' lang='lat' dir='ltr'><strong>Neu</strong></span> <span class='ocrx_word' id='word_1_117' title='bbox 1530 1017 1741 1060; x_wconf 80' lang='lat' dir='ltr'><strong>promptae</strong></span> <span class='ocrx_word' id='word_1_118' title='bbox 1771 1011 1910 1048; x_wconf 88' lang='lat' dir='ltr'><strong>modus</strong></span> 
     </span>
     <span class='ocr_line' id='line_1_12' title="bbox 398 1073 698 1123; baseline -0.007 -13"><span class='ocrx_word' id='word_1_119' title='bbox 398 1073 614 1123; x_wconf 75' lang='lat' dir='ltr'><strong>amphorae</strong></span> <span class='ocrx_word' id='word_1_120' title='bbox 634 1074 698 1109; x_wconf 83' lang='lat' dir='ltr'><strong>sit.</strong></span> 
     </span>
    </p>

    <p class='ocr_par' dir='ltr' id='par_1_3' title="bbox 394 1139 1910 2385">
     <span class='ocr_line' id='line_1_13' title="bbox 509 1139 1908 1192; baseline 0.001 -16"><span class='ocrx_word' id='word_1_121' title='bbox 509 1140 556 1179; x_wconf 90' lang='lat' dir='ltr'><strong>V.</strong></span> <span class='ocrx_word' id='word_1_122' title='bbox 578 1139 644 1179; x_wconf 87' lang='lat'><strong>20.</strong></span> <span class='ocrx_word' id='word_1_123' title='bbox 681 1139 805 1187; x_wconf 83' lang='lat' dir='ltr'><strong>Quem</strong></span> <span class='ocrx_word' id='word_1_124' title='bbox 825 1160 882 1168; x_wconf 84' lang='lat'><strong>—-</strong></span> <span class='ocrx_word' id='word_1_125' title='bbox 902 1141 1087 1178; x_wconf 85' lang='lat' dir='ltr'><strong>solutum.</strong></span> <span class='ocrx_word' id='word_1_126' title='bbox 1125 1139 1216 1178; x_wconf 88' lang='lat' dir='ltr'>Loci</span> <span class='ocrx_word' id='word_1_127' title='bbox 1235 1143 1475 1192; x_wconf 79' lang='lat' dir='ltr'><strong>sententiam,</strong></span> <span class='ocrx_word' id='word_1_128' title='bbox 1505 1154 1579 1190; x_wconf 91' lang='lat' dir='ltr'><strong>qua</strong></span> <span class='ocrx_word' id='word_1_129' title='bbox 1597 1153 1740 1192; x_wconf 80' lang='lat' dir='ltr'><strong>pauper</strong></span> <span class='ocrx_word' id='word_1_130' title='bbox 1759 1141 1797 1177; x_wconf 90' lang='lat' dir='ltr'><strong>in</strong></span> <span class='ocrx_word' id='word_1_131' title='bbox 1817 1153 1908 1190; x_wconf 89' lang='lat' dir='ltr'><strong>pau-</strong></span> 
     </span>
     <span class='ocr_line' id='line_1_14' title="bbox 397 1206 1909 1259; baseline 0.001 -17"><span class='ocrx_word' id='word_1_132' title='bbox 397 1207 552 1256; x_wconf 87' lang='lat' dir='ltr'><strong>pertatis</strong></span> <span class='ocrx_word' id='word_1_133' title='bbox 593 1206 774 1256; x_wconf 87' lang='lat' dir='ltr'><strong>angustiis</strong></span> <span class='ocrx_word' id='word_1_134' title='bbox 817 1218 892 1243; x_wconf 90' lang='lat' dir='ltr'><strong>non</strong></span> <span class='ocrx_word' id='word_1_135' title='bbox 932 1208 1004 1250; x_wconf 76' lang='lat' dir='ltr'><strong>iam</strong></span> <span class='ocrx_word' id='word_1_136' title='bbox 1042 1207 1179 1244; x_wconf 88' lang='lat' dir='ltr'><strong>sentire</strong></span> <span class='ocrx_word' id='word_1_137' title='bbox 1223 1208 1355 1245; x_wconf 91' lang='lat' dir='ltr'><strong>dicitur</strong></span> <span class='ocrx_word' id='word_1_138' title='bbox 1408 1211 1686 1259; x_wconf 82' lang='lat' dir='ltr'><strong>paupertatem,</strong></span> <span class='ocrx_word' id='word_1_139' title='bbox 1733 1207 1832 1245; x_wconf 86' lang='lat' dir='ltr'><strong>varie</strong></span> <span class='ocrx_word' id='word_1_140' title='bbox 1864 1219 1909 1244; x_wconf 83' lang='lat' dir='ltr'><strong>ex</strong></span> 
     </span>
     <span class='ocr_line' id='line_1_15' title="bbox 397 1272 1909 1324; baseline -0.001 -13"><span class='ocrx_word' id='word_1_141' title='bbox 397 1273 664 1311; x_wconf 86' lang='lat' dir='ltr'><strong>contrariorum</strong></span> <span class='ocrx_word' id='word_1_142' title='bbox 691 1272 834 1309; x_wconf 89' lang='lat' dir='ltr'><strong>ratione</strong></span> <span class='ocrx_word' id='word_1_143' title='bbox 867 1273 1182 1323; x_wconf 81' lang='lat' dir='ltr'><strong>interpretantur,</strong></span> <span class='ocrx_word' id='word_1_144' title='bbox 1212 1277 1254 1310; x_wconf 91' lang='lat' dir='ltr'><strong>ut</strong></span> <span class='ocrx_word' id='word_1_145' title='bbox 1281 1274 1350 1311; x_wconf 91' lang='lat' dir='ltr'><strong>sit:</strong></span> <span class='ocrx_word' id='word_1_146' title='bbox 1379 1287 1519 1324; x_wconf 87' lang='lat' dir='ltr'><strong>„quem</strong></span> <span class='ocrx_word' id='word_1_147' title='bbox 1544 1285 1745 1324; x_wconf 89' lang='lat' dir='ltr'><strong>pauperem</strong></span> <span class='ocrx_word' id='word_1_148' title='bbox 1772 1272 1909 1322; x_wconf 84' lang='lat' dir='ltr'><strong>largior</strong></span> 
     </span>
     <span class='ocr_line' id='line_1_16' title="bbox 397 1338 1908 1390; baseline -0.001 -14"><span class='ocrx_word' id='word_1_149' title='bbox 397 1340 470 1377; x_wconf 88' lang='lat' dir='ltr'><strong>vini</strong></span> <span class='ocrx_word' id='word_1_150' title='bbox 489 1340 643 1376; x_wconf 90' lang='lat' dir='ltr'><strong>haustus</strong></span> <span class='ocrx_word' id='word_1_151' title='bbox 669 1351 745 1376; x_wconf 91' lang='lat' dir='ltr'><strong>non</strong></span> <span class='ocrx_word' id='word_1_152' title='bbox 771 1339 860 1375; x_wconf 89' lang='lat' dir='ltr'><strong>facit</strong></span> <span class='ocrx_word' id='word_1_153' title='bbox 877 1339 934 1377; x_wconf 64' lang='lat' dir='ltr'><strong>vel</strong></span> <span class='ocrx_word' id='word_1_154' title='bbox 953 1352 975 1376; x_wconf 91' lang='lat' dir='ltr'><strong>a</strong></span> <span class='ocrx_word' id='word_1_155' title='bbox 994 1341 1089 1378; x_wconf 88' lang='lat' dir='ltr'><strong>curis</strong></span> <span class='ocrx_word' id='word_1_156' title='bbox 1112 1352 1280 1389; x_wconf 85' lang='lat' dir='ltr'><strong>vacuum,</strong></span> <span class='ocrx_word' id='word_1_157' title='bbox 1300 1340 1464 1390; x_wconf 84' lang='lat' dir='ltr'><strong>hilarem,</strong></span> <span class='ocrx_word' id='word_1_158' title='bbox 1492 1339 1751 1389; x_wconf 86' lang='lat' dir='ltr'><strong>lascivientem,</strong></span> <span class='ocrx_word' id='word_1_159' title='bbox 1777 1338 1835 1375; x_wconf 84' lang='lat' dir='ltr'><strong>vel</strong></span> <span class='ocrx_word' id='word_1_160' title='bbox 1853 1339 1908 1375; x_wconf 91' lang='lat' dir='ltr'><strong>di-</strong></span> 
     </span>
     <span class='ocr_line' id='line_1_17' title="bbox 395 1404 1910 1456; baseline -0.001 -12"><span class='ocrx_word' id='word_1_161' title='bbox 395 1407 509 1444; x_wconf 87' lang='lat' dir='ltr'><strong>vitem</strong></span> <span class='ocrx_word' id='word_1_162' title='bbox 527 1418 593 1442; x_wconf 91' lang='lat' dir='ltr'><strong>seu</strong></span> <span class='ocrx_word' id='word_1_163' title='bbox 613 1406 811 1455; x_wconf 86' lang='lat' dir='ltr'><strong>prodigum</strong></span> <span class='ocrx_word' id='word_1_164' title='bbox 829 1405 867 1442; x_wconf 91' lang='lat' dir='ltr'><strong>in</strong></span> <span class='ocrx_word' id='word_1_165' title='bbox 885 1406 970 1456; x_wconf 89' lang='lat' dir='ltr'><strong>ipsa</strong></span> <span class='ocrx_word' id='word_1_166' title='bbox 988 1410 1222 1456; x_wconf 84' lang='lat' dir='ltr'><strong>paupertate,</strong></span> <span class='ocrx_word' id='word_1_167' title='bbox 1231 1410 1273 1442; x_wconf 90' lang='lat' dir='ltr'><strong>ut</strong></span> <span class='ocrx_word' id='word_1_168' title='bbox 1289 1405 1368 1444; x_wconf 88' lang='lat' dir='ltr'><strong>Irus</strong></span> <span class='ocrx_word' id='word_1_169' title='bbox 1381 1420 1422 1444; x_wconf 88' lang='lat' dir='ltr'><strong>se</strong></span> <span class='ocrx_word' id='word_1_170' title='bbox 1433 1408 1563 1453; x_wconf 87' lang='lat' dir='ltr'><strong>credat</strong></span> <span class='ocrx_word' id='word_1_171' title='bbox 1582 1418 1663 1444; x_wconf 87' lang='lat' dir='ltr'><strong>esse</strong></span> <span class='ocrx_word' id='word_1_172' title='bbox 1673 1406 1853 1443; x_wconf 88' lang='lat' dir='ltr'><strong>Croesum</strong></span> <span class='ocrx_word' id='word_1_173' title='bbox 1861 1404 1910 1442; x_wconf 71' lang='lat'><strong>2⁶⁶</strong></span> 
     </span>
     <span class='ocr_line' id='line_1_18' title="bbox 396 1470 1908 1524; baseline -0.001 -14"><span class='ocrx_word' id='word_1_174' title='bbox 396 1473 480 1510; x_wconf 93' lang='lat' dir='ltr'><strong>Hoc</strong></span> <span class='ocrx_word' id='word_1_175' title='bbox 501 1473 650 1521; x_wconf 86' lang='lat' dir='ltr'><strong>quidem</strong></span> <span class='ocrx_word' id='word_1_176' title='bbox 669 1475 818 1522; x_wconf 87' lang='lat' dir='ltr'><strong>praeter</strong></span> <span class='ocrx_word' id='word_1_177' title='bbox 839 1472 1132 1523; x_wconf 70' lang='lat' dir='ltr'><strong>Halmfeldum</strong></span> <span class='ocrx_word' id='word_1_178' title='bbox 1152 1474 1267 1510; x_wconf 75' lang='lat' dir='ltr'><strong>sensit</strong></span> <span class='ocrx_word' id='word_1_179' title='bbox 1287 1474 1495 1511; x_wconf 87' lang='lat' dir='ltr'><strong>Scholiasta</strong></span> <span class='ocrx_word' id='word_1_180' title='bbox 1522 1486 1581 1524; x_wconf 90' lang='lat' dir='ltr'><strong>ap.</strong></span> <span class='ocrx_word' id='word_1_181' title='bbox 1602 1472 1734 1511; x_wconf 87' lang='lat' dir='ltr'><strong>Barth.</strong></span> <span class='ocrx_word' id='word_1_182' title='bbox 1754 1473 1793 1509; x_wconf 91' lang='lat' dir='ltr'><strong>in</strong></span> <span class='ocrx_word' id='word_1_183' title='bbox 1810 1470 1908 1509; x_wconf 88' lang='lat' dir='ltr'><strong>Adv.</strong></span> 
     </span>
     <span class='ocr_line' id='line_1_19' title="bbox 396 1540 1910 1590; baseline 0.001 -16"><span class='ocrx_word' id='word_1_184' title='bbox 396 1541 472 1589; x_wconf 83' lang='lat'><strong>37,</strong></span> <span class='ocrx_word' id='word_1_185' title='bbox 502 1540 580 1588; x_wconf 59' lang='lat'><strong>22„</strong></span> <span class='ocrx_word' id='word_1_186' title='bbox 611 1551 724 1587; x_wconf 91' lang='lat' dir='ltr'><strong>quum</strong></span> <span class='ocrx_word' id='word_1_187' title='bbox 744 1541 916 1575; x_wconf 79' lang='lat' dir='ltr'><strong>solutum</strong></span> <span class='ocrx_word' id='word_1_188' title='bbox 940 1543 1141 1590; x_wconf 80' lang='lat' dir='ltr'><strong>exponeret</strong></span> <span class='ocrx_word' id='word_1_189' title='bbox 1159 1540 1368 1590; x_wconf 87' lang='lat' dir='ltr'><strong>copiosum,</strong></span> <span class='ocrx_word' id='word_1_190' title='bbox 1395 1540 1484 1578; x_wconf 91' lang='lat' dir='ltr'><strong>illud</strong></span> <span class='ocrx_word' id='word_1_191' title='bbox 1511 1540 1755 1590; x_wconf 83' lang='lat' dir='ltr'><strong>significatum</strong></span> <span class='ocrx_word' id='word_1_192' title='bbox 1773 1542 1910 1589; x_wconf 83' lang='lat' dir='ltr'><strong>putant</strong></span> 
     </span>
     <span class='ocr_line' id='line_1_20' title="bbox 396 1602 1906 1654; baseline -0.003 -11"><span class='ocrx_word' id='word_1_193' title='bbox 396 1606 444 1643; x_wconf 93' lang='lat' dir='ltr'><strong>ob</strong></span> <span class='ocrx_word' id='word_1_194' title='bbox 463 1605 729 1643; x_wconf 87' lang='lat' dir='ltr'><strong>contrariorum</strong></span> <span class='ocrx_word' id='word_1_195' title='bbox 749 1605 842 1654; x_wconf 91' lang='lat' dir='ltr'><strong>vim,</strong></span> <span class='ocrx_word' id='word_1_196' title='bbox 873 1617 947 1653; x_wconf 88' lang='lat' dir='ltr'><strong>qua</strong></span> <span class='ocrx_word' id='word_1_197' title='bbox 966 1618 1025 1642; x_wconf 88' lang='lat' dir='ltr'><strong>res</strong></span> <span class='ocrx_word' id='word_1_198' title='bbox 1045 1607 1226 1654; x_wconf 88' lang='lat' dir='ltr'><strong>quaedam</strong></span> <span class='ocrx_word' id='word_1_199' title='bbox 1246 1606 1396 1643; x_wconf 88' lang='lat' dir='ltr'><strong>tristitia</strong></span> <span class='ocrx_word' id='word_1_200' title='bbox 1416 1606 1612 1651; x_wconf 71' lang='lat' dir='ltr'><strong>contrahi,</strong></span> <span class='ocrx_word' id='word_1_201' title='bbox 1632 1604 1772 1642; x_wconf 86' lang='lat' dir='ltr'><strong>laetitia</strong></span> <span class='ocrx_word' id='word_1_202' title='bbox 1789 1602 1906 1648; x_wconf 66' lang='lat' dir='ltr'><strong>solvi,</strong></span> 
     </span>
     <span class='ocr_line' id='line_1_21' title="bbox 396 1670 1908 1723; baseline -0.003 -14"><span class='ocrx_word' id='word_1_203' title='bbox 396 1671 574 1723; x_wconf 68' lang='lat' dir='ltr'><strong>dzffundi</strong></span> <span class='ocrx_word' id='word_1_204' title='bbox 593 1671 778 1707; x_wconf 91' lang='lat' dir='ltr'><strong>dicuntur.</strong></span> <span class='ocrx_word' id='word_1_205' title='bbox 839 1671 900 1708; x_wconf 91' lang='lat' dir='ltr'><strong>Sic</strong></span> <span class='ocrx_word' id='word_1_206' title='bbox 919 1672 1070 1708; x_wconf 88' lang='lat' dir='ltr'><strong>Cassius</strong></span> <span class='ocrx_word' id='word_1_207' title='bbox 1091 1673 1129 1709; x_wconf 89' lang='lat' dir='ltr'><strong>in</strong></span> <span class='ocrx_word' id='word_1_208' title='bbox 1150 1673 1224 1710; x_wconf 91' lang='lat' dir='ltr'><strong>Cic.</strong></span> <span class='ocrx_word' id='word_1_209' title='bbox 1247 1671 1366 1721; x_wconf 91' lang='lat' dir='ltr'><strong>Epist.</strong></span> <span class='ocrx_word' id='word_1_210' title='bbox 1387 1672 1436 1708; x_wconf 94' lang='lat' dir='ltr'><strong>ad</strong></span> <span class='ocrx_word' id='word_1_211' title='bbox 1455 1670 1539 1709; x_wconf 88' lang='lat' dir='ltr'><strong>Div.</strong></span> <span class='ocrx_word' id='word_1_212' title='bbox 1561 1671 1634 1720; x_wconf 88' lang='lat'><strong>15,</strong></span> <span class='ocrx_word' id='word_1_213' title='bbox 1661 1670 1733 1720; x_wconf 89' lang='grc'><strong>19,</strong></span> <span class='ocrx_word' id='word_1_214' title='bbox 1759 1671 1799 1709; x_wconf 90' lang='lat'><strong>8.</strong></span> <span class='ocrx_word' id='word_1_215' title='bbox 1827 1670 1908 1706; x_wconf 79' lang='lat' dir='ltr'><strong>sol-</strong></span> 
     </span>
     <span class='ocr_line' id='line_1_22' title="bbox 396 1735 1906 1786; baseline 0 -12"><span class='ocrx_word' id='word_1_216' title='bbox 396 1739 502 1774; x_wconf 79' lang='lat' dir='ltr'><strong>licito</strong></span> <span class='ocrx_word' id='word_1_217' title='bbox 536 1738 668 1773; x_wconf 69' lang='lat' dir='ltr'><strong>animo</strong></span> <span class='ocrx_word' id='word_1_218' title='bbox 702 1749 757 1771; x_wconf 88' lang='lat' dir='ltr'><strong>an</strong></span> <span class='ocrx_word' id='word_1_219' title='bbox 787 1735 925 1772; x_wconf 84' lang='lat' dir='ltr'><strong>soluto.</strong></span> <span class='ocrx_word' id='word_1_220' title='bbox 986 1740 1031 1774; x_wconf 89' lang='lat' dir='ltr'><strong>In</strong></span> <span class='ocrx_word' id='word_1_221' title='bbox 1052 1739 1207 1775; x_wconf 88' lang='lat' dir='ltr'><strong>eandem</strong></span> <span class='ocrx_word' id='word_1_222' title='bbox 1226 1738 1449 1775; x_wconf 82' lang='lat' dir='ltr'><strong>sententiam</strong></span> <span class='ocrx_word' id='word_1_223' title='bbox 1469 1737 1648 1774; x_wconf 86' lang='lat' dir='ltr'><strong>Horatius</strong></span> <span class='ocrx_word' id='word_1_224' title='bbox 1670 1737 1750 1786; x_wconf 88' lang='lat' dir='ltr'><strong>ipse</strong></span> <span class='ocrx_word' id='word_1_225' title='bbox 1769 1736 1844 1775; x_wconf 92' lang='lat' dir='ltr'><strong>Od.</strong></span> <span class='ocrx_word' id='word_1_226' title='bbox 1869 1737 1906 1784; x_wconf 93' lang='lat'><strong>1,</strong></span> 
     </span>
     <span class='ocr_line' id='line_1_23' title="bbox 399 1801 1907 1854; baseline -0.001 -15"><span class='ocrx_word' id='word_1_227' title='bbox 399 1806 471 1854; x_wconf 85' lang='lat'><strong>18,</strong></span> <span class='ocrx_word' id='word_1_228' title='bbox 500 1803 560 1843; x_wconf 76' lang='lat' dir='ltr'><strong>5.t</strong></span> <span class='ocrx_word' id='word_1_229' title='bbox 619 1802 716 1850; x_wconf 75' lang='lat' dir='ltr'><strong>Quis</strong></span> <span class='ocrx_word' id='word_1_230' title='bbox 741 1808 836 1850; x_wconf 75' lang='lat' dir='ltr'><strong>post</strong></span> <span class='ocrx_word' id='word_1_231' title='bbox 864 1803 959 1838; x_wconf 66' lang='lat' dir='ltr'><strong>vina</strong></span> <span class='ocrx_word' id='word_1_232' title='bbox 983 1817 1149 1853; x_wconf 69' lang='lat' dir='ltr'><strong>gravem</strong></span> <span class='ocrx_word' id='word_1_233' title='bbox 1185 1804 1369 1840; x_wconf 75' lang='lat' dir='ltr'><strong>militiam</strong></span> <span class='ocrx_word' id='word_1_234' title='bbox 1397 1810 1468 1839; x_wconf 84' lang='lat' dir='ltr'><strong>aut</strong></span> <span class='ocrx_word' id='word_1_235' title='bbox 1488 1804 1721 1852; x_wconf 78' lang='lat' dir='ltr'><strong>pauperiem</strong></span> <span class='ocrx_word' id='word_1_236' title='bbox 1744 1801 1907 1852; x_wconf 78' lang='lat' dir='ltr'><strong>crepat?</strong></span> 
     </span>
     <span class='ocr_line' id='line_1_24' title="bbox 402 1869 1904 1920; baseline 0 -12"><span class='ocrx_word' id='word_1_237' title='bbox 402 1872 612 1908; x_wconf 79' lang='lat' dir='ltr'><strong>Contracta</strong></span> <span class='ocrx_word' id='word_1_238' title='bbox 627 1874 750 1906; x_wconf 87' lang='lat' dir='ltr'><strong>autem</strong></span> <span class='ocrx_word' id='word_1_239' title='bbox 765 1875 985 1918; x_wconf 75' lang='lat' dir='ltr'><strong>paupertas</strong></span> <span class='ocrx_word' id='word_1_240' title='bbox 1007 1874 1049 1907; x_wconf 87' lang='lat' dir='ltr'><strong>ut</strong></span> <span class='ocrx_word' id='word_1_241' title='bbox 1069 1871 1145 1907; x_wconf 90' lang='lat' dir='ltr'><strong>Od.</strong></span> <span class='ocrx_word' id='word_1_242' title='bbox 1167 1871 1216 1920; x_wconf 87' lang='grc'><strong>3,</strong></span> <span class='ocrx_word' id='word_1_243' title='bbox 1250 1872 1272 1910; x_wconf 87' lang='grc'>2</span> <span class='ocrx_word' id='word_1_244' title='bbox 1287 1897 1299 1920; x_wconf 95' lang='grc'>,</span> <span class='ocrx_word' id='word_1_245' title='bbox 1331 1870 1368 1909; x_wconf 90' lang='grc'><strong>1.</strong></span> <span class='ocrx_word' id='word_1_246' title='bbox 1398 1877 1596 1920; x_wconf 79' lang='lat' dir='ltr'><strong>angusta,</strong></span> <span class='ocrx_word' id='word_1_247' title='bbox 1624 1870 1709 1909; x_wconf 87' lang='lat' dir='ltr'><strong>Juv.</strong></span> <span class='ocrx_word' id='word_1_248' title='bbox 1731 1869 1780 1917; x_wconf 87' lang='grc'><strong>3,</strong></span> <span class='ocrx_word' id='word_1_249' title='bbox 1812 1869 1904 1908; x_wconf 82' lang='grc'><strong>163.</strong></span> 
     </span>
     <span class='ocr_line' id='line_1_25' title="bbox 395 1931 1906 1986; baseline 0 -15"><span class='ocrx_word' id='word_1_250' title='bbox 395 1949 455 1972; x_wconf 83' lang='lat' dir='ltr'><strong>res</strong></span> <span class='ocrx_word' id='word_1_251' title='bbox 474 1942 665 1986; x_wconf 77' lang='lat' dir='ltr'><strong>angusta,</strong></span> <span class='ocrx_word' id='word_1_252' title='bbox 695 1937 793 1972; x_wconf 87' lang='lat' dir='ltr'><strong>Stat.</strong></span> <span class='ocrx_word' id='word_1_253' title='bbox 817 1935 906 1972; x_wconf 90' lang='lat' dir='ltr'><strong>Silv.</strong></span> <span class='ocrx_word' id='word_1_254' title='bbox 931 1934 978 1984; x_wconf 86' lang='lat'><strong>5,</strong></span> <span class='ocrx_word' id='word_1_255' title='bbox 1009 1936 1055 1984; x_wconf 87' lang='grc'><strong>3,</strong></span> <span class='ocrx_word' id='word_1_256' title='bbox 1083 1936 1174 1974; x_wconf 89' lang='grc'><strong>117.</strong></span> <span class='ocrx_word' id='word_1_257' title='bbox 1196 1938 1364 1986; x_wconf 79' lang='lat' dir='ltr'><strong>fortuna</strong></span> <span class='ocrx_word' id='word_1_258' title='bbox 1392 1942 1481 1971; x_wconf 83' lang='lat' dir='ltr'><strong>arta</strong></span> <span class='ocrx_word' id='word_1_259' title='bbox 1492 1963 1508 1980; x_wconf 80' lang='grc'>,</span> <span class='ocrx_word' id='word_1_260' title='bbox 1548 1934 1632 1972; x_wconf 82' lang='lat' dir='ltr'><strong>Liv.</strong></span> <span class='ocrx_word' id='word_1_261' title='bbox 1654 1936 1730 1984; x_wconf 85' lang='lat'><strong>28,</strong></span> <span class='ocrx_word' id='word_1_262' title='bbox 1760 1931 1835 1984; x_wconf 83' lang='grc'><strong>24,</strong></span> <span class='ocrx_word' id='word_1_263' title='bbox 1865 1936 1906 1974; x_wconf 88' lang='grc'><strong>6.</strong></span> 
     </span>
     <span class='ocr_line' id='line_1_26' title="bbox 395 2000 1907 2052; baseline 0 -14"><span class='ocrx_word' id='word_1_264' title='bbox 395 2016 455 2039; x_wconf 87' lang='lat' dir='ltr'><strong>res</strong></span> <span class='ocrx_word' id='word_1_265' title='bbox 474 2003 652 2046; x_wconf 71' lang='lat' dir='ltr'><strong>artiores,</strong></span> <span class='ocrx_word' id='word_1_266' title='bbox 683 2001 775 2040; x_wconf 84' lang='lat' dir='ltr'><strong>Tac.</strong></span> <span class='ocrx_word' id='word_1_267' title='bbox 797 2000 895 2041; x_wconf 90' lang='lat' dir='ltr'><strong>Ann.</strong></span> <span class='ocrx_word' id='word_1_268' title='bbox 919 2001 959 2049; x_wconf 81' lang='lat'><strong>3,</strong></span> <span class='ocrx_word' id='word_1_269' title='bbox 992 2002 1056 2040; x_wconf 86' lang='lat'><strong>32.</strong></span> <span class='ocrx_word' id='word_1_270' title='bbox 1086 2008 1279 2050; x_wconf 84' lang='lat' dir='ltr'><strong>paternae</strong></span> <span class='ocrx_word' id='word_1_271' title='bbox 1301 2003 1523 2052; x_wconf 73' lang='lat' dir='ltr'><strong>angustiae.</strong></span> <span class='ocrx_word' id='word_1_272' title='bbox 1555 2003 1600 2038; x_wconf 90' lang='lat' dir='ltr'><strong>In</strong></span> <span class='ocrx_word' id='word_1_273' title='bbox 1618 2004 1737 2038; x_wconf 88' lang='lat' dir='ltr'><strong>totam</strong></span> <span class='ocrx_word' id='word_1_274' title='bbox 1758 2004 1907 2038; x_wconf 85' lang='lat' dir='ltr'><strong>senten-</strong></span> 
     </span>
     <span class='ocr_line' id='line_1_27' title="bbox 395 2066 1906 2118; baseline -0.001 -12"><span class='ocrx_word' id='word_1_275' title='bbox 395 2070 486 2106; x_wconf 85' lang='lat' dir='ltr'><strong>tiam</strong></span> <span class='ocrx_word' id='word_1_276' title='bbox 522 2068 711 2117; x_wconf 82' lang='lat' dir='ltr'><strong>conferas,</strong></span> <span class='ocrx_word' id='word_1_277' title='bbox 740 2080 848 2117; x_wconf 89' lang='lat' dir='ltr'><strong>quem</strong></span> <span class='ocrx_word' id='word_1_278' title='bbox 877 2067 1052 2116; x_wconf 89' lang='lat' dir='ltr'><strong>laudant,</strong></span> <span class='ocrx_word' id='word_1_279' title='bbox 1091 2066 1284 2118; x_wconf 90' lang='lat' dir='ltr'><strong>Aristoph.</strong></span> <span class='ocrx_word' id='word_1_280' title='bbox 1318 2069 1446 2118; x_wconf 86' lang='lat' dir='ltr'><strong>Equit.</strong></span> <span class='ocrx_word' id='word_1_281' title='bbox 1482 2069 1548 2107; x_wconf 89' lang='grc'><strong>91.</strong></span> <span class='ocrx_word' id='word_1_282' title='bbox 1575 2080 1659 2116; x_wconf 91' lang='lat' dir='ltr'><strong>sqq.</strong></span> <span class='ocrx_word' id='word_1_283' title='bbox 1693 2071 1730 2104; x_wconf 87' lang='lat' dir='ltr'><strong>et</strong></span> <span class='ocrx_word' id='word_1_284' title='bbox 1767 2067 1906 2117; x_wconf 86' lang='lat' dir='ltr'><strong>Diphili</strong></span> 
     </span>
     <span class='ocr_line' id='line_1_28' title="bbox 394 2133 1906 2184; baseline -0.001 -12"><span class='ocrx_word' id='word_1_285' title='bbox 394 2136 528 2184; x_wconf 85' lang='lat' dir='ltr'><strong>fragm.</strong></span> <span class='ocrx_word' id='word_1_286' title='bbox 555 2134 602 2171; x_wconf 84' lang='lat' dir='ltr'><strong>ab</strong></span> <span class='ocrx_word' id='word_1_287' title='bbox 630 2133 823 2171; x_wconf 85' lang='lat' dir='ltr'><strong>Athenaeo</strong></span> <span class='ocrx_word' id='word_1_288' title='bbox 856 2136 900 2182; x_wconf 83' lang='grc'><strong>2,</strong></span> <span class='ocrx_word' id='word_1_289' title='bbox 935 2134 970 2171; x_wconf 89' lang='lat'><strong>1.</strong></span> <span class='ocrx_word' id='word_1_290' title='bbox 1006 2138 1216 2183; x_wconf 80' lang='lat' dir='ltr'><strong>servatum,</strong></span> <span class='ocrx_word' id='word_1_291' title='bbox 1243 2137 1344 2183; x_wconf 89' lang='lat' dir='ltr'><strong>quod</strong></span> <span class='ocrx_word' id='word_1_292' title='bbox 1372 2135 1444 2172; x_wconf 92' lang='lat' dir='ltr'><strong>huc</strong></span> <span class='ocrx_word' id='word_1_293' title='bbox 1460 2134 1709 2184; x_wconf 86' lang='lat' dir='ltr'><strong>transscripsit</strong></span> <span class='ocrx_word' id='word_1_294' title='bbox 1735 2133 1906 2170; x_wconf 83' lang='lat' dir='ltr'><strong>Orellius</strong></span> 
     </span>
     <span class='ocr_line' id='line_1_29' title="bbox 394 2199 1906 2250; baseline -0.001 -11"><span class='ocrx_word' id='word_1_295' title='bbox 394 2208 433 2239; x_wconf 83' lang='lat' dir='ltr'><strong>et</strong></span> <span class='ocrx_word' id='word_1_296' title='bbox 456 2203 505 2239; x_wconf 89' lang='lat' dir='ltr'><strong>ad</strong></span> <span class='ocrx_word' id='word_1_297' title='bbox 526 2202 601 2238; x_wconf 86' lang='lat' dir='ltr'><strong>Od.</strong></span> <span class='ocrx_word' id='word_1_298' title='bbox 622 2201 672 2250; x_wconf 86' lang='lat'><strong>3,</strong></span> <span class='ocrx_word' id='word_1_299' title='bbox 699 2201 749 2240; x_wconf 89' lang='grc'><strong>21</strong></span> <span class='ocrx_word' id='word_1_300' title='bbox 763 2228 776 2250; x_wconf 85' lang='grc'>,</span> <span class='ocrx_word' id='word_1_301' title='bbox 805 2202 869 2240; x_wconf 90' lang='grc'><strong>27.</strong></span> <span class='ocrx_word' id='word_1_302' title='bbox 901 2199 1253 2241; x_wconf 68' lang='grc' dir='ltr'><strong>ἰΙΙίίεοῆει-Ζίοήίιιε.</strong></span> <span class='ocrx_word' id='word_1_303' title='bbox 1293 2202 1396 2238; x_wconf 91' lang='lat' dir='ltr'><strong>Idem</strong></span> <span class='ocrx_word' id='word_1_304' title='bbox 1425 2202 1462 2237; x_wconf 90' lang='lat' dir='ltr'><strong>in</strong></span> <span class='ocrx_word' id='word_1_305' title='bbox 1490 2214 1568 2238; x_wconf 88' lang='lat' dir='ltr'><strong>rem</strong></span> <span class='ocrx_word' id='word_1_306' title='bbox 1587 2213 1692 2238; x_wconf 88' lang='lat' dir='ltr'><strong>suam</strong></span> <span class='ocrx_word' id='word_1_307' title='bbox 1711 2200 1796 2238; x_wconf 92' lang='lat' dir='ltr'><strong>olim</strong></span> <span class='ocrx_word' id='word_1_308' title='bbox 1818 2213 1906 2238; x_wconf 87' lang='lat' dir='ltr'><strong>con-</strong></span> 
     </span>
     <span class='ocr_line' id='line_1_30' title="bbox 394 2264 1906 2317; baseline -0.001 -12"><span class='ocrx_word' id='word_1_309' title='bbox 394 2269 506 2306; x_wconf 89' lang='lat' dir='ltr'><strong>vertit</strong></span> <span class='ocrx_word' id='word_1_310' title='bbox 535 2269 700 2316; x_wconf 74' lang='lat' dir='ltr'><strong>Lipsius</strong></span> <span class='ocrx_word' id='word_1_311' title='bbox 724 2268 762 2304; x_wconf 90' lang='lat' dir='ltr'><strong>in</strong></span> <span class='ocrx_word' id='word_1_312' title='bbox 783 2266 910 2315; x_wconf 84' lang='lat' dir='ltr'><strong>Antiq.</strong></span> <span class='ocrx_word' id='word_1_313' title='bbox 931 2265 1053 2304; x_wconf 89' lang='lat' dir='ltr'><strong>Lectt.</strong></span> <span class='ocrx_word' id='word_1_314' title='bbox 1074 2266 1122 2316; x_wconf 85' lang='lat'><strong>3,</strong></span> <span class='ocrx_word' id='word_1_315' title='bbox 1153 2267 1189 2306; x_wconf 88' lang='lat'><strong>1.</strong></span> <span class='ocrx_word' id='word_1_316' title='bbox 1215 2280 1251 2316; x_wconf 92' lang='lat' dir='ltr'><strong>p.</strong></span> <span class='ocrx_word' id='word_1_317' title='bbox 1272 2264 1366 2308; x_wconf 83' lang='lat'><strong>489.</strong></span> <span class='ocrx_word' id='word_1_318' title='bbox 1397 2269 1454 2305; x_wconf 86' lang='lat' dir='ltr'><strong>ed.</strong></span> <span class='ocrx_word' id='word_1_319' title='bbox 1474 2266 1598 2317; x_wconf 83' lang='lat' dir='ltr'><strong>Lugd.</strong></span> <span class='ocrx_word' id='word_1_320' title='bbox 1620 2268 1740 2306; x_wconf 84' lang='lat'><strong>1613.</strong></span> <span class='ocrx_word' id='word_1_321' title='bbox 1798 2267 1906 2304; x_wconf 84' lang='lat' dir='ltr'><strong>Adde</strong></span> 
     </span>
     <span class='ocr_line' id='line_1_31' title="bbox 394 2329 1766 2385; baseline -0.001 -11"><span class='ocrx_word' id='word_1_322' title='bbox 394 2335 566 2385; x_wconf 85' lang='lat' dir='ltr'><strong>Xenoph.</strong></span> <span class='ocrx_word' id='word_1_323' title='bbox 588 2336 714 2385; x_wconf 89' lang='lat' dir='ltr'><strong>Symp.</strong></span> <span class='ocrx_word' id='word_1_324' title='bbox 739 2335 785 2382; x_wconf 79' lang='lat'><strong>2,</strong></span> <span class='ocrx_word' id='word_1_325' title='bbox 815 2329 992 2373; x_wconf 79' lang='lat'><strong>24—26.</strong></span> <span class='ocrx_word' id='word_1_326' title='bbox 1026 2333 1165 2374; x_wconf 87' lang='lat' dir='ltr'><strong>Gatak.</strong></span> <span class='ocrx_word' id='word_1_327' title='bbox 1186 2333 1290 2375; x_wconf 77' lang='lat' dir='ltr'><strong>Misc.</strong></span> <span class='ocrx_word' id='word_1_328' title='bbox 1311 2334 1440 2372; x_wconf 91' lang='lat' dir='ltr'><strong>Posth.</strong></span> <span class='ocrx_word' id='word_1_329' title='bbox 1461 2347 1492 2373; x_wconf 86' lang='lat' dir='ltr'><strong>c.</strong></span> <span class='ocrx_word' id='word_1_330' title='bbox 1519 2333 1583 2372; x_wconf 88' lang='lat'><strong>15.</strong></span> <span class='ocrx_word' id='word_1_331' title='bbox 1607 2347 1645 2384; x_wconf 89' lang='lat' dir='ltr'><strong>p.</strong></span> <span class='ocrx_word' id='word_1_332' title='bbox 1673 2333 1766 2373; x_wconf 82' lang='lat'><strong>557.</strong></span> 
     </span>
    </p>

    <p class='ocr_par' dir='ltr' id='par_1_4' title="bbox 393 2399 1905 2984">
     <span class='ocr_line' id='line_1_32' title="bbox 506 2399 1905 2449; baseline -0.004 -7"><span class='ocrx_word' id='word_1_333' title='bbox 506 2400 554 2442; x_wconf 90' lang='lat' dir='ltr'><strong>V.</strong></span> <span class='ocrx_word' id='word_1_334' title='bbox 571 2403 636 2442; x_wconf 88' lang='lat'><strong>21.</strong></span> <span class='ocrx_word' id='word_1_335' title='bbox 680 2401 796 2437; x_wconf 80' lang='lat' dir='ltr'><strong>Haec·</strong></span> <span class='ocrx_word' id='word_1_336' title='bbox 818 2412 1034 2449; x_wconf 85' lang='lat' dir='ltr'><strong>procurare</strong></span> <span class='ocrx_word' id='word_1_337' title='bbox 1062 2403 1133 2436; x_wconf 87' lang='lat' dir='ltr'><strong>etc.</strong></span> <span class='ocrx_word' id='word_1_338' title='bbox 1191 2401 1322 2438; x_wconf 89' lang='lat' dir='ltr'><strong>Oratio</strong></span> <span class='ocrx_word' id='word_1_339' title='bbox 1345 2401 1442 2437; x_wconf 88' lang='lat' dir='ltr'><strong>redit</strong></span> <span class='ocrx_word' id='word_1_340' title='bbox 1469 2399 1574 2448; x_wconf 90' lang='lat' dir='ltr'><strong>illuc,</strong></span> <span class='ocrx_word' id='word_1_341' title='bbox 1602 2399 1702 2435; x_wconf 88' lang='lat' dir='ltr'><strong>unde</strong></span> <span class='ocrx_word' id='word_1_342' title='bbox 1722 2411 1757 2437; x_wconf 91' lang='lat' dir='ltr'><strong>v.</strong></span> <span class='ocrx_word' id='word_1_343' title='bbox 1778 2400 1816 2438; x_wconf 90' lang='lat'><strong>8.</strong></span> <span class='ocrx_word' id='word_1_344' title='bbox 1841 2399 1905 2436; x_wconf 88' lang='lat' dir='ltr'><strong>de-</strong></span> 
     </span>
     <span class='ocr_line' id='line_1_33' title="bbox 395 2465 1905 2518; baseline -0.001 -13"><span class='ocrx_word' id='word_1_345' title='bbox 395 2469 520 2518; x_wconf 85' lang='lat' dir='ltr'><strong>flexit,</strong></span> <span class='ocrx_word' id='word_1_346' title='bbox 545 2472 588 2505; x_wconf 88' lang='lat' dir='ltr'><strong>ut</strong></span> <span class='ocrx_word' id='word_1_347' title='bbox 602 2469 678 2518; x_wconf 87' lang='lat' dir='ltr'><strong>jam</strong></span> <span class='ocrx_word' id='word_1_348' title='bbox 696 2467 874 2504; x_wconf 90' lang='lat' dir='ltr'><strong>Horatius</strong></span> <span class='ocrx_word' id='word_1_349' title='bbox 903 2477 1028 2503; x_wconf 89' lang='lat' dir='ltr'><strong>omnes</strong></span> <span class='ocrx_word' id='word_1_350' title='bbox 1047 2466 1276 2503; x_wconf 86' lang='lat' dir='ltr'><strong>architriclini</strong></span> <span class='ocrx_word' id='word_1_351' title='bbox 1297 2470 1335 2503; x_wconf 86' lang='lat' dir='ltr'><strong>et</strong></span> <span class='ocrx_word' id='word_1_352' title='bbox 1354 2465 1597 2503; x_wconf 88' lang='lat' dir='ltr'><strong>convivatoris</strong></span> <span class='ocrx_word' id='word_1_353' title='bbox 1621 2468 1747 2516; x_wconf 87' lang='lat' dir='ltr'><strong>partes</strong></span> <span class='ocrx_word' id='word_1_354' title='bbox 1766 2477 1807 2502; x_wconf 90' lang='lat' dir='ltr'><strong>se</strong></span> <span class='ocrx_word' id='word_1_355' title='bbox 1825 2477 1905 2503; x_wconf 86' lang='lat' dir='ltr'><strong>esse</strong></span> 
     </span>
     <span class='ocr_line' id='line_1_34' title="bbox 394 2531 1904 2584; baseline -0.001 -15"><span class='ocrx_word' id='word_1_356' title='bbox 394 2534 628 2584; x_wconf 88' lang='lat' dir='ltr'><strong>impleturum</strong></span> <span class='ocrx_word' id='word_1_357' title='bbox 647 2533 752 2570; x_wconf 86' lang='lat' dir='ltr'><strong>hilari</strong></span> <span class='ocrx_word' id='word_1_358' title='bbox 771 2533 953 2582; x_wconf 85' lang='lat' dir='ltr'><strong>significet</strong></span> <span class='ocrx_word' id='word_1_359' title='bbox 971 2533 1104 2570; x_wconf 88' lang='lat' dir='ltr'><strong>animo.</strong></span> <span class='ocrx_word' id='word_1_360' title='bbox 1161 2532 1206 2569; x_wconf 90' lang='lat' dir='ltr'><strong>In</strong></span> <span class='ocrx_word' id='word_1_361' title='bbox 1235 2532 1324 2582; x_wconf 91' lang='lat' dir='ltr'><strong>ipsis</strong></span> <span class='ocrx_word' id='word_1_362' title='bbox 1356 2531 1475 2569; x_wconf 87' lang='lat' dir='ltr'><strong>verbis</strong></span> <span class='ocrx_word' id='word_1_363' title='bbox 1497 2531 1765 2569; x_wconf 85' lang='lat' dir='ltr'><strong>constituendis</strong></span> <span class='ocrx_word' id='word_1_364' title='bbox 1791 2531 1904 2568; x_wconf 90' lang='lat' dir='ltr'><strong>inter-</strong></span> 
     </span>
     <span class='ocr_line' id='line_1_35' title="bbox 395 2596 1904 2651; baseline -0.001 -15"><span class='ocrx_word' id='word_1_365' title='bbox 395 2605 519 2651; x_wconf 85' lang='lat' dir='ltr'><strong>pretes</strong></span> <span class='ocrx_word' id='word_1_366' title='bbox 549 2601 688 2638; x_wconf 87' lang='lat' dir='ltr'><strong>abeunt</strong></span> <span class='ocrx_word' id='word_1_367' title='bbox 720 2601 758 2636; x_wconf 91' lang='lat' dir='ltr'><strong>in</strong></span> <span class='ocrx_word' id='word_1_368' title='bbox 787 2600 858 2637; x_wconf 86' lang='lat' dir='ltr'><strong>alia</strong></span> <span class='ocrx_word' id='word_1_369' title='bbox 890 2599 1032 2646; x_wconf 88' lang='lat' dir='ltr'><strong>omnia;</strong></span> <span class='ocrx_word' id='word_1_370' title='bbox 1067 2599 1178 2636; x_wconf 88' lang='lat' dir='ltr'><strong>miror</strong></span> <span class='ocrx_word' id='word_1_371' title='bbox 1192 2603 1317 2636; x_wconf 87' lang='lat' dir='ltr'><strong>autem</strong></span> <span class='ocrx_word' id='word_1_372' title='bbox 1337 2599 1560 2648; x_wconf 75' lang='lat' dir='ltr'><strong>Reisigium</strong></span> <span class='ocrx_word' id='word_1_373' title='bbox 1577 2596 1904 2648; x_wconf 79' lang='lat' dir='ltr'><strong>(„Vorlesungen“</strong></span> 
     </span>
     <span class='ocr_line' id='line_1_36' title="bbox 397 2663 1903 2717; baseline -0.002 -14"><span class='ocrx_word' id='word_1_374' title='bbox 397 2670 467 2703; x_wconf 86' lang='lat' dir='ltr'><strong>ete.</strong></span> <span class='ocrx_word' id='word_1_375' title='bbox 487 2681 524 2717; x_wconf 89' lang='lat' dir='ltr'><strong>p.</strong></span> <span class='ocrx_word' id='word_1_376' title='bbox 546 2667 639 2706; x_wconf 84' lang='lat'><strong>698.</strong></span> <span class='ocrx_word' id='word_1_377' title='bbox 659 2665 707 2704; x_wconf 92' lang='grc' dir='ltr'><strong>Ν.</strong></span> <span class='ocrx_word' id='word_1_378' title='bbox 733 2667 846 2717; x_wconf 83' lang='grc'><strong>389.)</strong></span> <span class='ocrx_word' id='word_1_379' title='bbox 865 2665 962 2702; x_wconf 78' lang='lat' dir='ltr'><strong>haec</strong></span> <span class='ocrx_word' id='word_1_380' title='bbox 983 2666 1151 2715; x_wconf 84' lang='lat' dir='ltr'><strong>imperor</strong></span> <span class='ocrx_word' id='word_1_381' title='bbox 1169 2666 1419 2715; x_wconf 89' lang='lat' dir='ltr'><strong>conjunxisse,</strong></span> <span class='ocrx_word' id='word_1_382' title='bbox 1448 2665 1549 2713; x_wconf 88' lang='lat' dir='ltr'><strong>quod</strong></span> <span class='ocrx_word' id='word_1_383' title='bbox 1575 2677 1686 2713; x_wconf 89' lang='lat' dir='ltr'><strong>quam</strong></span> <span class='ocrx_word' id='word_1_384' title='bbox 1704 2663 1836 2701; x_wconf 85' lang='lat' dir='ltr'><strong>falsum</strong></span> <span class='ocrx_word' id='word_1_385' title='bbox 1855 2663 1903 2700; x_wconf 86' lang='lat' dir='ltr'><strong>sit</strong></span> 
     </span>
     <span class='ocr_line' id='line_1_37' title="bbox 393 2729 1900 2782; baseline -0.003 -13"><span class='ocrx_word' id='word_1_386' title='bbox 393 2733 489 2769; x_wconf 84' lang='lat' dir='ltr'><strong>bene</strong></span> <span class='ocrx_word' id='word_1_387' title='bbox 518 2733 608 2769; x_wconf 88' lang='lat' dir='ltr'><strong>vidit</strong></span> <span class='ocrx_word' id='word_1_388' title='bbox 637 2735 784 2771; x_wconf 82' lang='lat' dir='ltr'><strong>Haase.</strong></span> <span class='ocrx_word' id='word_1_389' title='bbox 842 2731 974 2781; x_wconf 85' lang='lat' dir='ltr'><strong>Neque</strong></span> <span class='ocrx_word' id='word_1_390' title='bbox 1000 2731 1213 2782; x_wconf 89' lang='lat' dir='ltr'><strong>probandus</strong></span> <span class='ocrx_word' id='word_1_391' title='bbox 1241 2734 1300 2768; x_wconf 88' lang='lat' dir='ltr'><strong>est</strong></span> <span class='ocrx_word' id='word_1_392' title='bbox 1318 2731 1551 2776; x_wconf 76' lang='lat' dir='ltr'><strong>Ilocheder,</strong></span> <span class='ocrx_word' id='word_1_393' title='bbox 1579 2730 1641 2780; x_wconf 89' lang='lat' dir='ltr'><strong>qui</strong></span> <span class='ocrx_word' id='word_1_394' title='bbox 1665 2729 1717 2767; x_wconf 89' lang='lat' dir='ltr'><strong>sic</strong></span> <span class='ocrx_word' id='word_1_395' title='bbox 1736 2729 1900 2767; x_wconf 87' lang='lat' dir='ltr'><strong>ordinat:</strong></span> 
     </span>
     <span class='ocr_line' id='line_1_38' title="bbox 395 2793 1902 2849; baseline -0.004 -13"><span class='ocrx_word' id='word_1_396' title='bbox 395 2799 567 2836; x_wconf 79' lang='lat' dir='ltr'><strong>Idoneus</strong></span> <span class='ocrx_word' id='word_1_397' title='bbox 592 2813 706 2844; x_wconf 82' lang='lat' dir='ltr'><strong>sum,</strong></span> <span class='ocrx_word' id='word_1_398' title='bbox 740 2799 806 2835; x_wconf 79' lang='lat' dir='ltr'><strong>cui</strong></span> <span class='ocrx_word' id='word_1_399' title='bbox 832 2799 955 2849; x_wconf 77' lang='lat' dir='ltr'><strong>haee,</strong></span> <span class='ocrx_word' id='word_1_400' title='bbox 984 2805 1029 2835; x_wconf 81' lang='lat' dir='ltr'><strong>ut</strong></span> <span class='ocrx_word' id='word_1_401' title='bbox 1053 2811 1287 2848; x_wconf 74' lang='lat' dir='ltr'><strong>procurem,</strong></span> <span class='ocrx_word' id='word_1_402' title='bbox 1321 2799 1586 2847; x_wconf 78' lang='lat' dir='ltr'><strong>imperentur,</strong></span> <span class='ocrx_word' id='word_1_403' title='bbox 1616 2803 1654 2832; x_wconf 80' lang='lat' dir='ltr'><strong>et</strong></span> <span class='ocrx_word' id='word_1_404' title='bbox 1674 2795 1811 2832; x_wconf 78' lang='lat' dir='ltr'><strong>lubens</strong></span> <span class='ocrx_word' id='word_1_405' title='bbox 1824 2793 1902 2845; x_wconf 85' lang='lat' dir='ltr'><strong>sa-</strong></span> 
     </span>
     <span class='ocr_line' id='line_1_39' title="bbox 395 2863 1902 2915; baseline -0.004 -13"><span class='ocrx_word' id='word_1_406' title='bbox 395 2866 511 2903; x_wconf 74' lang='lat' dir='ltr'><strong>ciam.</strong></span> <span class='ocrx_word' id='word_1_407' title='bbox 557 2863 674 2901; x_wconf 88' lang='lat' dir='ltr'><strong>Recte</strong></span> <span class='ocrx_word' id='word_1_408' title='bbox 688 2867 764 2915; x_wconf 89' lang='lat' dir='ltr'><strong>jam</strong></span> <span class='ocrx_word' id='word_1_409' title='bbox 783 2865 1031 2902; x_wconf 74' lang='lat' dir='ltr'><strong>Lambinus:</strong></span> <span class='ocrx_word' id='word_1_410' title='bbox 1059 2865 1155 2914; x_wconf 88' lang='lat' dir='ltr'><strong>„hae</strong></span> <span class='ocrx_word' id='word_1_411' title='bbox 1186 2867 1274 2901; x_wconf 91' lang='lat' dir='ltr'><strong>sunt</strong></span> <span class='ocrx_word' id='word_1_412' title='bbox 1293 2877 1396 2902; x_wconf 86' lang='lat' dir='ltr'><strong>meae</strong></span> <span class='ocrx_word' id='word_1_413' title='bbox 1429 2867 1572 2913; x_wconf 88' lang='lat' dir='ltr'><strong>partes:</strong></span> <span class='ocrx_word' id='word_1_414' title='bbox 1600 2863 1689 2900; x_wconf 88' lang='lat' dir='ltr'><strong>haec</strong></span> <span class='ocrx_word' id='word_1_415' title='bbox 1706 2871 1902 2912; x_wconf 86' lang='lat' dir='ltr'><strong>procurare</strong></span> 
     </span>
     <span class='ocr_line' id='line_1_40' title="bbox 394 2927 1900 2984; baseline -0.003 -16"><span class='ocrx_word' id='word_1_416' title='bbox 394 2930 545 2981; x_wconf 84' lang='lat' dir='ltr'><strong>jubeor:</strong></span> <span class='ocrx_word' id='word_1_417' title='bbox 575 2942 667 2980; x_wconf 85' lang='lat' dir='ltr'><strong>ego,</strong></span> <span class='ocrx_word' id='word_1_418' title='bbox 695 2933 759 2981; x_wconf 90' lang='lat' dir='ltr'><strong>qui</strong></span> <span class='ocrx_word' id='word_1_419' title='bbox 791 2933 840 2971; x_wconf 91' lang='lat' dir='ltr'><strong>ad</strong></span> <span class='ocrx_word' id='word_1_420' title='bbox 867 2932 962 2971; x_wconf 90' lang='lat' dir='ltr'><strong>hanc</strong></span> <span class='ocrx_word' id='word_1_421' title='bbox 983 2931 1278 2984; x_wconf 88' lang='lat' dir='ltr'><strong>procurationem</strong></span> <span class='ocrx_word' id='word_1_422' title='bbox 1298 2930 1452 2968; x_wconf 90' lang='lat' dir='ltr'><strong>idoneus</strong></span> <span class='ocrx_word' id='word_1_423' title='bbox 1471 2943 1574 2981; x_wconf 89' lang='lat' dir='ltr'><strong>sum,</strong></span> <span class='ocrx_word' id='word_1_424' title='bbox 1603 2933 1641 2967; x_wconf 87' lang='lat' dir='ltr'><strong>et</strong></span> <span class='ocrx_word' id='word_1_425' title='bbox 1669 2940 1743 2967; x_wconf 89' lang='lat' dir='ltr'><strong>non</strong></span> <span class='ocrx_word' id='word_1_426' title='bbox 1766 2927 1900 2966; x_wconf 86' lang='lat' dir='ltr'><strong>invitus</strong></span> 
     </span>
    </p>
   </div>
  </div>
 </body>
</html>
