2028 3268
5 2807 18 2842 :-
0 2709 30 2788 Μ’,

14 2884 35 2944 ³-ss
24 2857 41 2863 τ
23 2822 37 2837 -j
19 2768 39 2807 *uh-0
16 2688 41 2726 ,ΣΝ

15 1723 24 1738 ὃ

10 1747 29 1771 ι,

4 1773 30 1814 ςῗζὶ.

0 2142 27 2188 ,τῇ

10 2277 33 2309 10¹!

0 2347 8 2375 '‹
12 2361 17 2378 ί

6 2495 42 2685 *·*-:.-211}5·ss‹1·³3..
3 2453 35 2474 -Ξ
5 2427 12 2435 “
3 2393 38 2412 ,1

152 283 208 326 93
293 279 676 322 COMMENTARII
703 282 765 322 IN
792 281 1016 324 HORATII
1044 282 1147 323 LIB.
1166 284 1197 322 I.
1216 282 1385 323 EPIST.
1407 283 1555 323 SEPT.
1615 283 1699 325 365

147 412 275 447 rerum
302 407 467 459 pretium
497 409 627 459 novit,
656 409 776 460 ·qu0d
805 413 953 448 rectum
982 409 1030 447 de
1059 407 1175 447 rebus
1198 408 1381 459 judicium
1402 409 1602 461 prohibet,
1649 423 1698 448 ne

147 477 189 516 in
218 476 410 520 ,beneficio
454 476 675 515 collocando
717 477 778 515 vel
806 478 1132 527 inconsideratus,
1181 477 1242 516 vel
1272 478 1455 529 prodigus
1485 480 1535 518 sit
1560 491 1697 517 aureos

148 545 206 584 uti
241 544 393 596 lupinos
424 545 638 583 effundens.
714 544 788 583 Alii
824 550 865 584 ut
905 545 971 583 Fr.
1008 545 1164 584 Jacobs.
1197 559 1236 596 p.
1270 544 1365 586 114.
1405 548 1476 585 ita:
1534 546 1697 598 „probe

147 614 354 668 perspicit,
401 626 499 664 quae
539 614 642 651 dona
677 627 808 652 verum
845 614 1011 652 habeant
1051 614 1237 665 pretium,
1287 627 1385 665 quae
1422 615 1597 666 exiguum
1630 618 1698 652 aut

147 682 313 732 nullum,
358 694 456 732 quae
485 694 768 733 supervacanea
799 687 915 733 atque
943 682 1107 732 inutilia,
1150 682 1323 732 qualibus
1351 683 1575 734 plerumque
1602 682 1697 720 ami-

149 763 218 790 cos
246 751 441 789 tenuiores
470 750 633 789 cumulat
661 751 845 790 stultus.⁴⁶
901 751 978 796 Qui
1004 750 1132 789 verbis
1161 751 1251 787 Nec
1280 758 1412 788 tamen
1441 751 1698 805 offenduntur,

148 831 228 858 non
254 819 536 870 ponderarunt,
568 819 662 857 haec
694 820 814 858 verba
843 819 1011 857 Calabro
1040 820 1091 857 illi
1119 819 1260 870 hospiti
1289 819 1403 871 pleno
1433 832 1547 858 sacco
1575 818 1698 857 effim-

149 887 256 926 denti
293 899 381 925 esse
420 889 610 938 opposita.
695 888 755 930 Cf.
789 889 874 926 Juv.
916 886 993 938 14,
1043 888 1110 930 25.
1196 888 1336 939 Neque
1384 887 1582 937 Orellms,
1634 885 1699 936 qui

146 953 270 1004 hanc,
312 967 427 1006 quam
452 957 675 1006 posuimus,
715 956 1004 1007 explicationem
1032 956 1246 1007 improbat,
1285 957 1376 1006 quia
1411 957 1522 1007 „hac
1550 955 1699 993 ratione

149 1021 342 1060 beneficus
369 1023 431 1061 ille
461 1023 589 1063 subito
621 1026 760 1063 evadat
785 1025 961 1062 sordidus
988 1029 1182 1063 veterator
1193 1025 1239 1075 ‚⁴⁶
1266 1038 1412 1063 memor
1440 1026 1512 1063 fuit
1540 1025 1697 1062 Cicero-

146 1091 250 1130 niani
277 1090 373 1128 illius
405 1091 495 1143 loci,
523 1107 648 1144 neque
671 1094 841 1132 Senecae
867 1094 916 1130 de
945 1094 1078 1131 Benef.
1108 1095 1148 1144 1,
1178 1096 1218 1134 7.
1278 1093 1416 1131 Mallo
1439 1094 1600 1144 gratius
1628 1103 1699 1128 νε-

147 1161 236 1206 nit,
264 1159 374 1212 quod
391 1160 541 1212 sacili,
572 1176 696 1213 quam
726 1162 836 1214 quod
857 1162 982 1212 plena
1012 1176 1139 1199 manu,
1167 1161 1302 1199 datar.
1363 1160 1447 1200 Nos
1477 1172 1630 1210 quoque
1658 1158 1699 1195 in

147 1229 284 1267 eadem
312 1242 354 1266 re
383 1229 562 1267 dicimus:
610 1233 765 1280 „erist
793 1231 1041 1282 wohlth'atig‚
1091 1230 1188 1268 ohne
1221 1234 1337 1268 etwas
1366 1225 1698 1280 wegzuwerfen.“

146 1297 261 1336 Multi
290 1297 454 1347 denique
482 1298 521 1335 in
549 1299 833 1349 comparatione
862 1299 1010 1338 illorum
1035 1313 1094 1339 vv.
1103 1325 1117 1348 ,
1149 1298 1253 1350 qaid
1277 1298 1369 1335 dist.
1403 1311 1498 1335 aera
1527 1297 1699 1348 lupinis,

146 1366 201 1403 ita
230 1365 475 1415 dissentiunt,
506 1371 547 1404 ut
575 1380 653 1404 non
683 1381 811 1405 rerum
839 1368 1007 1418 pretium
1038 1368 1110 1406 rite
1138 1368 1430 1418 ponderandum
1448 1365 1698 1417 significetur,

148 1433 219 1470 sed
247 1433 442 1472 hominum
473 1434 690 1485 diversitas,
721 1448 796 1486 qua
825 1437 882 1473 vir
912 1434 1038 1473 bonus
1067 1439 1106 1474 et
1131 1434 1329 1473 beneficus
1360 1436 1495 1486 dignos
1525 1434 1572 1471 ab
1599 1433 1698 1472 indi-

147 1501 234 1552 gnis
269 1502 480 1552 prudenter
517 1504 741 1555 distinguat.
802 1505 903 1554 Qui,
953 1506 1009 1544 uti
1037 1503 1324 1542 Doederlinius
1335 1531 1352 1549 ,
1397 1517 1434 1542 v.
1465 1502 1601 1554 dignis
1626 1513 1698 1553 pro

147 1568 326 1609 Ablativo
356 1583 444 1621 gen.
465 1572 636 1609 neutrius
665 1571 823 1622 habent,
855 1573 941 1623 sibi,
973 1587 1088 1624 quum
1111 1573 1165 1611 ita
1193 1573 1506 1624 interpretantur,
1537 1582 1700 1609 consen-

147 1639 252 1677 tanei
280 1643 384 1688 sunt,
423 1638 600 1677 Orellius
629 1639 741 1678 aliter
769 1646 942 1680 statuens
963 1655 1039 1680 non
1058 1642 1162 1680 item.
1221 1642 1287 1679 Sic
1306 1641 1404 1679 enim
1422 1638 1702 1677 incommodum

146 1707 410 1761 ταυτολογίας
434 1707 576 1746 crimen
595 1708 759 1747 Horatio
788 1709 1022 1760 impingitur.
1080 1710 1219 1749 Melius
1248 1709 1364 1760 igitur
1390 1706 1566 1758 procedit
1589 1706 1702 1743 Doe-

149 1774 314 1813 derlinii
340 1775 476 1816 horum
505 1790 686 1815 versuum
713 1778 1000 1828 interpretatio:
1029 1776 1127 1828 „Vir
1154 1777 1280 1815 bonus
1310 1789 1355 1814 ac
1382 1776 1537 1826 sapiens
1567 1778 1702 1812 contra

147 1845 199 1883 ad
228 1856 275 1883 ea
304 1845 483 1883 donanda
509 1850 666 1896 paratus
692 1851 767 1895 est,
798 1859 902 1897 quae
931 1846 1061 1898 digna
1090 1860 1130 1884 se
1157 1846 1225 1883 vel
1249 1847 1378 1883 amico
1407 1850 1503 1882 sunt
1528 1855 1574 1881 ac
1603 1841 1703 1880 bene

149 1914 420 1963 sapienterque
447 1913 600 1963 dantur,
629 1926 717 1951 non·
736 1918 866 1952 tamen
896 1914 1051 1953 cuilibet
1078 1915 1261 1965 largiens,
1290 1914 1361 1952 sed
1381 1913 1512 1951 electis
1535 1911 1702 1963 pruden-

149 1983 211 2018 ter
239 1983 280 2018 et
307 1979 479 2030 probatis
509 1986 598 2019 ante
628 1982 779 2028 amicis3
819 1995 892 2020 nec
922 1983 1022 2021 enim
1049 1983 1201 2033 ignorat
1223 1983 1314 2032 quid
1339 1982 1484 2020 distent
1510 1993 1607 2016 aera
1636 1978 1703 2015 lu-

143 2048 284 2099 pinis,
324 2047 430 2098 digni
458 2049 568 2086 amici
597 2048 644 2086 ab
674 2050 860 2099 indignis;
905 2051 960 2088 ita
990 2054 1034 2088 ut
1060 2051 1120 2087 cui
1148 2050 1356 2100 largiatur,
1398 2047 1561 2088 eundem
1589 2047 1703 2086 etiam

152 2116 257 2167 diligi
284 2127 308 2152 a
337 2128 380 2153 se
411 2118 451 2153 et
478 2118 606 2166 magni
635 2117 828 2154 aestimari
856 2117 1086 2167 profiteatur
1116 2122 1155 2155 et
1191 2116 1482 2155 contestetur.“
1538 2115 1702 2152 Errasse

151 2189 280 2224 autem
310 2184 400 2222 mihi
431 2183 585 2234 quidem
614 2183 653 2220 in
693 2196 739 2220 eo
769 2184 919 2222 videtur
947 2184 1014 2221 Vir
1042 2185 1309 2233 doctissimus,
1358 2184 1463 2234 quod
1491 2182 1697 2220 antithesin

151 2254 331 2293 relativae
360 2252 572 2291 sententiae
599 2264 703 2302 quae
731 2252 885 2302 spernit
913 2258 950 2287 et
978 2251 1064 2289 odit
1091 2252 1131 2289 in
1154 2263 1189 2289 v.
1213 2251 1349 2302 dignis
1378 2251 1483 2300 vidit,
1512 2263 1627 2300 quum
1655 2262 1702 2288 ea

153 2324 204 2362 sit
239 2324 279 2361 in
318 2334 378 2360 vv.
409 2320 499 2358 Nec
529 2326 663 2356 tamen
703 2341 754 2347 -—
798 2318 964 2369 lupinis.
1027 2318 1088 2359 De
1125 2320 1277 2370 lupinis
1316 2318 1365 2356 ab
1394 2317 1639 2356 histrionibus
1663 2319 1704 2356 in

153 2403 270 2431 scena
305 2395 345 2429 et
377 2388 425 2428 ab
460 2386 691 2425 aleatoribus
732 2388 842 2438 quasi
879 2387 1014 2426 fictitia
1051 2389 1214 2440 pecunia
1240 2386 1432 2438 usurpatis
1460 2386 1536 2424 vid.
1566 2384 1603 2423 T
1606 2398 1699 2436 orn,

153 2459 282 2498 Schm.
307 2462 346 2497 et
366 2456 487 2496 Orell.
511 2456 561 2493 ad
577 2455 615 2493 h.
632 2455 658 2493 l.
682 2459 721 2494 et
735 2456 914 2493 Wernsd.
931 2457 982 2494 ad
996 2455 1178 2494 Priscian.
1196 2457 1244 2494 de
1259 2455 1380 2496 Pond.
1397 2458 1435 2492 et
1450 2453 1619 2491 Mensur.
1634 2454 1701 2496 12.

267 2525 314 2564 V.
355 2523 424 2568 24.
494 2523 684 2574 Dignum
713 2523 931 2574 praestabo
968 2538 1031 2562 me
1070 2525 1191 2562 etiam
1223 2537 1302 2575 pro
1341 2522 1462 2560 laude
1500 2523 1702 2568 merentis,

153 2595 181 2633 i.
210 2607 245 2632 e.
282 2606 397 2644 „ego
427 2605 582 2642 quoque
611 2605 684 2643 pro
714 2604 758 2629 ea
768 2619 782 2642 ‚
823 2605 898 2643 qua
927 2593 1011 2643 quis
1044 2595 1093 2631 de
1122 2606 1184 2632 me
1213 2592 1372 2641 meruit,
1417 2591 1532 2628 laude
1552 2603 1598 2629 ac
1626 2591 1703 2629 vir-

155 2666 238 2702 tute
263 2674 324 2701 me
352 2660 519 2698 vicissim
547 2659 753 2711 praestabo
785 2660 896 2698 donis
927 2661 1108 2711 dignum,
1160 2661 1241 2699 sive
1268 2659 1409 2710 talem,
1459 2658 1609 2710 qualem
1637 2662 1705 2696 tua

157 2730 207 2769 de
234 2743 296 2768 me
326 2729 507 2767 merentis
536 2727 706 2778 postulat
727 2727 810 2765 laus
832 2731 947 2778 atque
976 2727 1144 2766 virtus.“
1201 2727 1309 2767 Haec
1333 2731 1476 2777 autem,
1504 2731 1548 2765 ut
1574 2727 1703 2766 Hora-

155 2798 234 2837 tius
261 2800 366 2835 tecte
395 2794 606 2846 significat,
636 2796 676 2832 in
706 2808 752 2832 eo
783 2797 971 2845 cernitur,
1003 2796 1108 2846 quod
1137 2795 1209 2833 sibi
1232 2800 1366 2847 utpote
1393 2795 1545 2847 digno,
1579 2807 1704 2846 neque

157 2863 446 2903 inconsiderate
489 2863 604 2901 stulte
642 2864 891 2915 prodigorum
926 2865 1069 2912 instar,
1114 2862 1277 2914 benigne
1314 2864 1449 2903 fecerit
1485 2863 1702 2902 Maecenas.

158 2932 300 2972 Dubito
328 2933 465 2982 igitur,
501 2943 592 2969 num
620 2936 726 2970 recte
755 2936 847 2983 post
868 2945 904 2970 v.
936 2945 997 2968 me
1026 2931 1279 2982 distinguant,
1309 2935 1352 2970 ut
1379 2945 1424 2971 ex
1455 2931 1706 2970 IlIitselzerli—

161 3000 244 3039 chii
269 2999 586 3053 interpretatione
609 2999 800 3039 sententia
828 2999 921 3039 haec
948 3000 1019 3038 sit:
1070 3004 1187 3050 „tam
1217 3003 1368 3051 gratum
1396 3013 1458 3039 me
1497 2999 1565 3038 tibi
1591 3011 1703 3051 prae-
