2028 3268
422 255 506 299 326
562 256 934 297 COMMENTARII
961 257 1018 296 IN
1045 254 1264 297 HORATII
1289 256 1388 298 LIB.
1407 258 1437 298 Ι.
1456 258 1618 300 EPIST.
1641 259 1790 301 SEXT.
1879 259 1935 303 54

422 369 557 408 Octav.
591 368 687 410 489.
723 368 830 419 (ibiq.
862 367 1027 418 Baden.)
1063 366 1192 404 orbem
1226 374 1270 404 tu
1300 381 1416 406 saera
1450 371 1576 419 specie
1604 372 1736 422 regis,
1773 371 1936 409 Patriae

417 450 577 486 parens.
636 436 830 472 Claudian.
863 433 903 474 4.
934 435 1050 473 cons,
1078 433 1223 472 Honor.
1261 434 1330 475 83.
1385 434 1550 473 Amissa
1578 440 1702 487 specie
1736 439 1936 489 raptisque

419 501 642 553 insignibus
670 499 784 537 ambo
805 501 857 537 In
875 500 1008 537 vultus
1030 500 1175 537 rediere
1196 514 1298 539 suos.
1344 500 1500 540 Lucian.
1519 503 1667 553 Nigrin.
1690 503 1755 544 15.
1800 500 1937 553 “Ooug

419 591 474 598 —
501 563 692 620 πορφύρᾳ
729 565 796 606 καὶ
835 567 1044 621 δυναστείᾳ
1073 571 1203 620 μετρεῖ
1226 564 1268 608 vd
1304 566 1502 620 εὔδαιμον.
1558 570 1663 608 Haec
1689 574 1815 609 autem
1833 584 1936 608 aura

412 634 649 686 popularis,
690 634 972 671 commendatio
999 635 1042 670 in
1069 635 1215 686 vulgus
1224 664 1242 682 ,
1273 637 1396 688 favor
1416 636 1581 686 populi,
1625 649 1699 687 quo
1731 636 1937 674 mobilium

419 701 536 738 turba
581 700 793 750 Quiritium
821 713 910 738 suos
948 707 1070 737 certat
1100 704 1322 752 tergeminis
1355 701 1489 738 tollere
1516 702 1752 750 honoribus,
1794 708 1832 742 et
1860 717 1934 755 quo

418 770 501 819 quis
529 767 726 805 deseendit
755 768 798 804 in
823 768 1017 817 Campum
1040 769 1192 818 petitor,
1251 769 1395 807 Contra
1415 769 1584 819 disputat
1604 770 1736 808 Cicero
1755 772 1796 810 in
1813 772 1932 810 Tusc.

418 836 458 884 5,
486 836 569 885 36„
598 835 663 873 ubi
683 836 869 872 contraria
887 838 975 872 sunt
1004 833 1251 886 ignobilitas,
1279 834 1486 872 humilitas
1513 839 1551 873 et
1573 836 1787 887 popularis
1812 837 1935 890 offen-

415 904 486 939 sio·
548 902 690 940 Totum
726 901 850 939 locum
883 914 1082 953 perperam
1116 902 1388 952 interpretatus
1425 906 1485 940 est
1530 904 1778 952 Torrentius,
1821 916 1934 954 quem

415 970 612 1019 impugnat
641 969 856 1014 Dae-erius,
890 970 947 1006 cui
977 969 1121 1018 species
1150 972 1210 1006 est
1242 968 1309 1018 „la
1337 969 1434 1008 belle
1462 983 1695 1021 apparence,
1723 982 1864 1008 comme
1895 970 1933 1008 la

419 1036 689 1085 magnificence
708 1037 802 1073 dans
830 1035 886 1073 les
912 1035 1051 1084 habits,
1083 1037 1177 1073 dans
1205 1035 1240 1072 le
1267 1037 1378 1086 train,
1405 1036 1530 1076 l'e'clat
1548 1040 1616 1077 des
1637 1037 1807 1088 Charges
1836 1040 1930 1083 etc.;

411 1103 573 1152 gratia,
600 1102 809 1150 l'autorite'‚
839 1101 873 1139 le
902 1101 1118 1140 credit.“!‘.l

525 1169 570 1207 V.
603 1170 671 1210 50.
730 1170 955 1206 Μενεεηιιιν
988 1181 1171 1213 servum,
1218 1169 1289 1218 qui
1322 1167 1440 1204 dictet
1471 1170 1647 1207 nomina.
1705 1170 1759 1208 Ut
1784 1170 1932 1210 Romae

413 1236 594 1274 maximae
626 1236 812 1273 civilitatis
838 1240 933 1284 erat,
953 1236 1032 1273 sine
1054 1234 1332 1272 nomenclatore
1360 1234 1490 1271 obvios
1519 1235 1680 1274 salutare
1708 1237 1800 1288 (vid.
1823 1238 1929 1276 Cort.

415 1306 455 1340 et
487 1302 602 1340 Fabr.
637 1304 686 1339 ad
718 1303 872 1340 Sallust.
902 1303 989 1352 Jug.
1024 1300 1075 1351 4,
1124 1302 1165 1342 3.
1222 1302 1348 1340 Burm.
1379 1303 1427 1338 ad
1454 1300 1606 1341 Petron.
1639 1302 1748 1355 44.),
1795 1305 1932 1342 divites

413 1369 513 1406 enim
546 1373 584 1406 et
613 1369 859 1406 fastuosiores
887 1368 1116 1417 salutabant,
1144 1372 1186 1406 ut
1211 1369 1264 1405 ait
1289 1368 1477 1407 Lucianus
1505 1370 1545 1407 in
1570 1370 1720 1420 Nigrin.
1742 1373 1809 1412 21.
1837 1369 1931 1418 τούς

413 1433 722 1487 ἐντυγχάνοντας
750 1431 935 1490 ἀλλοτρίᾳ
962 1439 1102 1490 φωνῇ;
1130 1435 1184 1473 ita
1203 1435 1390 1472 candidati
1416 1435 1555 1474 nullam
1582 1437 1932 1487 praetermittebant

413 1503 650 1540 occasionem
679 1505 878 1541 testandae
908 1515 998 1541 suae
1026 1503 1064 1540 in
1091 1515 1180 1551 eos,
1225 1515 1248 1539 a
1273 1502 1407 1552 quibus
1430 1504 1552 1553 juvari
1584 1517 1626 1542 se
1653 1516 1768 1554 posse
1797 1518 1930 1555 spera-

412 1569 526 1618 bant,
554 1571 808 1619 reverentiae,
838 1572 940 1621 quod
969 1583 1042 1621 quo
1071 1570 1215 1607 facilius
1240 1571 1432 1619 facerent,
1466 1571 1642 1608 mercede
1667 1571 1928 1610 conducebant

410 1649 583 1685 servum,
630 1638 694 1686 qui
722 1637 914 1675 obviorum
940 1637 1091 1676 nomina
1123 1636 1192 1674 sibi
1218 1637 1439 1674 indicarent.
1495 1637 1532 1674 Is
1562 1640 1622 1674 est
1647 1638 1926 1689 nomenclator,

411 1705 603 1748 monitor,
629 1703 788 1753 sartor,
831 1699 1126 1754 ὄνοματὸλογος.
1183 1702 1265 1739 Vid.
1305 1702 1466 1740 Casaub.
1506 1705 1556 1740 ad
1583 1704 1690 1741 Suet.
1720 1703 1817 1754 Aug.
1861 1704 1927 1746 19.

409 1769 503 1807 Dac.
534 1771 581 1807 ad
610 1769 716 1807 Fest.
741 1782 779 1819 p.
811 1767 907 1810 429.
937 1770 996 1806 ed.
1025 1767 1195 1805 Lindem.
1224 1769 1386 1819 interpp.
1415 1771 1464 1807 ad
1490 1768 1647 1808 Lucian.
1679 1772 1727 1810 de
1761 1775 1925 1812 merced.

410 1838 584 1874 conduct.
613 1836 679 1874 III.
703 1849 742 1886 p.
774 1835 870 1875 530.
902 1835 987 1885 Bip.
1012 1835 1171 1872 Becker.
1196 1836 1244 1872 ad
1274 1835 1372 1872 Gall.
1399 1836 1429 1873 I.
1458 1849 1497 1886 p.
1529 1837 1622 1877 114.
1653 1836 1748 1879 249.
1771 1842 1810 1876 et
1830 1852 1926 1890 quos

409 1903 468 1941 hic
497 1905 770 1953 congesserunt
800 1901 905 1938 locos
929 1900 1179 1946 Lambinus,
1216 1901 1500 1948 bVielandius,
1535 1903 1774 1944 Schmidius.

518 1970 562 2007 V.
594 1970 660 2010 51.
701 1969 859 2005 laevum.
893 1967 974 2015 Qui
1003 1988 1051 1995 -—
1074 1969 1290 2018 porrigere.
1349 1969 1389 2007 N
1392 1970 1621 2008 omenclator
1650 1970 1764 2021 igitur
1794 1973 1925 2010 admo-

408 2037 522 2073 nendi
550 2048 664 2073 causa
690 2034 857 2084 (Ruhnk.
886 2036 934 2071 ad
961 2035 1118 2072 Terent.
1145 2035 1283 2085 Hecyr.
1305 2035 1346 2084 3,
1382 2036 1422 2085 5,
1455 2037 1520 2076 17.
1576 2037 1735 2088 Rupert.
1763 2040 1812 2077 ad
1839 2039 1923 2078 Juv.

408 2106 460 2151 7,
503 2102 615 2153 108.)
656 2103 844 2140 candidati
869 2103 1003 2153 pungit
1033 2102 1130 2139 latus
1161 2105 1199 2139 et
1233 2101 1414 2150 laevum,
1466 2107 1599 2154 utpote
1639 2118 1750 2155 quem
1779 2105 1926 2145 laevum

406 2171 580 2207 incedere
615 2171 790 2218 deceret,
853 2170 900 2206 ‹le
932 2181 1006 2219 qua
1033 2182 1074 2207 re
1101 2169 1176 2207 vid.
1207 2167 1314 2219 LiPS.
1343 2169 1464 2208 Elect.
1499 2173 1545 2221 2,
1595 2173 1634 2213 2.
1707 2170 1846 2210 Heind.
1884 2175 1924 2209 et

408 2236 525 2274 Orell.
555 2238 604 2274 ad
633 2237 715 2274 Sat.
744 2238 783 2286 2,
809 2237 849 2286 5,
879 2238 944 2276 17.
1000 2236 1130 2275 Heinr.
1161 2237 1209 2274 ad
1233 2235 1316 2274 Juv.
1350 2237 1392 2287 3,
1423 2238 1516 2278 131.
1574 2238 1699 2282 Quum
1723 2238 1808 2286 1106,
1842 2241 1923 2276 tum

407 2304 596 2340 contraria
617 2304 678 2340 illa
704 2305 781 2354 joci
806 2304 939 2354 plena:
970 2304 1128 2340 laevum
1158 2325 1207 2331 -—
1239 2303 1416 2340 dextram
1443 2317 1520 2341 non
1541 2308 1742 2343 senserunt
1767 2307 1833 2342 aut
1858 2305 1923 2354 qui

405 2371 507 2408 varia
534 2371 678 2408 ratione
706 2370 795 2419 [vid.
825 2371 999 2419 Fabrie.‚
1035 2371 1147 2408 Torr.
1175 2374 1215 2407 et
1243 2371 1369 2421 Baxt.]
1397 2371 1620 2421 scripturam
1648 2383 1811 2407 saevum
1837 2374 1923 2409 tue-

405 2443 551 2486 rentur,
580 2442 645 2475 aut
674 2439 757 2487 qui,
787 2442 830 2476 ut
857 2437 1072 2474 Landinus
1097 2441 1136 2474 et
1162 2436 1379 2474 Asc-ensius
1391 2464 1407 2482 ,
1441 2437 1694 2487 intelligerent
1717 2437 1815 2476 latus
1842 2439 1923 2477 suf-

406 2506 610 2555 fragatoris
639 2503 699 2541 vel
732 2505 861 2555 populi
892 2505 1148 2552 excitandum,
1187 2507 1230 2541 ut
1262 2504 1294 2541 is
1326 2505 1538 2554 porrigeret
1565 2505 1735 2543 dextram
1762 2509 1802 2543 et
1831 2517 1922 2556 pro-

403 2574 571 2611 mitteret
599 2572 905 2622 suffragationem
935 2570 1006 2620 vel,
1033 2572 1088 2609 uti
1117 2571 1267 2620 Acron,
1297 2571 1482 2619 Bonfinis
1510 2575 1549 2609 et
1579 2571 1841 2609 Britannicus
1864 2572 1920 2609 la-

403 2644 463 2676 tus
487 2639 615 2689 populi
641 2639 724 2676 loco
751 2652 828 2676 non
855 2639 1022 2677 cedentis
1047 2642 1087 2676 et
1117 2639 1164 2675 ob
1193 2651 1274 2676 eam
1297 2651 1447 2676 causam
1474 2639 1733 2687 fodicandum,
1761 2642 1804 2676 ut
1828 2637 1918 2675 hero

403 2706 462 2742 via
490 2708 655 2744 daretur.
714 2706 849 2755 Neque
874 2707 1081 2744 audiendus
1113 2709 1172 2742 est
1199 2704 1444 2754 Lambinus,
1479 2718 1592 2754 quum
1617 2707 1656 2742 in
1679 2704 1801 2742 verbis
1824 2703 1919 2740 dex-

403 2779 505 2808 tram
528 2773 764 2823 porrigendi
788 2773 873 2810 coll.
900 2773 935 2811 T
938 2773 1039 2810 ibull.
1068 2775 1106 2822 1,
1134 2774 1174 2822 5,
1203 2772 1270 2813 64.
1294 2772 1387 2810 hanc
1415 2773 1540 2810 inesse
1562 2772 1736 2822 opinatur
1765 2773 1916 2808 senten-

403 2840 514 2876 tiam:
559 2840 908 2888 „nomenclatorem
943 2853 1079 2890 cogere
1112 2839 1241 2878 herum
1272 2852 1404 2887 suum,
1439 2843 1543 2876 trans
1576 2850 1666 2876 saxa
1697 2840 1762 2876 aut
1787 2835 1916 2874 trabes

402 2905 527 2955 magni
548 2906 726 2956 ponderis
755 2906 886 2958 (Prop.
916 2909 966 2956 3,
996 2910 1042 2957 1,
1066 2905 1151 2957 62.)
1161 2933 1174 2956 ,
1202 2919 1298 2957 quae
1331 2906 1389 2943 vel
1417 2905 1595 2957 plaustris
1627 2903 1827 2953 vehantur,
1857 2903 1915 2941 vel
