2028 3268
308 265 361 306 68
451 267 813 307 COMMENTARII
841 268 895 304 IN
921 267 1136 306 HORATII
1165 267 1336 305 EPIST.
1366 267 1506 305 PRIM.
1525 267 1622 304 LIB.
1649 269 1679 303 1.

310 378 505 415 lectorum
528 378 618 416 illos
637 379 790 416 labores
806 378 1076 415 molestiarum
1101 379 1261 430 plenos,
1292 377 1361 429 qui
1380 391 1459 414 non
1478 377 1651 427 ignoret,
1681 389 1823 427 perpe-

313 452 380 481 tua
404 445 477 481 hoc
499 444 782 482 consuetudine
810 457 894 481 esse
919 452 1171 495 usurpatum,
1206 452 1250 481 ut
1278 445 1338 481 illi
1380 441 1564 480 Athletae
1595 445 1756 494 pulvere
1782 455 1823 479 se

315 517 586 563 aspergerent,
616 523 697 547 non
714 509 833 548 modo
857 511 1093 549 valetudinis
1116 513 1266 549 ratione
1284 510 1431 557 habita,
1455 509 1525 546 sed
1540 511 1666 548 multo
1683 509 1824 559 magis,

314 586 370 625 ut,
402 591 524 629 quum
542 575 639 613 nudi
652 584 875 627 pugnarent
888 585 926 614 et
937 580 1148 629 unguentis
1169 578 1346 623 delibuti,
1377 583 1538 627 possent
1557 589 1598 612 se
1619 577 1695 626 ipsi
1715 587 1826 611 com-

315 646 434 696 plecti
453 644 588 680 artius.
645 644 742 681 Inde
764 645 972 682 Horatium
992 644 1095 681 nihil
1116 644 1224 682 aliud
1247 646 1322 681 nisi
1351 642 1425 680 hoc
1450 644 1535 679 istis
1553 643 1681 679 verbis
1702 642 1827 692 sigui-

315 712 475 748 ficasse:
519 709 694 746 homines
721 712 886 748 minima
918 724 1096 761 quaeque
1109 711 1250 762 facere
1272 710 1442 761 plurimi
1470 708 1660 759 avideque
1685 721 1829 745 concu-

313 780 459 829 piscere
470 792 486 824 ;
531 781 769 813 contemnere
806 778 954 827 optima
982 784 1017 812 et
1043 791 1192 814 summo
1225 777 1356 813 labore
1382 775 1578 826 digniora.
1639 774 1830 812 Similiter

320 846 451 882 iocum
478 843 679 894 explicant
713 843 939 880 Glareanus
969 850 1007 880 et
1035 844 1184 880 Mnos.
1244 846 1301 879 Ac
1330 848 1483 892 praeter
1517 843 1594 878 alia
1624 853 1724 892 quae
1751 838 1830 877 huc

319 922 444 958 usque
472 909 519 946 de
543 909 826 946 sententiarum
851 909 987 947 ordine
1007 915 1045 946 et
1068 908 1352 959 significatione
1383 907 1490 956 dixi,
1519 907 1612 945 huic
1638 908 1831 957 interpre-

324 977 459 1013 tationi
480 977 599 1012 etiam
630 974 858 1012 adversatur
886 977 1045 1025 linguae
1073 976 1218 1012 latinae
1249 975 1346 1010 ratio
1380 981 1418 1010 et
1446 975 1536 1021 lex3
1574 987 1670 1010 nam
1692 974 1758 1010 cui
1782 973 1833 1009 sit

322 1042 541 1091 explicetur
558 1054 718 1078 necesse
738 1043 831 1081 erit:
862 1043 928 1078 cai
950 1043 978 1078 i.
1001 1055 1035 1078 e.
1055 1043 1090 1079 si
1107 1044 1143 1078 ei
1162 1054 1245 1078 esse
1266 1047 1398 1091 posset
1421 1043 1486 1078 vel
1503 1042 1650 1078 liceret.
1687 1041 1833 1077 Poetae

323 1111 356 1147 si
377 1123 458 1146 non
485 1109 716 1156 accuratius,
747 1111 890 1146 saltem
909 1115 1003 1145 esset
1023 1107 1236 1146 dicendum
1259 1113 1354 1143 erat.
1412 1107 1471 1144 Cf.
1494 1106 1670 1144 Schmid.
1695 1105 1745 1143 ad
1758 1108 1834 1154 Ep.

327 1178 363 1217 1,
384 1176 448 1221 11,
469 1176 509 1215 8.
538 1176 686 1212 Rursus
707 1177 787 1223 alii,
817 1181 862 1211 ut
890 1173 1049 1225 Orrery,
1070 1177 1280 1212 Britannus
1302 1174 1370 1210 ille
1389 1174 1524 1223 magni
1543 1175 1736 1221 nominis,
1767 1173 1835 1225 qui

324 1243 366 1277 in
385 1242 466 1278 vita
487 1242 591 1278 Plin.
612 1242 707 1278 Jun.
720 1269 730 1288 ,
762 1253 882 1292 quam
901 1243 948 1280 E.
967 1243 1016 1278 A.
1038 1241 1263 1280 Schmidius
1283 1253 1376 1278 suae
1398 1240 1668 1278 Plinianarum
1688 1242 1836 1289 episto-

325 1310 454 1346 larum
475 1308 787 1358 interpretationi
806 1307 989 1358 praefixit
1006 1323 1046 1360 p.
1066 1310 1120 1348 26
1145 1320 1252 1359 sqq.‚
1280 1306 1386 1344 hunc
1404 1307 1539 1345 locum
1557 1307 1599 1343 in
1622 1306 1776 1343 clariori
1795 1317 1837 1341 se

327 1376 415 1412 luce
435 1375 613 1424 posuisse
632 1375 834 1424 opinatur,
863 1375 904 1410 in
917 1375 1087 1412 formula
1105 1375 1188 1411 sine
1201 1374 1363 1424 pulvere
1383 1376 1570 1421 majorem
1589 1372 1699 1409 illins
1717 1373 1839 1408 victo-

329 1445 411 1479 riae
433 1441 591 1478 laudem
617 1439 834 1478 iudicatum
856 1443 1009 1479 volunt.
1038 1443 1262 1492 Perperam.
1276 1463 1330 1467 —
1352 1441 1498 1476 circum
1508 1453 1652 1490 pagos.
1686 1439 1839 1476 Intelli-

332 1509 388 1559 git
415 1506 492 1545 hoc
517 1508 604 1544 loco
631 1508 669 1544 J.
692 1509 745 1544 M.
773 1509 934 1545 Mattius
957 1509 999 1544 in
1022 1508 1145 1556 Triga
1165 1506 1350 1557 Opuscul.
1373 1506 1424 1553 3,
1453 1507 1520 1546 23.
1545 1521 1584 1557 p.
1605 1503 1698 1546 424.
1729 1506 1842 1543 ludos

333 1573 581 1618 Paganales,
610 1572 776 1611 laudans
796 1576 906 1612 Varr.
929 1575 974 1610 L.
994 1575 1040 1610 L.
1058 1574 1096 1621 5,
1118 1574 1158 1613 3.
1179 1587 1218 1623 Ρ.
1239 1570 1305 1611 49.
1325 1570 1386 1608 ed.
1411 1571 1549 1623 steph.
1593 1570 1658 1622 (p.
1688 1571 1756 1613 58.
1779 1572 1842 1611 ed.

333 1637 438 1688 Bip.)
474 1644 512 1673 et
538 1636 616 1674 huc
642 1639 812 1676 referens
835 1640 998 1677 Sueton.
1023 1642 1127 1690 Aug.
1153 1653 1185 1676 c.
1217 1637 1284 1679 45.
1318 1638 1520 1688 Spectavit
1542 1645 1673 1676 antem
1693 1639 1844 1676 studio-

334 1705 482 1741 sissime
496 1704 674 1754 pugiles,
705 1712 739 1741 et
762 1707 930 1742 maxime
952 1707 1119 1743 Latinos
1129 1721 1145 1752 ;
1172 1720 1250 1743 non
1277 1705 1468 1756 legitimos
1485 1713 1602 1757 atque
1627 1705 1846 1743 ordinarios

337 1771 469 1816 modo,
503 1784 598 1821 qnos
626 1772 741 1807 etiam
770 1773 1003 1808 committere
1031 1786 1121 1809 cum
1157 1772 1318 1809 Graecis
1346 1772 1495 1809 solebat
1501 1788 1518 1820 ;
1564 1773 1634 1810 sed
1657 1779 1694 1809 et
1720 1781 1845 1810 cater-

337 1839 466 1874 varios
482 1837 715 1888 oppidanos,
743 1839 844 1875 inter
867 1839 1074 1888 angustias
1098 1840 1272 1876 vicorum
1294 1847 1522 1889 pugnantes
1545 1846 1682 1875 temere
1699 1853 1747 1876 ac
1763 1841 1847 1876 sine

338 1911 434 1941 arte.
495 1905 709 1955 Paganalia
729 1911 861 1941 autem
882 1918 961 1941 non
990 1907 1119 1942 solum
1148 1906 1189 1940 in
1208 1906 1304 1955 ipsis
1324 1907 1435 1956 pagis
1455 1912 1566 1942 extra
1587 1906 1747 1953 urbem,
1777 1904 1849 1942 sed

342 1972 460 2008 etiam
478 1973 626 2008 Romae
647 1972 841 2008 celebrata
862 1983 946 2008 esse
969 1970 1174 2019 videntur,
1204 1971 1284 2008 vid.
1304 1974 1458 2008 Ernest.
1478 1972 1586 2009 Clav.
1608 1973 1686 2010 Cic.
1708 1986 1746 2010 v.
1762 1973 1848 2010 Pa-

339 2051 482 2090 ganus.
514 2039 573 2074 De
596 2038 676 2074 illis
701 2039 822 2075 Rutil.
844 2039 977 2077 Itiner.
1006 2040 1048 2086 1,
1074 2037 1167 2077 373.
1198 2038 1252 2074 Et
1271 2046 1353 2074 tum
1365 2038 1475 2088 sorte
1495 2038 1640 2076 hilares
1652 2052 1729 2089 per
1744 2053 1850 2076 com—

336 2106 428 2156 pita
452 2104 598 2139 rustica
620 2105 726 2154 pagi
753 2104 988 2142 Male-ebant
1017 2105 1140 2142 sacris
1160 2111 1321 2153 pectora
1337 2105 1452 2155 jessa
1471 2106 1592 2152 jocis.
1653 2106 1713 2142 Cf.
1737 2104 1851 2143 Ovid.

343 2172 447 2207 Fast.
469 2170 515 2217 1,
542 2170 622 2208 669
647 2182 734 2221 sqq.
765 2193 819 2198 —
852 2172 911 2208 De
930 2173 1107 2222 compitis
1130 2170 1210 2207 vid.
1235 2172 1378 2208 Acron.
1407 2171 1458 2208 ad
1475 2173 1559 2210 Sat.
1580 2174 1627 2220 2,
1656 2172 1704 2221 3,
1725 2173 1793 2212 26.
1814 2178 1852 2208 et

346 2238 457 2275 Serv.
477 2235 528 2273 ad
548 2237 655 2286 Virg.
676 2237 747 2274 Ge.
766 2238 805 2285 2,
826 2238 934 2286 382„
964 2238 1032 2274 ubi
1049 2238 1228 2275 similiter
1236 2240 1342 2289 pagi
1360 2245 1398 2274 et
1417 2240 1586 2289 compita
1604 2240 1853 2288 conjungun-

346 2311 423 2341 tur.
479 2304 538 2339 De
573 2303 679 2340 ludis
705 2304 990 2354 Compitaliciis
1018 2303 1203 2342 dixerunt
1235 2304 1484 2343 Wernsdorf.
1521 2304 1571 2342 ad
1602 2305 1787 2355 Calpurn.
1814 2303 1853 2352 4,

351 2369 443 2410 125.
463 2371 513 2407 ΙΙ.
537 2383 575 2420 p.
593 2367 690 2410 341.
715 2377 753 2407 et
779 2371 944 2408 casaub.
969 2369 1018 2407 ad
1045 2370 1207 2409 Sueton.
1247 2374 1349 2423 Aug.
1367 2372 1434 2411 31.
1465 2370 1661 2423 Quicquid
1687 2378 1757 2419 est,
1789 2378 1856 2408 aut

349 2438 444 2487 ipsis
461 2436 565 2474 ludis
585 2437 740 2487 pugiles
766 2437 959 2488 populum
979 2434 1147 2473 hilarem
1166 2445 1205 2474 et
1228 2440 1326 2489 jocis
1344 2436 1563 2474 inhiantem
1582 2438 1661 2475 suis
1684 2436 1859 2474 delecta-

353 2509 444 2539 runt
472 2503 773 2551 certaminibus,
803 2510 872 2540 aut
896 2503 973 2540 alio
999 2508 1176 2553 tempore
1207 2517 1277 2554 per
1305 2505 1412 2541 urbis
1433 2505 1582 2541 Romae
1612 2505 1859 2556 aliarumque

354 2567 512 2603 urbium
533 2573 571 2603 et
599 2582 793 2619 pagorum
814 2571 984 2620 compita
1011 2582 1053 2607 se
1079 2570 1344 2619 praebuerunt
1367 2569 1626 2622 spectandos3
1659 2571 1766 2623 quod
1790 2573 1860 2608 ille

355 2633 533 2671 Suetonii
553 2634 662 2671 locus
683 2638 816 2673 testari
835 2637 1002 2674 videtur.
1059 2637 1302 2686 Quapropter
1320 2649 1399 2673 non
1422 2639 1612 2675 assentior
1629 2637 1773 2674 Botkio
1796 2638 1861 2674 in·-

356 2699 551 2748 telligenti
571 2697 775 2738 hominem
792 2703 948 2752 fortem,
968 2703 1036 2755 qui
1056 2715 1253 2755 quemque
1273 2703 1432 2740 obvium
1451 2705 1618 2741 minimo
1636 2702 1736 2754 (Sat.
1763 2705 1800 2752 1,
1822 2701 1863 2751 4,

357 2765 416 2816 9.)
447 2768 716 2815 provocaverit
741 2768 790 2805 ad
806 2783 996 2821 pugnam.
1019 2792 1075 2798 —-
1097 2770 1156 2805 De
1183 2770 1278 2820 ipsis
1302 2777 1480 2807 veterum
1508 2770 1764 2823 μονομαχίαις
1783 2770 1865 2810 vid.

360 2843 458 2883 quos
487 2830 622 2868 laudat
652 2834 786 2871 Jacob.
820 2835 871 2872 ad
890 2837 1056 2873 Lucian.
1074 2836 1224 2872 Toxar.
1248 2849 1281 2872 c.
1312 2836 1378 2876 58.
1411 2850 1450 2886 p.
1483 2839 1577 2878 152.
1606 2857 1661 2863 --
1690 2837 1868 2872 coronari

368 2897 578 2948 Olympia,
626 2903 924 2950 στεφανοῦσθαι
960 2897 1174 2953 Ὀλύμπια,
1227 2908 1270 2938 ut
1305 2902 1501 2940 Simonid.
1540 2905 1695 2954 Fragm.
1730 2903 1866 2943 LXVI.
