2028 3268
386 253 468 295 218
517 255 891 295 COMMENTARII
914 255 971 294 IN
994 252 1219 293 HORATII
1245 254 1342 295 LIB.
1366 256 1396 294 1.
1424 257 1586 298 EPIST.
1608 257 1766 299 TERT.
1848 260 1901 302 28

388 390 465 415 rem
497 378 688 428 reperitur.
734 374 861 413 Nihilo
893 374 1011 411 secius
1050 376 1089 412 in
1114 377 1271 414 eandem
1306 377 1383 414 fere
1418 378 1638 416 sententiam
1669 378 1902 431 interpretati

388 449 477 482 sunt
510 443 721 480 Rodellius
734 469 749 486 ,
777 442 1016 490 Desprezius
1028 469 1044 487 ,
1086 443 1283 479 Dacerius
1291 471 1307 488 ,
1348 443 1585 480 Sanadonus
1594 473 1610 490 ,
1646 446 1902 496 Doeringius,

387 511 460 550 alii.
517 510 550 546 E
579 506 850 558 lexicographis
881 513 1028 558 praeter
1056 508 1147 546 alios
1180 509 1218 546 in
1243 510 1342 547 hunc
1369 522 1518 547 censum
1539 511 1640 548 venit
1672 511 1792 549 editor
1808 511 1902 548 Ger-

387 577 551 614 manicus
580 575 692 611 lexic.
726 573 937 612 Forcellin.
975 573 1021 611 II.
1061 588 1100 624 p.
1122 575 1216 615 311.
1245 577 1314 614 nisi
1341 580 1399 613 est
1426 577 1684 614 Forcellinius
1710 578 1800 628 ipse.
1849 576 1902 614 At

388 653 658 692 quamcumque
689 639 844 689 elegeris
870 639 1234 692 interpretationem,
1267 643 1361 681 hanc
1390 644 1560 692 quidem,
1593 656 1702 694 quae,
1733 647 1776 680 ut
1803 647 1904 681 cete-

386 722 470 758 rae,
504 721 549 746 ex
570 706 738 756 neglecto
770 706 945 744 Genitivo
975 709 1211 758 epexegetico
1239 714 1322 747 orta
1345 710 1510 759 videtur,
1544 722 1587 747 ex
1605 710 1762 748 Horatio
1795 723 1902 761 pror-

386 789 449 813 sus
478 774 739 811 eliminandam
771 773 941 810 arbitror.
979 774 1084 818 Quae
1104 779 1228 813 autem
1247 777 1322 813 sint
1345 777 1439 814 istae
1459 790 1592 822 curae,
1626 777 1658 813 si
1679 776 1901 826 quaerimus,

386 843 488 879 varia
513 845 571 878 est
599 839 889 877 Scholiastarum
916 840 1122 891 explicatio.
1163 844 1287 880 Acron
1310 843 1426 880 enim:
1455 844 1708 893 „oratoriam
1734 856 1784 879 ac
1790 843 1903 890 juris

385 909 590 944 scientiam
610 908 706 944 dicit
724 907 915 960 additque
935 917 971 946 et
983 911 1206 960 poeticam,
1236 910 1331 960 quia
1361 923 1439 946 non
1466 911 1523 946 ita
1544 909 1679 945 valent
1695 915 1903 958 amputare

385 976 501 1020 vitia,
523 981 567 1011 ut
578 974 866 1024 Ᾰυῖιιῖοεοὶῡῆἰαις
895 981 965 1015 etc.
994 975 1172 1026 [Braunh.
1192 976 1339 1026 scripsit
1359 975 1521 1026 valeat).
1578 975 1624 1013 Ei
1650 975 1902 1012 assentiuntur

385 1043 433 1079 de
462 1043 699 1091 „poetica“
733 1041 967 1093 Porphyrion
992 1047 1029 1080 et
1053 1042 1298 1080 Britannicus.
1357 1043 1638 1081 Commentator
1665 1045 1788 1079 autem
1806 1041 1904 1078 Cru-

384 1108 481 1157 quii:
510 1135 538 1158 „
553 1109 793 1154 avaritiam,
814 1109 1065 1146 ambitionem
1086 1109 1296 1159 intelligit,
1327 1123 1428 1159 quae
1446 1110 1616 1146 reddunt
1633 1109 1828 1145 hominem
1847 1107 1904 1144 ad

385 1173 479 1210 hene
505 1175 703 1225 agendum
725 1176 852 1225 plane
872 1177 1119 1227 frigidum.“
1176 1176 1289 1213 Hunc
1317 1180 1523 1225 sequuntur
1541 1177 1761 1226 interpretes
1790 1174 1902 1226 pleri-

384 1253 458 1290 que
487 1254 625 1279 omnes.
683 1242 782 1280 Hinc
814 1243 1010 1290 Orellius;
1040 1255 1189 1292 „unum
1214 1243 1343 1279 vitium
1369 1243 1406 1279 in
1431 1243 1546 1280 amico
1571 1242 1684 1280 libere
1704 1241 1902 1292 reprehen-

385 1308 463 1356 dit,
496 1309 598 1356 quod
625 1308 655 1344 is
688 1321 857 1360 quoque,
888 1313 930 1347 ut
959 1311 1166 1358 aequalium
1196 1309 1375 1360 plerique,
1406 1310 1518 1346 nimio
1544 1309 1635 1346 lucri
1663 1311 1702 1346 et
1725 1311 1901 1357 quaestus

383 1375 508 1411 studio
536 1375 764 1424 indulgebat.
786 1377 814 1400 ‘⁶
871 1376 957 1414 Pari
993 1378 1104 1415 modo
1143 1377 1421 1425 Oliarpentier:
1451 1376 1696 1426 „divitiarum
1728 1374 1903 1424 colligen-

385 1442 515 1478 darum
541 1443 706 1479 studium
738 1447 777 1480 et
815 1444 1051 1482 ambitionem
1077 1445 1178 1496 apud
1211 1443 1408 1481 nobiliores
1419 1443 1447 1466 ‘⁶
1489 1445 1665 1491 sequente
1695 1454 1804 1479 versu
1835 1452 1902 1491 per

385 1509 478 1546 coel.
513 1511 750 1558 sapientiam
786 1511 936 1548 indicari
977 1511 1160 1561 opinatur.
1219 1509 1293 1558 At,
1330 1510 1361 1546 si
1394 1509 1511 1546 Poeta
1549 1508 1759 1559 abjiciendis
1790 1507 1901 1544 variis

383 1588 504 1613 rerum
534 1576 629 1613 curis
659 1575 749 1612 nihil
789 1576 889 1614 aliud
926 1577 1103 1614 voluisset
1131 1578 1201 1614 nisi
1243 1582 1450 1615 monstrare
1483 1577 1624 1614 aditum
1655 1575 1704 1612 ad
1741 1573 1901 1611 divinam

384 1641 634 1692 sapientiam?
683 1643 745 1679 Sic
772 1644 819 1679 de
854 1655 894 1679 se
926 1643 1008 1692 ipso
1042 1643 1165 1694 Epist.
1195 1645 1241 1693 2,
1265 1646 1316 1694 2,
1350 1640 1568 1683 141—44.
1598 1642 1804 1678 Nimirum
1833 1653 1902 1676 sa·-

377 1722 472 1758 pcre
501 1715 555 1744 est
592 1730 636 1736 —
671 1722 785 1745 verae
809 1723 1065 1759 numerosque
1094 1710 1302 1761 modosque
1330 1710 1494 1747 ediscere
1513 1711 1629 1745 vitae.
1690 1708 1750 1744 Cf.
1777 1707 1898 1757 Epist.

386 1776 433 1824 1,
463 1775 513 1823 1,
551 1775 743 1814 10-12.
788 1775 893 1812 Idem
921 1776 1036 1813 sentit
1073 1777 1339 1815 HoclzecleruS.
1396 1776 1446 1813 Et
1482 1788 1594 1825 quum
1620 1786 1789 1812 curarum
1823 1777 1900 1810 tam

385 1854 521 1891 magna
545 1841 593 1878 sit
615 1842 785 1888 varietas,
803 1843 884 1890 quis
901 1846 978 1892 est,
994 1843 1056 1891 qui
1069 1843 1162 1892 illas,
1184 1856 1276 1892 quas
1297 1844 1518 1894 interpretes
1540 1841 1688 1890 volunt,
1705 1839 1900 1890 significari

385 1913 467 1946 tuto
488 1909 646 1946 affirmet
672 1912 784 1958 atque
813 1909 944 1946 obnixe
973 1909 1209 1947 contendat?
1251 1911 1343 1955 Quis
1367 1914 1448 1958 est,
1467 1910 1529 1958 qui
1555 1908 1714 1958 castiget
1730 1906 1900 1956 Plinium,

383 1989 497 2025 quum
524 1976 561 2012 in
589 1973 711 2026 Epist.
748 1975 797 2024 9,
832 1976 854 2014 2
871 2002 883 2023 ,
922 1976 958 2014 1.
991 1977 1034 2011 iu
1062 1977 1260 2026 epistolis,
1289 1977 1432 2025 inquit,
1454 1977 1616 2024 parcior
1642 1975 1728 2025 fui,
1748 1974 1901 2023 partim

384 2044 479 2093 quia
514 2049 604 2078 tuas
633 2043 906 2090 occupationes
938 2041 1112 2088 verebar,
1135 2045 1288 2092 parlim
1319 2044 1414 2093 quia
1439 2043 1520 2091 ipse
1548 2041 1718 2078 muttum
1737 2041 1901 2078 distrin-

379 2109 505 2160 gebar
532 2109 767 2159 plerumque
782 2108 954 2158 frigidis
982 2111 1146 2159 negotiis
1175 2114 1245 2147 etc.
1277 2113 1315 2146 et
1339 2111 1389 2158 2,
1417 2110 1464 2158 8,
1494 2109 1531 2148 3.
1569 2108 1680 2145 Nam
1710 2106 1901 2144 veteribus

383 2176 548 2227 negotiis
580 2189 683 2212 nova
713 2183 940 2211 accrescunt
955 2204 966 2219 ‚
1002 2190 1072 2212 nec
1102 2183 1232 2212 tamen
1254 2178 1393 2226 priora
1419 2182 1688 2226 peraguntur:
1719 2182 1774 2211 tot
1792 2175 1902 2211 nexi-

384 2243 482 2287 bus,
522 2249 575 2278 tot
606 2244 722 2293 quasi
753 2243 900 2278 catenis
932 2246 1062 2290 majus
1090 2244 1134 2279 in
1161 2243 1242 2280 dies
1270 2243 1571 2292 occupationum
1599 2255 1742 2292 agmen
1769 2248 1900 2278 exten-

383 2310 503 2346 ditur.
527 2331 583 2336 —

494 2376 539 2414 V.
574 2377 627 2416 27
631 2406 640 2415 .
667 2376 863 2424 sapientia
884 2375 1068 2412 coelestis.
1113 2375 1199 2413 Hoc
1219 2375 1398 2426 Epitheto
1429 2374 1600 2411 Botliius
1627 2387 1689 2424 ap.
1718 2373 1781 2411 Fe.
1806 2373 1897 2410 illud

384 2443 571 2480 Ciceronis
596 2443 635 2479 in
660 2442 773 2479 Tusc.
796 2441 843 2490 5,
866 2439 913 2490 4,
936 2442 1024 2490 10„
1055 2441 1118 2478 ubi
1143 2442 1315 2480 Socrates
1345 2441 1618 2492 philosophiam
1648 2452 1668 2476 e
1697 2440 1798 2477 coelo
1833 2441 1899 2477 de-

383 2523 533 2547 vocasse
551 2510 707 2558 dicitur,
736 2507 931 2557 significari
957 2508 1150 2558 opinatur,
1177 2509 1237 2545 alii
1257 2508 1473 2557 Platonem,
1503 2508 1564 2556 qui
1583 2508 1736 2544 eandem
1761 2508 1899 2544 donum

384 2576 548 2614 Deorum
572 2576 686 2625 dixit,
716 2574 884 2612 denotari
904 2575 1060 2611 credunt
1087 2574 1178 2626 (vid.
1200 2576 1276 2613 Cic.
1300 2574 1412 2613 Tuse.
1446 2575 1492 2624 1,
1524 2575 1600 2623 26,
1622 2571 1687 2612 64.
1716 2572 1831 2611 Acad.
1860 2573 1898 2622 1,

386 2645 408 2683 2
423 2671 434 2692 ‚
455 2645 492 2682 8.
522 2643 643 2694 Epist.
670 2642 719 2678 ad
742 2640 827 2679 Div.
852 2640 917 2690 15,
936 2638 977 2690 4,
1001 2638 1067 2682 42.
1097 2641 1228 2682 Stallb.
1247 2643 1295 2679 ad
1313 2641 1409 2678 Plat.
1429 2640 1527 2679 Tim.
1547 2637 1614 2679 47.
1642 2640 1687 2677 Β.
1709 2653 1746 2690 p.
1770 2638 1898 2689 200.)‚

387 2710 522 2745 Minos
560 2709 682 2760 ἔρωτα
717 2703 930 2759 οὐράνιον,
971 2720 1078 2756 quem
1109 2709 1217 2747 Plato
1249 2709 1287 2745 in
1326 2708 1506 2745 Convivio
1544 2706 1791 2758 descripserit.
1845 2704 1898 2742 At

385 2775 510 2826 potius
529 2789 610 2812 cum
634 2774 835 2811 Schmidio
852 2786 934 2811 meo
953 2786 998 2812 ex
1023 2776 1166 2813 ratione
1186 2774 1451 2813 contrariorum
1482 2773 1698 2811 crediderim
1710 2799 1722 2822 ,
1744 2772 1897 2821 sapien-

386 2843 482 2877 tiam
513 2841 570 2878 hic
600 2842 671 2878 dici
698 2842 919 2886 coelestem,
952 2846 1151 2892 propterea
1183 2842 1284 2892 quod
1307 2840 1474 2877 homines
1502 2840 1603 2877 humi
1627 2839 1823 2889 depressos
1848 2837 1897 2874 ad

386 2907 517 2946 altiora
543 2907 828 2957 sublimioraque
861 2910 985 2948 ducat.
1036 2909 1164 2948 Senec.
1198 2908 1319 2960 Epist.
1348 2906 1413 2946 65.
1453 2906 1628 2944 Animus
1655 2907 1697 2943 in
1727 2902 1898 2942 vinculis
