2028 3268
398 247 454 288 86
538 250 898 287 COMMENTARII
926 251 979 286 IN
1009 250 1224 287 HORATII
1255 250 1422 287 EPIST.
1451 250 1588 287 PRIM.
1619 250 1716 286 Lm.
1747 253 1776 287 1.

399 372 558 397 suarum
586 366 765 406 tenaces,
811 359 863 396 cf.
894 358 1052 396 IsVeber.
1081 358 1132 397 ad
1165 362 1258 398 Juv.
1285 374 1324 410 p.
1351 359 1444 399 198.
1473 361 1532 396 De
1561 363 1717 406 crustis,
1738 361 1912 413 quodam

400 425 578 464 dulciarii
599 427 726 476 operis
746 438 889 475 genere
909 425 990 462 vid.
1016 426 1146 477 Wolf:
1176 434 1214 463 et
1231 425 1437 463 Kirelzner.
1461 425 1511 463 ad
1532 427 1614 464 Sat.
1642 429 1684 475 1,
1712 429 1733 467 1
1747 457 1757 475 ,
1781 428 1850 468 25.
1873 436 1911 465 et

401 494 508 531 Serv.
535 493 587 530 ad
604 495 712 542 Virg.
735 495 834 528 Aen.
852 493 901 539 7,
936 492 1028 532 115.
1067 494 1194 530 Poma
1208 521 1220 537 ‚
1255 505 1423 543 quorum
1443 494 1672 543 significatio
1697 494 1776 531 late
1803 499 1912 544 patet

399 560 589 611 (Macrob.
612 560 770 597 saturn.
791 559 818 597 2
834 586 844 605 ,
875 558 940 598 15.
969 558 1112 596 Athen.
1138 561 1279 610 Deipn.
1300 561 1347 606 3,
1379 561 1418 599 6.
1439 562 1470 596 Ι.
1495 573 1534 610 p.
1558 560 1655 600 316.
1685 559 1909 612 Schweigh.

399 634 438 665 et
457 630 571 665 Hess.
594 625 644 664 ad
669 626 766 662 Tac.
791 625 922 661 Germ.
948 627 1025 673 23,
1051 626 1109 678 2.)
1137 627 1290 676 insigne
1320 633 1430 663 erant
1456 628 1598 663 amoris
1618 628 1798 677 signum,
1828 627 1910 665 vid.

397 696 533 732 Burm.
555 691 605 729 ad
627 690 781 730 Lotich.
802 705 841 743 p.
858 691 954 732 338.
983 693 1095 730 Voss.
1126 693 1176 730 ad
1200 695 1305 743 Virg.
1330 695 1414 730 Ecl.
1435 693 1481 741 3,
1507 694 1574 734 65.
1594 700 1633 730 et
1654 707 1752 745 quos
1775 693 1911 731 laudat

398 758 535 797 Jacob.
579 758 630 796 ad
653 759 816 796 Lucian.
844 759 994 796 Toxar.
1037 760 1101 799 13.
1127 772 1166 810 p.
1195 761 1285 806 66.;
1317 767 1553 811 quapropter
1581 761 1733 810 opinari
1762 773 1910 811 posseS,

397 825 645 877 heredipetas
670 825 801 863 viduis
830 826 915 862 istis
941 828 995 863 rei
1016 827 1214 864 Venereae
1236 840 1347 877 spem
1364 829 1549 874 movisse,
1578 828 1654 864 nisi
1677 827 1828 864 obstare
1850 829 1913 863 vi-

399 892 557 931 deretur
581 894 720 930 similis
743 893 825 930 Sat.
850 894 890 940 2,
913 891 950 939 5,
977 893 1040 932 11.
1061 893 1185 929 locus.
1244 895 1478 945 Quanquam
1502 894 1667 930 verbum
1690 895 1841 938 venari,
1870 901 1912 930 ut

396 962 604 1012 θηρᾶσθαι
625 959 776 1010 (Burin.
799 958 850 996 ad
872 957 996 996 Anth.
1014 960 1081 996 lat.
1105 962 1134 996 I.
1161 974 1199 1010 Ρ.
1220 960 1329 1007 39Ο.,
1359 959 1541 998 Schwab.
1565 960 1615 997 ad
1633 952 1801 997 Phaedr.
1813 958 1852 1007 4,
1871 960 1911 1007 5,

398 1025 474 1078 (4.)
505 1024 545 1066 4.
573 1032 612 1063 et
629 1027 729 1063 Dan.
749 1028 896 1063 Parcus
917 1025 968 1062 ad
984 1028 1087 1063 Mus.
1108 1028 1372 1077 Erotopaegn.
1401 1030 1493 1064 Her.
1513 1035 1552 1065 et
1569 1026 1719 1064 Leand.
1737 1040 1776 1064 v.
1798 1025 1911 1077 149.)

397 1095 463 1131 isti
487 1094 742 1145 explicationi
764 1093 865 1131 bene
885 1095 1081 1140 convenit,
1111 1092 1152 1130 h.
1176 1095 1203 1130 l.
1223 1099 1357 1130 tamen
1377 1102 1414 1131 et
1434 1107 1548 1132 suam
1564 1093 1684 1132 habet
1705 1093 1912 1143 captandi,

398 1161 557 1211 laqueos
580 1160 790 1205 tendendi,
819 1159 1038 1197 insidiandi
1054 1160 1402 1210 significationem,
1447 1161 1554 1212 quod
1572 1161 1749 1212 pluribus
1774 1173 1913 1197 exem—

396 1229 472 1279 plis
494 1234 532 1264 et
551 1229 700 1278 graecis
728 1233 766 1263 et
788 1228 920 1263 latinis
938 1228 1184 1264 illustrarunt
1203 1227 1523 1264 Hemsterlzusius
1541 1228 1590 1264 ad
1609 1229 1773 1265 Lucian.
1792 1227 1912 1264 Diall.

397 1296 513 1332 Mort.
539 1295 579 1334 8.
610 1297 658 1330 ΙΙ.
694 1308 732 1345 p.
765 1291 861 1333 439-
901 1295 990 1344 Bip.
1016 1300 1054 1330 et
1087 1292 1259 1330 ,Iacobus
1291 1293 1341 1330 ad
1369 1295 1524 1340 Quaest.
1552 1296 1717 1332 Lucian.
1737 1293 1788 1331 ad
1813 1295 1911 1331 calc.

397 1362 503 1399 Tox.
524 1375 564 1412 p.
582 1359 622 1400 4.
635 1390 644 1408 ,
675 1374 843 1412 quorum
869 1361 938 1398 ille
960 1359 1095 1408 affert,
1118 1362 1187 1411 qui
1205 1361 1380 1397 maxime
1399 1358 1477 1397 huc
1495 1362 1607 1410 facit,
1629 1362 1855 1411 Longinum
1872 1374 1911 1411 p.

397 1426 493 1468 240.
514 1427 575 1465 ed.
587 1429 719 1466 Toll.:
745 1423 959 1477 ἀλλοτρίων
971 1431 1098 1478 θῆραι
1112 1429 1302 1466 ’θανάτων
1321 1426 1388 1466 καὶ
1410 1427 1562 1480 ἕνεδραῑ
1584 1429 1802 1479 διαθηκῶν.
1830 1429 1912 1481 Eo-

398 1493 491 1531 dem
510 1507 628 1532 sensu
646 1496 759 1532 Mart.
770 1492 809 1542 4,
832 1494 897 1543 56,
917 1495 956 1534 5.
991 1495 1060 1532 Sic
1077 1493 1206 1531 avidis
1213 1493 1356 1543 fitllax
1369 1494 1551 1545 indulget
1556 1495 1734 1544 piscibus
1742 1495 1885 1532 hamus
1899 1510 1910 1531 .-

403 1562 563 1599 Callida
584 1563 640 1598 sic
658 1561 801 1597 stultas
821 1560 965 1610 decipit
978 1561 1199 1611 eseaseras.
1229 1562 1424 1607 Vossium‚
1456 1560 1563 1612 quod
1582 1574 1619 1597 v.
1641 1563 1710 1602 79.
1731 1564 1911 1599 verterit:

398 1627 526 1676 „dem
545 1627 753 1679 hegenden
773 1624 901 1664 Parke
924 1640 1014 1663 zum
1034 1626 1271 1677 Wildpret“
1302 1626 1553 1678 reprehendit
1577 1628 1743 1665 Conzius
1760 1629 1803 1664 in
1815 1629 1912 1666 See-

395 1694 506 1732 bodii
515 1693 663 1733 Archiv
675 1700 747 1730 etc.
763 1692 882 1733 1825.
898 1693 938 1744 4.
958 1707 996 1744 Ρ.
1008 1694 1104 1734 707.
1125 1696 1350 1745 intelligens
1372 1708 1451 1732 non
1471 1695 1713 1746 receptacula
1728 1696 1912 1742 ferarum,

398 1761 470 1800 sed
485 1764 665 1814 piscium,
689 1772 987 1807 muraenarum,
1010 1768 1225 1798 ostrearum
1247 1761 1368 1811 (Plin.
1390 1763 1438 1800 H.
1457 1764 1504 1798 N.
1526 1763 1570 1810 9,
1587 1759 1653 1801 54.
1674 1761 1741 1801 55.
1759 1769 1798 1798 et
1817 1763 1911 1800 Juv.

398 1827 436 1877 4,
458 1829 566 1879 51.),
589 1829 710 1866 simul
729 1834 773 1863 ut
790 1828 914 1863 Poeta
934 1827 1008 1864 sibi
1029 1834 1179 1864 constet
1199 1829 1240 1863 in
1261 1827 1490 1879 metaphora
1511 1829 1593 1865 Sat.
1614 1829 1659 1876 2,
1684 1829 1728 1876 5,
1755 1829 1823 1869 25.
1843 1827 1913 1868 44.

398 1903 599 1947 usurpata.
640 1897 746 1942 Quae
764 1893 925 1946 quidem
945 1896 1043 1930 ratio
1063 1893 1179 1931 valde
1199 1894 1402 1946 displicet3
1435 1907 1662 1946 quanquam
1683 1908 1767 1932 rem
1784 1897 1913 1946 ipsam

398 1963 518 1999 etiam
534 1975 556 1998 a
579 1960 799 1999 Scholiasta
821 1961 941 2011 Cruq.
960 1961 1166 2011 probatam
1182 1975 1262 1998 non
1284 1975 1442 2012 prorsus
1462 1963 1742 2012 improbamus.
1775 1965 1912 2014 Neque

397 2035 530 2065 tamen
552 2041 603 2065 ex
625 2029 753 2066 verbis
775 2029 870 2078 ipsis
892 2028 988 2064 certi
1018 2027 1113 2078 quid
1137 2027 1290 2065 definiri
1312 2036 1440 2079 potest
1455 2059 1465 2074 ,
1496 2031 1577 2066 sive
1599 2029 1838 2066 attendimus
1863 2029 1914 2066 ad

398 2096 562 2133 verbum
583 2097 780 2145 excipere,
808 2094 856 2131 de
883 2107 960 2146 quo
985 2094 1085 2131 bene
1117 2094 1317 2146 disputant
1337 2098 1472 2132 Burm.
1504 2096 1553 2133 ad
1578 2095 1746 2134 Phaedr.
1774 2097 1788 2136 1
1809 2124 1819 2144 ,
1847 2097 1911 2144 11,

399 2164 452 2210 6.,
483 2161 534 2199 ad
559 2163 667 2200 Grat.
697 2162 847 2213 Cyneg.
871 2161 979 2209 110„
1009 2160 1130 2198 Drak.
1158 2161 1207 2198 ad
1226 2163 1312 2198 Liv.
1335 2162 1373 2210 5,
1395 2162 1460 2210 41,
1488 2163 1548 2211 6.,
1574 2165 1657 2201 sive
1675 2163 1726 2200 ad
1739 2163 1913 2200 vocabu-

397 2229 506 2266 lum:
548 2229 721 2273 vivaria,
751 2227 857 2280 quod
889 2226 937 2263 de
967 2235 1132 2279 utraque
1153 2242 1193 2265 re
1222 2231 1402 2280 usurpari
1429 2237 1604 2278 constat,
1639 2229 1720 2267 vid.
1747 2230 1850 2266 Gen.
1871 2230 1910 2275 2,

398 2297 480 2343 20„
506 2295 609 2332 Plin.
631 2297 679 2335 H.
696 2297 744 2331 N.
765 2297 803 2343 8,
826 2295 892 2334 52.
927 2294 1082 2331 Colum.
1103 2297 1150 2332 R.
1170 2297 1216 2332 R.
1240 2297 1286 2343 8,
1309 2297 1346 2335 1.
1376 2296 1422 2344 9,
1450 2298 1487 2336 1.
1524 2297 1573 2333 cf.
1599 2296 1647 2344 8,
1674 2297 1739 2336 16.
1771 2296 1912 2333 Senec.

398 2364 445 2399 N.
467 2363 541 2408 Qu.
570 2361 616 2408 3,
651 2363 715 2402 18.
741 2363 793 2398 al.
827 2362 893 2398 Sic
914 2362 1038 2398 Rutil.
1060 2363 1193 2399 Itiner.
1222 2365 1263 2410 1,
1288 2362 1382 2402 379.
1412 2363 1509 2414 ibiq.
1544 2362 1734 2400 Wernsd.
1757 2362 1914 2399 Ludere

400 2429 566 2465 lascivos
584 2429 690 2465 intra
711 2429 864 2466 vivaria
876 2429 1020 2477 pisces.
1076 2429 1214 2466 Sidon.
1239 2431 1416 2480 Apollin.
1439 2431 1566 2479 Epist.
1588 2429 1627 2477 8,
1653 2431 1718 2470 12.
1737 2430 1913 2479 opimata

400 2496 565 2533 vivariis
584 2503 709 2532 ostrea
726 2502 765 2533 et
783 2495 970 2533 translate
982 2496 1008 2532 J
1010 2507 1075 2531 uv.
1094 2495 1133 2543 3,
1152 2495 1245 2535 308.
1274 2497 1341 2532 Sic
1362 2497 1452 2533 inde
1469 2497 1548 2533 hae
1568 2511 1700 2534 omnes
1723 2504 1914 2548 tanquam

401 2561 459 2598 ad
477 2563 633 2598 νίνανιά
653 2569 828 2599 currunt.
891 2561 954 2598 Cf.
983 2562 1141 2598 Wittel.
1173 2563 1335 2599 Annott.
1356 2564 1398 2598 in
1436 2563 1579 2614 Georg.
1607 2564 1757 2601 Merul.
1791 2576 1824 2601 c.
1847 2563 1911 2604 15.

401 2629 444 2665 in
471 2629 625 2666 Gruter.
651 2631 791 2680 Lamp.
826 2629 913 2667 crit.
944 2630 976 2665 1.
1011 2634 1050 2665 et
1084 2628 1219 2665 Stuck.
1251 2630 1390 2680 Antiq.
1412 2630 1576 2668 Conviv.
1596 2633 1644 2680 2,
1667 2631 1734 2671 10.
1755 2644 1796 2682 Ρ.
1815 2629 1912 2671 274.

402 2697 487 2733 Ηοο
509 2702 641 2732 autem
672 2703 761 2733 ante
787 2697 920 2734 omnia
950 2694 1094 2733 Conzio
1122 2694 1409 2732 observandum
1443 2704 1545 2746 erat,
1573 2699 1770 2749 piscatum
1797 2709 1915 2748 saepe

403 2760 510 2812 apud
532 2769 683 2799 veteres
703 2762 955 2800 similitudini
972 2760 1181 2799 hominum
1202 2763 1278 2800 sibi
1309 2763 1646 2802 conciliandorum
1671 2766 1715 2802 in
1743 2777 1914 2816 suasque

403 2835 532 2879 partes
550 2826 832 2868 trahendorum
850 2831 1074 2868 inserviisse
1086 2859 1096 2878 ,
1127 2829 1234 2881 quod
1252 2829 1430 2880 pluribus
1451 2832 1700 2870 illustrarunt
1721 2831 1914 2882 exemplis

406 2893 630 2933 Hemsterh.
655 2894 705 2933 ad
734 2898 898 2934 Lucian.
929 2898 1048 2935 Dian.
1067 2898 1182 2936 Mort.
1211 2896 1251 2936 8.
1279 2899 1327 2935 11.
1347 2910 1389 2948 Ρ.
1413 2896 1533 2949 440.,
1561 2901 1724 2952 Rupert.
1753 2896 1802 2936 ad
1819 2899 1912 2937 Juv.
