2028 3268
179 249 235 293 57
293 247 666 289 COMMENTARH
694 249 751 287 IN
779 243 1004 286 HORATII
1022 242 1195 283 EPIST.
1218 240 1439 282 SECUND.
1467 240 1568 277 LIB.
1591 240 1624 277 I.
1652 234 1736 278 163

181 371 275 402 ante
308 363 425 402 diem.
494 363 607 399 Hanc
639 361 880 409 formulam,
918 372 998 411 qua
1042 359 1286 396 Graecorum
1317 351 1396 409 πρό
1431 351 1602 407 ἡμέρας,
1638 351 1738 404 πρὶν

181 430 335 485 ἡμέραν
352 431 577 484 γίγνεσθαι,
611 427 768 484 ὄρθρος
789 428 1049 481 exprimitur,
1080 439 1151 478 pro
1172 431 1357 477 suspecta
1382 422 1504 462 habet
1524 425 1736 463 Noltenius

181 502 226 539 in
246 498 455 538 Antibarb.
491 511 531 549 p.
559 497 698 547 1335„
729 496 801 536 sed
829 497 886 534 ita
921 496 1046 533 etiam
1074 496 1170 534 Juv.
1208 495 1248 543 9,
1287 492 1383 535 108.
1404 495 1616 544 proximas
1643 499 1738 530 ante

182 569 286 607 diem
310 581 440 618 caupo
460 568 568 604 sciet.
600 567 708 604 Plin.
731 566 859 618 Epist.
884 564 925 614 9,
950 561 1022 604 40.
1084 562 1225 609 Nihil,
1253 562 1334 599 nisi
1354 562 1464 614 quod
1491 561 1738 599 meridianus

181 649 344 676 somnus
363 637 564 682 eximitur,
594 634 844 686 multumque
866 632 915 670 de
936 639 1048 670 nocte
1070 632 1136 669 vel
1158 638 1253 669 ante
1276 630 1341 669 vel
1359 638 1451 682 post
1478 631 1582 668 diem
1610 631 1739 668 sumi-

183 712 262 743 tur.
323 705 566 756 Virgilianus
591 711 726 742 autem
750 701 862 740 locus
891 702 992 740 Aen.
1019 698 1060 750 4,
1088 701 1200 749 697.,
1231 713 1353 753 quem
1374 700 1550 739 Victorio
1577 707 1738 738 auctore

183 773 251 812 hic
273 774 408 812 attulit
424 771 648 821 Hocheder,
678 773 798 824 plane
819 770 940 807 aliam
959 767 1082 806 habet
1099 769 1447 820 significationem,
1478 768 1528 806 de
1547 782 1626 821 qua
1643 767 1738 806 vide

184 841 316 880 Hand.
341 843 462 880 Turs.
484 844 516 879 Ι.
535 855 576 894 p.
595 840 690 881 369.
738 841 783 876 In
810 851 896 875 rem
915 838 1108 875 Antonin.
1133 837 1172 887 5,
1196 839 1234 878 1.
1252 839 1348 890 ibiq.
1367 838 1538 876 Casaub.
1562 852 1601 890 p.
1617 836 1738 878 400.:

190 914 358 966 Ορθρου
387 907 484 952 ὅταν
515 906 719 955 δυσὸκνως
742 906 930 961 ἐξεγείρῃ,
963 901 1176 959 πρόχειρον
1198 905 1308 956 ἔστω,
1344 903 1405 947 ὅτι
1425 905 1491 947 ἐπὶ
1509 902 1739 959 οἶνθροᾶπου

187 979 304 1034 ἔργον
321 979 533 1033 ἐγείρομαι.
565 979 663 1015 Hor.
686 975 735 1014 de
755 989 798 1014 se
819 976 907 1027 ipso
921 976 1040 1026 prius
1061 982 1161 1021 orto,
1185 975 1316 1027 inquit
1338 974 1485 1027 (Epist.
1505 977 1544 1023 2,
1568 975 1604 1022 1,
1627 975 1741 1028 112.)

193 1048 286 1087 Sole
298 1047 403 1100 vigil
418 1054 455 1084 et
472 1046 634 1084 chartas
654 1052 691 1082 et
709 1045 859 1081 scrinia
874 1057 1012 1095 poseo.
1063 1045 1182 1080 Mane
1206 1045 1313 1081 enim
1334 1051 1589 1096 experrectus
1611 1057 1742 1096 usque

188 1116 240 1155 ad
266 1123 451 1170 quartam
474 1113 616 1153 horam
643 1113 787 1152 studiis
815 1114 996 1162 vacabat,
1025 1111 1108 1150 vid.
1141 1113 1274 1150 Bentl.
1310 1112 1360 1151 ad
1394 1114 1477 1151 Sat.
1506 1114 1544 1161 1,
1575 1114 1614 1161 6,
1639 1113 1736 1153 126.

188 1192 228 1224 et
249 1186 302 1227 cf.
329 1198 368 1223 v.
388 1185 458 1225 30.
476 1205 529 1212 --
549 1181 710 1220 librum.
745 1183 885 1220 Senec.
905 1183 1032 1233 Epist.
1060 1179 1127 1222 85.
1165 1181 1303 1219 Otium
1320 1182 1405 1219 sine
1424 1181 1547 1219 literis
1563 1195 1667 1219 mors
1686 1188 1743 1219 est

190 1261 228 1291 et
246 1255 330 1292 νὶνὶ
356 1252 526 1290 hominis
555 1251 797 1302 sepulcrum.
830 1250 892 1289 Id.
923 1251 992 1291 39.
1027 1251 1150 1288 Same
1175 1251 1220 1287 in
1239 1264 1384 1288 manus
1412 1250 1583 1288 indicem
1603 1249 1742 1301 philo-

190 1321 417 1373 sophorum.
458 1321 577 1357 Haec
610 1321 699 1370 ipsa
726 1334 788 1358 res
813 1320 1034 1371 expergisci
1059 1325 1095 1356 te.
1125 1326 1237 1371 coget
1242 1333 1259 1367 ;
1290 1319 1369 1357 alio
1401 1318 1568 1371 quidem
1596 1330 1741 1368 sensu3

191 1391 244 1428 cf.
263 1391 399 1428 Amtz.
426 1387 477 1425 ad
494 1388 580 1428 Cat.
602 1389 704 1427 Dist.
724 1389 765 1437 3,
793 1389 830 1430 1.
888 1389 1063 1426 Observa
1084 1401 1204 1425 usmn
1219 1388 1439 1440 particulae
1461 1389 1498 1425 si
1520 1402 1601 1426 non
1626 1395 1744 1425 ante-

191 1457 360 1498 cedente
395 1459 440 1495 ni
446 1471 464 1505 ;
493 1455 597 1494 illud
627 1458 757 1506 enim,
803 1455 912 1509 quod
935 1457 1194 1508 negationem
1223 1456 1464 1508 plerumque
1499 1470 1590 1494 cum
1621 1457 1744 1495 verbo

191 1527 411 1578 conjungit,
442 1526 616 1577 oppositi
635 1526 719 1562 vim
738 1532 870 1576 auget,
900 1523 981 1563 vid.
1003 1523 1078 1562 Od.
1097 1524 1137 1573 3,
1161 1525 1226 1573 16,
1250 1523 1290 1565 5.
1320 1523 1435 1567 ovid,
1459 1527 1555 1566 Met.
1585 1526 1624 1575 3,
1646 1527 1743 1567 627.

192 1595 334 1634 Simile
359 1593 456 1647 quid
482 1594 742 1632 observarunt
768 1594 844 1631 viri
871 1592 979 1631 docti
1013 1591 1063 1630 de
1091 1593 1244 1643 graecis
1272 1594 1479 1643 particulis
1504 1594 1540 1634 εἰ
1566 1590 1616 1635 ου’
1645 1601 1684 1631 et
1711 1593 1748 1634 εἰ

191 1659 262 1717 μή,
291 1654 383 1701 vids
402 1663 531 1715 Lipsii
556 1667 708 1714 quaest,
747 1662 784 1702 1.
821 1661 871 1698 de
894 1661 1045 1699 medor.
1077 1675 1155 1698 usu
1187 1661 1230 1698 in
1262 1674 1353 1699 nov.
1396 1662 1566 1700 Testam.
1598 1677 1640 1715 p.
1677 1662 1745 1703 25.

190 1733 300 1784 Lips.
321 1731 444 1772 1827.
501 1730 547 1769 Si
562 1731 652 1783 quis
676 1736 813 1767 tamen
833 1731 1065 1769 variationis
1089 1742 1209 1767 causa
1230 1731 1327 1772 Hor.
1348 1731 1404 1767 ita
1422 1733 1628 1784 scripsisse
1649 1745 1748 1770 con-

189 1798 352 1849 tendat,
393 1800 431 1836 ei
470 1812 555 1838 non
587 1797 706 1836 valde
736 1801 1058 1851 repugnaverim,
1089 1811 1217 1851 quum
1246 1799 1281 1836 is
1309 1799 1431 1837 etiam
1466 1800 1563 1838 alibi
1595 1801 1749 1838 variata

192 1875 391 1908 structura
417 1868 478 1905 uti
505 1868 645 1916 soleat,
675 1874 721 1905 ut
751 1868 836 1906 Sat.
860 1869 898 1918 1,
930 1866 971 1918 4,
993 1869 1060 1908 26.
1090 1866 1184 1904 Aut
1202 1865 1250 1905 ob
1273 1869 1491 1906 avaritiam
1512 1876 1586 1906 aut
1604 1870 1750 1906 misera

193 1936 407 1976 ambitione
424 1935 599 1982 laborat,
629 1949 751 1988 quam
776 1938 1014 1988 scripturam
1034 1950 1057 1974 a
1079 1938 1225 1974 criticis
1249 1950 1378 1988 paene
1402 1935 1636 1975 derelictam
1656 1939 1750 1975 vin-

196 2006 374 2045 dicatum
398 2006 456 2042 ivi
487 2005 533 2042 in
556 2003 746 2042 Seebodii
768 2004 973 2054 ‚,Archiv“
994 2005 1116 2047 1825.
1134 2008 1186 2044 Π.
1202 2020 1243 2058 p.
1259 2005 1344 2046 372
1362 2019 1430 2056 ss.,
1449 2020 1495 2044 ea
1516 2008 1675 2058 egregie
1698 2019 1751 2044 ex

195 2072 472 2114 similitudinis
510 2073 600 2123 lege
632 2072 813 2109 firmatur
850 2074 936 2111 Sat.
972 2074 1010 2122 1,
1049 2075 1090 2123 6,
1123 2075 1219 2115 110.
1278 2076 1364 2112 Hoc
1398 2087 1473 2126 ego
1508 2075 1752 2112 commodius

197 2157 321 2197 quam
338 2149 382 2180 tu
393 2163 445 2169 —
457 2141 595 2178 multis
603 2147 723 2192 atque
737 2140 830 2178 aliis
847 2142 955 2187 vivo,
977 2142 1085 2194 quod
1095 2141 1275 2181 Mohrius
1298 2141 1464 2193 (disput.
1484 2143 1532 2180 de
1545 2142 1752 2180 nonnullis

197 2213 295 2251 locis
317 2209 492 2249 Horatii.
516 2210 680 2260 Dorpat.
704 2205 849 2262 1832.)
878 2223 1088 2261 perperam
1106 2212 1409 2263 interpretatur:
1440 2213 1510 2260 „in
1533 2210 1609 2249 hac
1630 2218 1751 2265 atque

196 2281 239 2319 in
263 2280 404 2318 multis
431 2279 521 2316 aliis
540 2277 659 2315 rebus
682 2278 774 2316 vivo
799 2277 1094 2316 commodius.“

310 2350 357 2387 V.
377 2348 448 2389 36.
481 2346 668 2384 Intendes
697 2346 880 2383 animam
900 2346 1078 2383 stadium
1110 2353 1198 2396 etc.‚
1230 2353 1274 2384 ut
1293 2345 1408 2385 Ovid.
1427 2348 1552 2386 Trist.
1571 2344 1612 2397 4,
1642 2349 1679 2398 1,
1709 2345 1751 2389 4.

199 2431 309 2455 mens
338 2417 492 2454 intenta
522 2414 667 2461 malis;
696 2415 794 2451 Met.
830 2415 870 2463 6,
911 2414 950 2455 5.
981 2415 1164 2452 animum
1184 2414 1295 2466 satis
1322 2415 1509 2462 intendit,
1540 2415 1593 2454 ad
1632 2430 1754 2470 quem

198 2486 335 2524 locum
354 2482 560 2523 Schirach.
581 2483 710 2535 (Clav.
734 2495 774 2534 p.
795 2479 913 2538 165.)
935 2485 1111 2535 negavit,
1132 2482 1239 2535 apud
1260 2485 1392 2522 ullum
1408 2489 1570 2536 poetam
1590 2487 1754 2538 reperiri

200 2551 306 2591 hanc
327 2551 506 2605 phrasin,
535 2551 606 2590 sed
627 2552 778 2603 Gierig.
803 2566 883 2590 non
910 2554 1126 2591 immemor
1143 2552 1221 2590 fuit
1242 2550 1362 2603 hujus
1386 2554 1478 2591 loci.
1520 2555 1645 2594 Poeta
1661 2562 1752 2594 ante

204 2622 341 2660 oculos
370 2619 558 2659 habuisse
583 2620 744 2659 videtur
770 2622 1014 2660 Graecorum
1036 2620 1244 2673 προσέχειν
1271 2622 1339 2659 vel
1374 2620 1527 2675 ἐπέχειν
1553 2621 1624 2665 τὸν
1650 2627 1755 2666 νοῦν

203 2689 294 2730 τινί.
323 2689 390 2727 Sic
409 2689 575 2728 Lucian.
599 2688 820 2727 Alexandr.
841 2687 882 2730 4.
911 2693 996 2738 τοῖς
1019 2690 1216 2743 μεγίστοις
1237 2688 1389 2742 ἐπέχειν
1408 2687 1479 2732 τόν
1505 2695 1618 2733 νοῦν.
1641 2694 1749 2731 stad.

206 2765 243 2794 et
261 2755 342 2794 reb.
366 2756 538 2794 honestis
551 2757 664 2796 Voss.
682 2764 721 2795 et
738 2756 924 2796 Giinther
940 2773 1012 2811 per
1026 2759 1075 2800 ἓν
1097 2755 1164 2799 διοῖ
1183 2759 1299 2800 δυοῖν
1317 2765 1491 2809 vertunt,
1522 2767 1568 2799 ut
1588 2762 1640 2799 sit
1663 2768 1753 2800 stu-

206 2824 319 2864 dium
346 2837 478 2863 rerum
505 2823 786 2876 honestarum3
818 2840 944 2879 quum
970 2835 1106 2865 autem
1131 2828 1225 2866 Hor.
1254 2827 1402 2866 similia
1428 2829 1597 2882 jungere
1627 2831 1756 2869 soleat

208 2891 308 2944 (vid.
339 2907 377 2931 v.
410 2891 511 2944 60.),
540 2894 810 2947 sejungendae
837 2897 970 2947 potius
1004 2903 1098 2935 sunt
1131 2909 1262 2946 voces,
1292 2903 1336 2934 ut
1360 2898 1495 2936 stadia
1517 2900 1596 2936 sint
1622 2899 1755 2937 studia

208 2961 426 3011 literarum,
457 2968 501 2999 ut
527 2963 654 3014 Epist.
675 2966 714 3014 2,
743 2965 783 3015 2,
810 2965 879 3005 82.
902 2972 942 3003 et
964 2978 1026 3002 res
1047 2963 1232 3002 honestae
1247 2966 1313 3004 vel
1334 2967 1530 3020 sapientia
1558 2968 1658 3020 ipsa,
1690 2969 1755 3006 vel
