2028 3268
162 233 218 276 75
275 229 652 270 COMMENTARII
678 230 735 267 IN
764 227 988 268 HORATII
1011 224 1186 266 EPIST.
1207 225 1432 266 SECUND.
1453 224 1555 265 LIB.
1574 226 1610 264 I.
1638 221 1720 264 181

161 343 340 385 habendi
365 343 476 382 sitim
508 341 664 393 sedent,
693 342 956 396 animumque
985 339 1264 394 tranquillent,
1291 351 1455 392 prorsus
1481 337 1670 376 abhorret
1698 351 1724 376 a

161 410 419 467 philosophia
448 412 618 461 Horatii,
647 410 729 450 vid.
760 412 889 464 Epist.
919 411 958 459 1,
989 411 1057 460 18,
1093 411 1189 451 112.
1220 409 1271 448 cf.
1296 408 1395 446 Dae.
1421 405 1476 446 ad
1504 407 1589 447 Sat.
1612 409 1655 458 2,
1681 407 1722 457 6,

163 482 247 533 16„
274 481 346 521 ubi
362 488 500 520 tamen
521 493 607 519 rem
628 480 760 533 ipsam
778 482 916 519 minus
931 486 1038 518 recte
1058 478 1250 531 explicat.

272 617 323 657 V.
349 616 404 658 57
428 639 486 646 --
511 616 580 657 59.
622 616 869 656 Invidus—
885 622 1137 655 tormentum.
1207 612 1274 654 Ad
1301 625 1465 653 sensum
1490 610 1612 664 hujus
1642 612 1724 651 loci

162 686 348 738 proxime
370 683 567 723 accedunt
586 685 672 723 Sat.
693 686 732 736 1,
755 687 793 735 1,
813 686 908 727 111.
945 685 1141 738 Quodque
1159 682 1296 721 aliena
1329 681 1490 733 capella
1509 687 1629 734 gerat
1657 681 1726 719 di·-

162 755 329 792 scenam
347 753 462 800 uber,
500 752 706 792 Tabeseat.
737 754 898 792 Lucret.
920 755 962 804 3,
983 755 1052 796 75.
1083 754 1275 791 Macerat
1300 750 1456 788 invidia
1466 765 1484 798 ;
1514 757 1608 788 ante
1628 764 1725 788 ocu-

164 821 225 860 los
251 822 371 860 illum
396 835 477 860 esce
498 829 718 873 potentem,
743 821 871 860 Illum
897 822 1143 874 adspectari,
1169 821 1280 859 claro
1298 821 1371 872 qui
1386 819 1537 857 incedit
1554 819 1726 866 honore5

164 890 274 941 Ipsei
291 903 333 928 se
351 891 396 928 in
414 889 603 928 tenebreis
622 889 732 928 volvi
744 904 939 944 coenoque
959 898 1194 943 queruntur.
1229 888 1345 929 Ovid.
1365 889 1462 925 Met.
1480 890 1521 937 2,
1540 889 1640 930 780.
1661 889 1727 926 in-

165 957 331 996 tabescit
343 957 514 997 videndo
535 959 750 997 Successus
765 958 992 1005 hominum,
1014 960 1222 1011 carpitque
1237 965 1273 996 et
1292 959 1472 1009 carpitur
1490 971 1593 1003 una,
1617 956 1727 1008 Sup-

159 1026 411 1078 pliciumque
439 1041 559 1067 suum
585 1034 656 1065 est.
689 1027 763 1066 Sil.
783 1029 873 1066 Ital.
895 1028 935 1077 9,
957 1027 1056 1069 371.
1087 1041 1213 1080 aegra
1234 1027 1351 1064 laetis
1370 1025 1550 1064 Invidia.
1583 1024 1728 1064 Claud.

164 1096 208 1133 in
231 1095 364 1134 Rufin.
396 1095 435 1144 1,
464 1095 533 1136 32.
564 1097 770 1147 Livorque
797 1096 984 1134 secundis
1018 1098 1178 1134 anxius.
1220 1096 1326 1133 Hinc
1351 1095 1434 1133 Cic.
1462 1095 1586 1132 Tusc.
1612 1095 1653 1143 3,
1686 1094 1727 1143 9,

163 1165 235 1206 20.
255 1164 366 1216 quod
381 1163 547 1202 verbum
569 1164 853 1218 (invidentiae)
873 1164 1040 1204 ductum
1060 1172 1117 1203 est
1131 1180 1159 1203 α
1177 1165 1298 1202 nimis
1312 1162 1502 1201 intuendo
1509 1162 1730 1214 jbrtunam

165 1232 345 1288 alterius.
379 1233 523 1271 senec.
544 1232 593 1271 de
611 1234 755 1272 Benef.
769 1236 812 1284 2,
831 1235 902 1274 27.
939 1233 1137 1272 Omnibus
1155 1234 1220 1272 his
1238 1232 1506 1272 vehementius
1527 1237 1563 1267 et
1576 1231 1730 1281 impor-

169 1288 306 1340 tuniuc
319 1301 474 1339 malum
484 1309 539 1339 est
549 1301 725 1348 invidia,
745 1315 848 1353 quae
867 1316 938 1340 nos
951 1303 1164 1355 inquietat,
1182 1303 1279 1341 dum
1291 1306 1512 1352 comparat.
1535 1297 1730 1351 Aeschyl.

166 1371 311 1422 Agam.
341 1370 437 1411 883.
471 1367 589 1421 (786.
616 1368 759 1421 Both.)
796 1368 842 1423 (ὅ
869 1367 1049 1423 φθόνος)
1082 1367 1152 1412 τὸν
1185 1374 1365 1424 θυραῖον
1401 1366 1524 1422 ὄλβον
1564 1367 1731 1420 εἰςορῶν

167 1436 305 1479 στένει.
335 1437 511 1476 Theocr.
539 1438 601 1476 Id.
621 1438 662 1488 5,
695 1440 762 1479 12.
790 1437 921 1481 {cdxci
945 1439 1197 1480 Βασκαίνων.
1225 1437 1488 1478 Antisthenes
1514 1448 1579 1487 ap.
1605 1435 1730 1473 Orell.

167 1509 218 1544 Π.
240 1521 282 1559 p.
305 1504 374 1547 48.
405 1503 535 1561 ὥςπερ
561 1503 643 1547 ὕπὸ
672 1510 747 1548 τοῦ
769 1508 839 1550 ἰοῦ
860 1506 932 1550 τόν
953 1509 1134 1563 σίδηρον,
1165 1504 1296 1556 οὕτως
1314 1506 1421 1560 ἔλεγε
1447 1501 1543 1553 τούς
1571 1508 1731 1556 φθονε-

164 1571 268 1628 pods·
283 1571 367 1616 ὖπὸ
389 1577 463 1615 τοῦ
485 1575 592 1616 ἰδίου
610 1572 747 1628 ἤθους
765 1576 1067 1617 κατεσθίεσθαι.
1125 1576 1187 1614 ef.
1206 1577 1315 1627 Hug.
1335 1576 1449 1613 Grot.
1469 1572 1523 1611 ad
1539 1573 1728 1611 Proverb.

170 1641 236 1693 14,
257 1644 329 1685 30.
353 1637 438 1683 Alii
461 1645 552 1682 alia.
576 1665 635 1673 —-
655 1645 704 1684 V.
727 1643 797 1685 59.
815 1645 963 1691 Majus
982 1651 1233 1682 tormentum.
1268 1644 1338 1682 Sic
1355 1643 1499 1694 Ipsum
1517 1655 1558 1679 se
1576 1641 1733 1678 cruciat

166 1711 419 1764 desaevitque
445 1711 611 1749 invidus
639 1712 684 1748 in
700 1725 756 1750 se.
784 1713 877 1751 var.
901 1712 1085 1750 Sentent.
1113 1711 1178 1750 ed.
1202 1713 1309 1751 zell.
1334 1726 1376 1764 p.
1394 1713 1465 1753 86.
1491 1717 1532 1749 et
1549 1710 1731 1762 apprime

165 1780 278 1819 Curt.
298 1779 338 1830 8,
363 1781 430 1829 12,
453 1780 520 1821 18.
547 1780 708 1818 invidos
723 1779 902 1818 homines
921 1780 1030 1818 nilzil
1053 1781 1174 1819 aliud
1198 1780 1324 1833 qu’am
1341 1781 1521 1831 ipsorum
1543 1791 1624 1816 esse
1649 1785 1731 1815 tor—

165 1855 316 1888 menta.
348 1850 531 1886 Lactant.
559 1850 658 1887 lust.
682 1849 722 1898 6,
740 1847 780 1899 4,
801 1850 873 1891 20.
901 1849 1017 1895 Aliis
1034 1851 1210 1902 inspirat
1225 1849 1441 1900 invidiam,
1471 1855 1519 1887 ut
1543 1849 1628 1886 suis
1647 1849 1732 1899 ipse

169 1917 370 1955 tormentis
394 1918 583 1967 occupati
602 1917 709 1954 nihil
733 1917 854 1955 aliud
882 1920 1073 1971 cogitent,
1103 1933 1229 1971 quam
1250 1931 1405 1964 eorum,
1437 1931 1537 1970 quos
1558 1917 1732 1963 oderint,

163 1984 416 2036 felicitatem.
461 1986 529 2024 Fr.
557 1985 706 2024 Jacobs
733 1984 873 2024 laudat
899 1988 968 2026 Jo.
987 1987 1184 2026 Sarisber.
1207 1985 1257 2024 de
1276 1989 1383 2038 Nug.
1405 1987 1498 2025 Cur.
1517 1987 1559 2036 7,
1580 1984 1652 2027 24.
1681 1984 1732 2023 de

169 2051 324 2092 invidia
351 2051 575 2090 dicentem:
606 2066 678 2090 nec
703 2053 788 2091 leve
817 2060 1056 2093 tormentum
1083 2055 1242 2101 credas,
1271 2069 1350 2107 quo
1371 2055 1535 2093 nullum
1560 2055 1734 2106 gravius

164 2127 385 2173 potuerunt
410 2120 541 2158 Siculi
570 2121 792 2172 excogitare
823 2124 1001 2173 tyranni.
1074 2124 1135 2160 De
1165 2122 1315 2162 Siculis
1346 2123 1530 2176 tyrannis
1559 2122 1733 2173 insignis

171 2196 232 2229 est
260 2191 373 2229 locus
399 2200 467 2240 ap.
498 2189 582 2226 Cic.
612 2190 656 2226 in
679 2190 790 2228 Verr.
821 2189 861 2238 5,
893 2190 962 2239 56,
993 2187 1090 2231 145.
1119 2190 1357 2229 versabatur
1379 2192 1426 2228 in
1448 2190 1593 2229 Sicilia
1612 2190 1733 2242 longo

171 2258 385 2298 iruervallo
412 2257 533 2303 alter,
563 2269 644 2293 non
676 2256 900 2309 Dionysius
926 2256 1015 2304 ille,
1044 2272 1117 2296 nec
1145 2258 1343 2296 Phalaris
1380 2257 1495 2310 (tulit
1523 2260 1630 2296 enim
1655 2258 1734 2296 illa

171 2327 376 2380 quondam
401 2324 539 2363 insula
559 2323 706 2362 multos
738 2332 777 2362 et
805 2325 985 2364 crudeles
1016 2327 1246 2378 tyranno-3),
1278 2326 1373 2375 θεάς
1397 2349 1456 2356 -—
1479 2326 1732 2381 eandemque

172 2397 222 2437 ob
253 2407 418 2434 causam
449 2394 589 2434 Sicilia
620 2406 644 2430 a
676 2394 724 2431 P.
753 2394 893 2433 Orosio
920 2396 962 2444 2,
998 2393 1066 2436 14.
1107 2394 1253 2433 dicitur
1282 2396 1422 2433 nutrix
1451 2403 1729 2448 tyrannorum.

171 2466 306 2512 Quum
330 2469 494 2516 propter
515 2468 678 2499 taurum
699 2461 819 2500 illum
854 2467 1027 2502 aeneum
1052 2464 1156 2516 (Cic.
1175 2464 1286 2503 Verr.
1309 2461 1349 2513 4,
1369 2463 1440 2513 33,
1461 2465 1552 2515 73.)
1580 2464 1734 2504 Phala-

173 2531 271 2573 ridis
307 2538 464 2583 praeter
493 2543 635 2570 omnes
670 2532 884 2570 nobilitata
911 2533 966 2571 sit
1002 2531 1243 2582 crudelitas,
1277 2545 1373 2570 eum
1402 2534 1602 2585 imprimis
1639 2540 1733 2572 ante

176 2601 313 2639 oculos
335 2598 525 2638 habuisse
545 2600 705 2639 videtur
725 2602 866 2640 Poeta.
923 2602 985 2639 De
999 2602 1072 2641 illo
1098 2600 1205 2651 vide,
1236 2614 1341 2653 quae
1360 2607 1519 2653 praeter
1538 2602 1733 2641 Ebertum

176 2669 226 2707 ab
259 2669 383 2706 Orell.
412 2669 457 2705 in
485 2669 629 2707 Onom.
662 2670 778 2708 Tull.
808 2672 860 2708 ΙΙ.
888 2684 930 2722 p.
961 2668 1059 2712 451.
1091 2669 1306 2708 laudatum
1339 2670 1590 2722 collegerunt
1616 2673 1732 2712 testi-

175 2738 313 2775 monia
342 2737 502 2775 Koeler.
526 2736 579 2775 ad
605 2737 810 2776 Heraclid.
831 2739 990 2778 Pontio.
1021 2754 1056 2777 c.
1081 2740 1151 2781 36.
1177 2745 1218 2776 et
1240 2737 1370 2776 Beier.
1389 2737 1441 2776 ad
1459 2739 1542 2777 Cic.
1560 2740 1674 2779 Offic.
1690 2742 1732 2790 2,

175 2808 217 2854 7,
238 2806 309 2846 26.
366 2806 469 2842 Rem
492 2812 690 2844 vetustate
716 2807 899 2846 obrutam
922 2809 973 2846 ob
996 2821 1167 2860 eamque
1194 2820 1358 2846 causam
1380 2821 1404 2845 a
1426 2810 1565 2848 multis
1591 2810 1634 2848 in
1654 2809 1732 2848 du-

176 2874 289 2911 bium
318 2878 502 2910 vocatam
530 2886 659 2926 nuper
691 2875 846 2913 erudite
878 2875 1099 2914 vindicavit
1128 2876 1259 2928 Pauly
1282 2877 1325 2914 in
1351 2878 1612 2926 „Kunstblatt
1637 2892 1733 2916 zum

178 2941 429 2994 Morgenbl.“
463 2942 586 2985 1835.
620 2944 668 2980 Ν.
691 2943 760 2985 57.
790 2958 829 2997 p.
859 2945 959 2986 237.
1017 2944 1204 2982 Ceterum
1227 2946 1470 2984 sententiam
1497 2944 1644 2986 horum
1666 2960 1730 2986 vv.
