2028 3268
157 231 212 273 63
270 230 642 270 COMMENTARII
668 231 723 267 IN
750 230 972 269 HORATH
1001 229 1174 268 EPIST.
1200 229 1419 268 SECUND.
1450 230 1552 267 LIB.
1570 231 1601 266 I.
1633 225 1715 268 169

155 343 285 382 hodie.
326 342 387 383 Id.
418 343 459 392 5,
504 342 572 392 58,
602 344 643 383 7.
684 343 763 382 Ille
795 346 921 395 sapit,
960 345 1160 396 quisquis,
1198 342 1436 390 Posthume,
1476 345 1578 382 vixit
1609 343 1710 381 heri.

155 415 216 451 Ita
245 413 371 452 Stoici
398 424 478 450 sec.
511 411 625 450 Stob.
658 413 800 464 Eclog.
829 413 871 463 2,
910 413 951 453 7.
981 426 1021 464 p.
1055 411 1154 453 240.
1179 414 1234 451 H.
1276 408 1377 454 Οὐδ’
1413 408 1716 467 ἀναβάλλεσθαι

156 479 202 522 δέ
228 495 326 522 ποτε
364 478 433 522 τὸν
473 481 701 522 σπουδαῖον
731 478 865 531 ου’δέν,
896 478 1000 522 εἶναι
1027 478 1105 534 γᾶρ
1140 477 1218 534 τὴν
1249 475 1460 535 ἀναβολὴν
1487 479 1715 533 ’ὑπέρθεσιν

155 547 354 604 ἐνεργείας
390 545 450 590 δι’
491 546 617 590 ι’)’κνον
651 572 702 577 -
736 549 948 588 afferentes
988 548 1047 602 (p.
1077 548 1196 602 242.)
1233 548 1398 588 Hesiod.
1433 551 1508 603 Op.
1549 557 1590 589 et
1617 551 1714 588 Dies

155 614 253 658 408.
286 614 407 669 Mnd'
434 613 740 671 ἀναβάλλεσθαι
775 617 814 666 ἔς
839 613 880 657 τ’
911 615 1059 671 αὔριον
1096 618 1136 667 ἔς
1169 615 1210 658 τ’
1240 619 1427 671 ἕννηφιν.
1455 619 1714 657 Democrates

155 697 221 737 ap.
250 686 373 724 Orell.
391 688 425 724 Ι.
455 700 495 738 p.
513 684 581 727 84.
614 688 662 725 Ν.
682 684 760 727 46:
795 683 848 728 Τὸ
869 682 931 727 οἷεὶ
947 685 1091 738 μέλλον
1114 683 1273 736 &veatae
1291 686 1419 728 ποιέει
1441 684 1513 735 τοὶς
1530 682 1714 741 πρήξιας.

153 754 247 792 Alia
274 753 517 807 suppeditat.
548 754 613 793 ed.
642 752 855 795 Schmidii.
912 755 973 793 De
1002 757 1128 794 Poeta
1156 757 1245 809 ipso
1276 756 1328 795 cf.
1346 757 1477 808 Epist.
1511 755 1548 804 1,
1580 756 1620 803 1,
1646 756 1714 796 11.

153 823 210 865 23
237 836 328 876 sqq.

269 893 316 934 V.
337 889 407 933 42.
425 889 495 933 43.
526 891 722 930 Rusticus
741 913 792 919 —
813 905 972 928 aevum.
1005 891 1202 928 Rusticus
1220 898 1421 943 exspectat
1450 897 1557 929 recte
1586 891 1714 929 inter-

153 962 299 1012 pretati
327 965 422 1000 sunt
448 960 581 998 Acron
618 966 660 998 et
686 959 928 1009 Lambinus,
967 967 1006 998 et
1030 961 1107 1008 ita,
1145 967 1191 999 ut
1229 959 1326 998 huic
1354 973 1505 999 nomen
1541 960 1716 997 rusticus

154 1043 250 1070 cum
276 1031 398 1068 verbo
429 1035 637 1082 exspectat
674 1027 1002 1080 conjungendum
1031 1027 1250 1067 videretur.
1308 1031 1357 1067 In
1395 1027 1505 1067 hunc
1549 1027 1715 1080 quidem

152 1111 319 1137 sensum
346 1100 395 1137 P.
412 1099 544 1137 Daru:
577 1097 777 1148 „Differer
803 1098 843 1136 le
872 1105 1054 1137 moment
1082 1094 1133 1135 ou
1161 1096 1256 1135 l'on
1289 1095 1374 1136 doit
1402 1099 1513 1136 vivre
1536 1111 1585 1135 en
1606 1110 1715 1148 sage,

153 1167 197 1204 C’
209 1173 270 1205 est
306 1168 441 1205 imiter
468 1182 514 1206 ce
545 1168 631 1216 fou,
663 1167 797 1218 qu’on
826 1168 913 1204 vois
942 1166 1036 1218 pres
1067 1165 1122 1203 du
1151 1167 1302 1217 rivage,
1341 1165 1536 1205 Attendre
1567 1179 1646 1218 que
1675 1167 1715 1205 le

152 1235 282 1273 fleuve
321 1237 376 1273 ait
413 1235 619 1288 suspendu
655 1248 729 1273 sou
766 1235 925 1272 cours.“
984 1232 1174 1272 Cludius:
1206 1237 1340 1284 „Wer
1367 1233 1595 1274 verschiebt
1631 1233 1711 1273 den

154 1303 320 1355 Anfang
347 1303 558 1356 wiirdigen
584 1305 762 1354 Lebens,
807 1301 959 1355 gleicht
996 1302 1089 1342 dem
1126 1303 1304 1355 Tolpel“
1335 1309 1411 1342 etc.
1482 1304 1588 1343 Tale
1617 1302 1716 1357 quid

154 1372 319 1410 omnino
350 1380 583 1424 exspectes,
611 1380 656 1411 ut
683 1375 718 1411 is
750 1379 846 1410 nota
884 1374 1017 1411 insani
1045 1374 1111 1412 vel
1147 1372 1286 1411 stolidi
1320 1378 1503 1422 notetur,
1544 1373 1616 1425 qui
1646 1385 1715 1411 sa·

153 1440 331 1491 pientiae
358 1439 538 1479 studium
567 1447 607 1479 et
634 1442 848 1480 meliorem
872 1443 998 1480 animi
1024 1440 1295 1481 conditionem
1323 1440 1458 1479 differt
1486 1442 1530 1478 in
1553 1448 1714 1494 tempus

153 1509 365 1547 incertum.
421 1510 476 1547 Et
502 1511 694 1556 rusticus,
722 1517 767 1548 ut
797 1508 999 1564 ἄγροικος,
1032 1524 1116 1549 nou
1145 1511 1277 1548 solum
1301 1509 1352 1548 de
1380 1511 1464 1547 ruri
1491 1508 1712 1559 habitante,

152 1587 295 1614 verum
324 1577 449 1614 etiam
479 1575 529 1614 de
552 1576 719 1616 homine
748 1579 936 1631 imperito
967 1585 1007 1615 et
1034 1580 1188 1617 scaevis
1222 1578 1403 1616 moribus
1433 1576 1599 1627 dicitur3
1629 1577 1715 1617 vid.

152 1644 259 1682 Cort.
290 1643 343 1683 ad
369 1634 454 1683 Cic.
476 1647 606 1698 Epist.
637 1646 690 1684 ad
717 1648 809 1685 Div.
841 1646 909 1696 15,
941 1647 1008 1695 19,
1042 1647 1079 1686 1.
1108 1648 1248 1684 Burm.
1280 1645 1333 1684 ad
1359 1644 1527 1685 Anthol.
1559 1647 1631 1685 lat.
1660 1648 1713 1685 11.

150 1726 193 1765 p.
225 1712 319 1754 536.
350 1720 390 1751 et
429 1714 482 1752 cf.
524 1713 774 1753 Doederlinii
814 1715 998 1764 „Lateim
1029 1715 1240 1767 Synonym
1268 1716 1301 1755 1.
1330 1727 1373 1766 p.
1402 1715 1474 1755 72.
1543 1714 1621 1762 Qui
1649 1714 1715 1752 fa-

151 1782 292 1820 bulam
327 1783 562 1836 intelligunt
600 1784 686 1822 sive
720 1782 854 1821 fictam
883 1784 968 1821 sive
1006 1796 1165 1832 veram,
1206 1795 1287 1835 qua
1322 1782 1494 1821 rusticus
1533 1781 1713 1836 quidam,

150 1852 223 1904 qui
259 1853 419 1904 proprie
459 1850 616 1902 dicitur,
658 1852 901 1902 exspectarit
929 1865 1016 1890 rem
1054 1852 1172 1889 illam
1198 1850 1452 1901 mirabilem,
1495 1865 1578 1890 non
1617 1853 1714 1891 satis

150 1919 371 1959 attendisse
397 1919 585 1958 videntur
611 1920 842 1958 liberiorem
860 1919 1164 1971 Adjectivorum
1183 1933 1306 1958 usum
1325 1921 1606 1971 Horatianum,
1633 1934 1714 1974 quo

150 2001 200 2027 ea
234 1989 302 2028 vel
342 1990 428 2027 vim
456 1987 649 2026 Adverbii
688 1989 909 2036 sustinent,
951 1994 997 2026 ut
1023 2001 1063 2026 v.
1091 1987 1161 2029 24.
1190 1988 1340 2027 stultus
1366 1989 1636 2042 cupidusque,
1674 2003 1714 2028 v.

150 2057 222 2098 70.
244 2062 430 2094 strenuus
458 2056 533 2095 od.
563 2058 604 2106 3,
634 2057 704 2106 28,
727 2057 782 2105 3.,
810 2057 878 2095 vel
904 2069 928 2094 a
956 2057 1118 2094 Graecis
1146 2070 1219 2108 per
1243 2059 1507 2109 Participium
1537 2057 1713 2096 efferun-

151 2131 230 2173 tur,
259 2130 306 2161 ut
333 2137 372 2164 v.
406 2121 478 2164 34.
504 2137 647 2170 sanus,
673 2137 712 2162 v.
739 2125 810 2165 37.
839 2124 945 2176 vigil
971 2131 1011 2162 et
1038 2123 1081 2162 h.
1112 2126 1142 2165 l.
1171 2127 1346 2164 rusticus
1384 2128 1413 2164 i.
1444 2140 1480 2165 e.
1511 2123 1713 2180 ἄγροικος,

150 2187 294 2245 ἆφυῆς
321 2189 393 2241 ὤν,
421 2193 506 2231 sive
535 2194 687 2231 mavis:
716 2194 965 2244 insipienter,
994 2192 1127 2230 stulte.
1189 2193 1389 2246 Quicquid
1413 2201 1486 2244 est,
1516 2195 1714 2232 Rusticus

152 2267 353 2311 exspectat
379 2258 525 2299 dicitur
553 2267 599 2299 ut
632 2260 707 2299 Od.
736 2261 778 2311 3,
808 2262 879 2311 21,
911 2262 979 2302 10.
1010 2268 1047 2298 te
1074 2261 1250 2313 negliget
1277 2261 1466 2300 horridus
1495 2269 1535 2300 et
1563 2263 1713 2300 similia

150 2328 196 2368 id
219 2342 360 2382 genus,
390 2342 494 2382 quae
524 2329 689 2380 collegit
706 2329 928 2368 Lambinus
959 2327 1011 2367 ad
1033 2329 1106 2368 Od.
1127 2330 1168 2379 3,
1191 2332 1230 2378 8,
1249 2329 1320 2370 25.
1351 2330 1412 2371 Of.
1442 2332 1495 2368 H.
1515 2328 1712 2382 Stephan.

151 2397 280 2436 Diatr.
309 2411 351 2450 p.
381 2398 465 2440 107
483 2421 539 2426 -
561 2398 628 2438 12.
659 2396 722 2437 ed.
756 2398 867 2439 1600
896 2404 936 2435 et
963 2395 1146 2436 Schmid.
1171 2397 1223 2435 ad
1249 2399 1379 2451 Epist.
1402 2399 1468 2448 17,
1489 2398 1557 2442 50.
1600 2397 1713 2437 Nihil

151 2477 260 2504 nunc
289 2465 423 2504 dicam
452 2465 502 2504 de
531 2467 742 2518 ingeniosa
769 2465 1021 2505 Doederlinii
1050 2467 1289 2517 conjectura,
1321 2481 1400 2521 qua
1427 2469 1464 2506 is
1494 2467 1556 2519 (in
1580 2469 1710 2506 Lectt.

153 2545 238 2573 var.
272 2532 466 2584 ogdoade.
494 2535 659 2587 Erlang.
693 2535 817 2577 1835.
855 2549 895 2588 p,
923 2534 984 2587 5.)
1025 2534 1134 2573 hunc
1170 2536 1307 2574 locum
1333 2536 1545 2576 Juvenalis
1573 2537 1710 2574 imita-

153 2601 264 2639 tione
291 2601 403 2639 videt
431 2615 679 2655 expressum,
709 2605 745 2643 si
772 2605 830 2642 ita
857 2605 1017 2656 legatur
1047 2605 1114 2653 10,
1142 2604 1237 2644 23.:
1274 2605 1387 2655 Quid
1406 2605 1550 2644 suadet
1562 2606 1712 2653 juveni

154 2667 285 2706 laetus
321 2670 487 2707 stridore
518 2678 698 2719 catenae,
733 2673 860 2723 Quem
886 2674 985 2710 mire
1016 2674 1202 2724 afficiunt
1237 2675 1449 2726 inscripta,
1482 2674 1709 2727 ergastula,

155 2736 322 2775 carcer?
350 2738 546 2777 Rusticus
570 2748 787 2792 exspectas,
815 2748 862 2780 ut
884 2756 966 2780 non
986 2743 1040 2780 sit
1056 2741 1244 2780 adultera
1261 2743 1426 2795 Largae
1443 2742 1574 2790 Filia,
1604 2757 1710 2796 quae

155 2812 232 2844 etc.
298 2807 352 2844 At
369 2827 426 2835 -—
445 2805 554 2859 quod.
593 2823 676 2848 non
717 2812 848 2850 levius
877 2817 937 2849 est
955 2833 1006 2838 —
1029 2812 1100 2863 qui
1128 2818 1173 2849 ut
1200 2812 1413 2862 Dacerius,
1452 2813 1706 2864 Doeringius‚

157 2873 247 2922 alii,
291 2872 343 2911 ad
386 2887 556 2927 quorum
594 2880 835 2918 sententiam
870 2880 1025 2919 nollem
1065 2881 1295 2919 accessisset
1334 2882 1377 2920 C.
1407 2882 1622 2920 Passovius
1657 2882 1705 2919 N.

155 2939 268 2992 283„
306 2941 359 2981 ad
396 2943 624 2984 fabularum
661 2955 890 2988 commenta
929 2948 1179 3000 confugiunt,
1217 2951 1248 2988 ii
1274 2951 1390 2990 nobis
1420 2951 1603 2990 fabulam
1630 2950 1706 2990 ob-
