2028 3268
135 262 217 304 101
277 259 659 301 COMMENTARII
687 261 746 301 IN
775 260 1002 301 HORATII
1030 260 1131 299 LIB.
1155 260 1186 298 Ι.
1207 258 1375 299 EPIST.
1396 258 1544 298 SEPT.
1602 257 1686 300 373

134 389 175 427 in
211 385 423 425 hominibus
447 385 639 437 rebusque
669 387 913 437 conspicuum
939 392 999 425 est
1028 387 1242 437 exprimunt
1265 390 1441 437 veteres,
1492 387 1596 436 quod
1625 385 1685 423 hic

134 455 281 507 fugisse
317 455 466 493 videtur
491 454 805 494 Marklandum.
865 456 978 493 Conf.
1017 455 1151 493 Jacob.
1192 455 1267 500 Qu.
1296 455 1403 506 Epic.
1438 467 1478 506 p.
1512 454 1565 495 17
1594 466 1681 503 sqq.

133 528 174 563 et
197 527 331 563 nostra
357 528 540 562 annotata
567 523 617 560 ad
648 525 696 572 2,
739 525 807 565 21.
837 546 895 551 -
922 523 968 560 V.
999 520 1068 564 41.
1127 523 1253 574 Junge
1282 527 1442 574 propter
1466 522 1681 573 juncturam

133 605 221 631 cum
242 591 370 630 verbis
393 599 440 629 ut
457 615 514 620 —
528 597 736 642 porrectus
750 605 826 630 non
851 592 1083 643 singularem
1103 592 1229 630 locum
1251 592 1404 630 Ithacae
1427 589 1681 629 indicantibus

130 661 204 699 ita:
234 660 376 699 Ithace
402 659 536 712 (Ovid.
560 659 597 697 T
600 660 683 697 rist.
709 661 747 709 1,
767 659 822 710 4,·
839 662 906 701 67.
938 661 1034 699 Met.
1062 659 1130 711 14,
1164 660 1278 712 169.)
1306 674 1387 698 non
1416 665 1473 696 est
1499 665 1586 710 apt.
1619 672 1679 710 eq.

130 728 208 766 hc.
269 729 334 768 Sic
357 729 471 768 Hom.
495 729 570 766 Od.
597 726 640 778 4,
667 729 923 769 601—608.
953 734 1108 780 praeter
1136 729 1210 766 alia
1238 729 1351 767 haec:
1379 723 1447 768 Ἐν
1476 723 1512 767 δ’
1539 722 1680 783 Ἰθάκῃ

127 790 212 839 οὔτ’
240 793 292 851 ἄρ
318 793 461 852 δρόμοι
483 793 639 850 εὐρέες,
679 793 772 838 οὔτε
799 812 837 836 τι
863 794 1028 849 λειμών.
1065 819 1121 827 -
1160 793 1220 839 Ου’
1248 793 1324 851 γάρ
1353 812 1412 845 τις
1439 793 1581 849 νήσων
1611 795 1680 836 ἴπ-

127 860 329 918 πήλατος,
378 861 472 907 ov'd'
498 860 694 918 εὐλείμων
722 887 779 894 --
806 859 946 916 Ἰθάκη
981 863 1025 905 δέ
1054 881 1094 907 τε
1126 865 1196 907 καὶ
1225 865 1319 917 περὶ
1349 863 1524 906 πασέων.
1584 864 1679 903 Inde

127 934 311 986 Epitheta
337 930 521 988 κραναή,
549 930 836 982 παιπαλόεσσα,
864 937 1038 986 τρηχεῖα.
1095 935 1142 972 Il.
1169 934 1211 983 3,
1240 935 1336 975 201.
1399 933 1476 970 Od.
1510 933 1549 982 1,
1581 929 1677 974 247.

125 1002 170 1054 9,
197 1003 266 1046 27.
299 1003 367 1053 11,
397 1001 496 1045 479.
533 1000 603 1052 14,
630 1000 725 1044 242.
787 1002 869 1040 Cic.
900 1005 950 1041 de
975 1003 1045 1043 Or.
1079 1005 1118 1053 1,
1149 1000 1219 1052 44,
1248 1002 1345 1042 196.
1406 999 1593 1039 Ithacam
1622 999 1676 1037 il-

126 1071 214 1110 lam
240 1072 285 1109 in
315 1071 549 1122 asperrimis
577 1069 732 1108 saxulis
760 1077 958 1122 tanquam
986 1071 1175 1109 nidulum
1215 1071 1392 1122 affixam.
1451 1068 1572 1109 Prisc.
1602 1067 1677 1107 Pe-

121 1141 219 1191 rieg.
258 1140 356 1182 521.
415 1138 576 1177 [thanes
605 1146 727 1191 atque
754 1153 899 1190 aspera
928 1139 1059 1177 tellas.
1122 1139 1208 1177 Vid.
1241 1151 1338 1190 quae
1367 1138 1514 1176 erudite
1543 1138 1676 1188 dispu-

120 1213 209 1249 tant
236 1206 422 1246 Nitzsclz.
455 1209 505 1246 ad
531 1207 645 1246 Hom.
676 1207 753 1245 Od.
779 1207 807 1245 I.
838 1221 877 1258 p.
899 1208 1211 1246 XVIII—XXI.
1233 1213 1273 1246 et
1293 1207 1492 1246 Klausen.
1511 1208 1550 1245 in
1570 1207 1676 1244 Zim-

121 1290 256 1317 merm.
282 1275 571 1327 ‚‚Zeitschrift“
599 1275 723 1316 1835.
745 1289 784 1326 p.
810 1274 903 1317 134.
926 1289 1012 1327 sqq.
1040 1278 1088 1315 de
1110 1277 1256 1314 libello:
1287 1276 1448 1327 „Ueber
1471 1277 1540 1313 das
1560 1275 1674 1314 Hom.

116 1344 296 1384 Ithaca.“
352 1344 442 1382 Von
468 1344 519 1382 R.
548 1357 584 1381 v.
615 1342 665 1381 L.
693 1365 742 1371 —
771 1343 902 1382 Berlin
929 1346 1051 1387 1832.
1087 1368 1135 1375 -
1167 1346 1213 1384 V.
1239 1344 1308 1388 42.
1370 1346 1602 1389 Porreetzcs,
1631 1348 1675 1382 ut

121 1413 238 1451 Caes.
262 1412 311 1450 B.
341 1413 392 1451 G.
421 1414 462 1462 2,
494 1411 564 1462 19,
592 1411 632 1452 5.
657 1419 844 1462 porrecta
872 1427 923 1450 ac
952 1413 1042 1451 loca
1070 1421 1224 1466 aperta.
1285 1415 1399 1452 Conf.
1430 1413 1564 1451 Jacob.
1595 1412 1672 1457 Qu.

115 1479 280 1520 Lucian.
307 1494 347 1532 p.
375 1481 443 1524 29.
484 1503 542 1508 ——-
574 1479 726 1517 multae
748 1481 947 1533 prodcgrus
973 1482 1138 1534 herbae,
1189 1489 1230 1522 ut
1263 1483 1336 1533 15,
1381 1484 1445 1523 16.
1479 1489 1672 1533 puteosne

111 1562 310 1600 perennes
336 1546 454 1600 Jugis
479 1562 636 1600 aquae,
680 1548 743 1586 ubi
773 1550 882 1597 vide3
921 1552 992 1589 nisi
1020 1552 1172 1589 multae
1201 1552 1260 1590 hic
1289 1557 1349 1590 est
1378 1565 1449 1603 pro
1475 1552 1579 1589 vario
1602 1563 1671 1601 ge-

117 1630 224 1656 nere.
284 1617 348 1655 Sic
372 1617 422 1667 5,
454 1619 494 1659 2.
525 1631 639 1654 omne
662 1617 762 1656 olas.
801 1640 856 1649 ——
897 1619 941 1657 V.
972 1617 1039 1661 43.
1070 1622 1204 1672 magis
1233 1627 1333 1671 apta
1362 1618 1436 1657 tibi
1462 1627 1534 1657 tua
1563 1619 1672 1657 dona

116 1685 257 1737 relinq.
295 1684 410 1724 Hom.
452 1685 531 1723 od.
571 1686 598 1724 l.
630 1686 657 1724 l.
694 1685 803 1738 (ibiq.
836 1687 1034 1739 Nitzsch.)
1073 1686 1123 1729 συ“
1161 1685 1239 1742 γάρ
1277 1687 1435 1730 πεόιόιο
1475 1685 1670 1735 ἀνάσσεις

118 1752 276 1807 Ευρὲος
305 1758 380 1793 etc.
439 1754 551 1805 Vid.,
597 1766 711 1804 quem
735 1755 864 1794 laudat
888 1756 1126 1807 Schmidius,
1182 1757 1229 1797 O.
1261 1756 1426 1796 Miiller.
1454 1756 1597 1795 Gesch.
1629 1756 1668 1792 d.

114 1822 216 1863 Hell.
247 1823 371 1862 Staat.
399 1822 447 1862 Π.
477 1835 516 1873 p.
539 1821 609 1862 69.

227 1890 276 1930 V.
305 1887 376 1930 44.
437 1892 574 1929 Parva
589 1903 770 1942 parvum
792 1891 942 1930 decent.
1005 1893 1064 1931 Ita
1086 1898 1329 1945 opponuntur
1355 1894 1483 1944 parvi
1507 1897 1546 1930 et
1574 1904 1666 1928 am-

106 1959 176 2011 pli
202 1960 255 2010 3,
293 1959 362 2001 28.
420 1959 464 1997 In
499 1961 730 1998 sententiam
761 1961 839 2010 18,
881 1962 954 2003 30.
1014 1961 1126 2000 Arta
1157 1962 1268 1999 decet
1303 1976 1451 2000 sanum
1483 1962 1665 1998 comitem

116 2035 224 2080 toga.
298 2026 538 2077 Comparant
569 2028 682 2065 etiam
716 2027 866 2067 Callim.
906 2030 1062 2081 Fragm.
1105 2030 1201 2071 179.
1267 2026 1350 2072 Ἀεὶ
1387 2033 1473 2078 τοῖς
1507 2030 1666 2082 μίκκοις

113 2095 239 2149 μίκκοι
262 2094 423 2135 διδοῦσι
449 2093 553 2134 θεοί.
580 2115 638 2122 —-
651 2097 750 2140 J'am
776 2109 874 2142 non,
902 2102 1004 2136 tecte
1030 2099 1249 2148 significans
1271 2102 1454 2137 mutatam
1476 2097 1664 2135 sentiendi

109 2164 323 2212 rationem,
362 2165 408 2200 ut
426 2164 523 2210 jam
550 2163 599 2212 1,
634 2163 681 2211 1,
711 2160 750 2202 4-
783 2163 859 2213 10,
892 2166 959 2205 11.
1018 2165 1079 2204 De
1103 2167 1251 2205 dicendi
1274 2167 1444 2216 ratione,
1484 2179 1556 2216 pro
1585 2177 1662 2215 qua

111 2231 276 2270 barbare
303 2243 384 2268 non
404 2229 583 2281 amplius
611 2230 755 2280 dicunt,
785 2232 886 2269 conf.
918 2232 1001 2270 Sat.
1030 2236 1070 2283 2,
1095 2235 1138 2285 3,
1166 2234 1206 2275 5.
1265 2235 1412 2272 Jamne
1435 2246 1527 2270 non.
1584 2232 1659 2270 Od.

114 2302 157 2351 1,
187 2297 230 2351 4,
259 2299 301 2340 3.
333 2298 375 2350 9,
405 2300 445 2341 2.
475 2311 602 2350 neque
619 2299 734 2348 jam,
763 2301 954 2347 necjam.
1002 2301 1077 2339 Od.
1102 2304 1143 2352 3,
1171 2303 1214 2353 3,
1241 2303 1309 2344 25.
1334 2303 1427 2350 jam
1452 2314 1534 2340 nee.
1580 2300 1657 2338 od.

113 2366 165 2419 4,
195 2364 238 2418 4,
268 2366 339 2407 69.
355 2368 452 2415 jam
478 2379 571 2408 non.
629 2364 810 2415 Virgilius
840 2372 968 2405 autem
997 2367 1055 2406 bis
1082 2382 1154 2407 nec
1169 2372 1267 2418 jam
1288 2370 1465 2421 ampliu-s·
1493 2368 1590 2407 Aen.
1614 2368 1657 2418 3,

112 2435 208 2480 192.
236 2435 335 2479 260.
393 2434 600 2485 Virgiliana
626 2434 798 2485 exempla
827 2435 981 2487 collegit
1005 2436 1186 2488 Wagner.
1214 2439 1254 2477 in
1284 2439 1360 2484 Qu.
1384 2437 1490 2489 Virg.
1516 2436 1655 2487 XXIV,

111 2506 169 2555 2.,
198 2503 273 2543 alia
299 2503 428 2543 Hand.
454 2503 504 2541 ad
534 2501 653 2540 Turs.
682 2501 750 2540 III.
774 2517 813 2555 p.
844 2503 924 2545 131
951 2517 1055 2556 sqq.,
1078 2507 1134 2544 cui
1163 2520 1240 2545 non
1267 2519 1427 2558 prorsus
1452 2507 1653 2544 assentior.

113 2594 173 2603 --
200 2573 313 2624 regia
339 2572 502 2618 Roma,
533 2575 720 2622 quatenus
747 2572 1004 2621 magnitudine
1033 2574 1180 2624 virium,
1209 2573 1414 2624 splendore
1438 2578 1479 2612 et
1505 2575 1653 2625 magni-

110 2640 267 2679 ficentia
294 2637 363 2690 (cf.
393 2639 560 2678 Ellendt.
591 2640 639 2677 ad
669 2639 751 2677 Cic.
782 2640 829 2677 de
855 2639 926 2677 Or.
957 2642 996 2690 1,
1025 2643 1067 2691 8,
1096 2641 1186 2692 32.)
1215 2642 1384 2693 excellit,
1416 2654 1532 2693 quare
1559 2641 1650 2680 alias

112 2707 191 2747 od.
211 2706 254 2758 4,
287 2707 330 2757 3,
360 2707 426 2748 13.
486 2707 622 2744 Roma
636 2708 825 2759 princeps
845 2706 1032 2756 urbium;
1062 2707 1103 2760 4,
1130 2711 1198 2761 14,
1223 2708 1291 2751 44.
1313 2710 1476 2748 domina
1495 2711 1648 2757 Roma,

107 2779 152 2815 ut
175 2774 359 2827 Calpum.
382 2773 425 2824 4,
456 2775 552 2815 161.
583 2776 625 2825 8,
655 2775 723 2818 83.
782 2775 896 2814 Mart.
918 2776 960 2825 3,
994 2778 1033 2826 1,
1062 2777 1102 2817 5.
1162 2778 1275 2816 Conf.
1298 2783 1452 2830 praeter
1476 2779 1644 2818 Schmid.

107 2848 149 2884 et
188 2843 235 2882 C.
265 2843 375 2881 Pass.
403 2842 458 2881 N.
489 2842 586 2884 257.
623 2841 733 2895 Lips.
765 2845 812 2882 de
850 2844 1064 2894 Magnitud.
1093 2845 1205 2884 Rom.
1236 2848 1284 2896 1,
1325 2849 1365 2889 2.
1422 2847 1555 2886 Barth.
1593 2849 1643 2885 ad

108 2911 245 2950 Claud.
276 2912 324 2950 de
350 2909 476 2949 Laud.
516 2910 603 2949 Stil.
633 2911 685 2961 3,
729 2912 823 2953 131.
882 2911 1054 2950 Elmenh.
1084 2914 1135 2951 ad
1164 2913 1308 2953 Arnob.
1340 2917 1379 2957 2.
1413 2929 1453 2967 p.
1477 2917 1546 2957 67.
1578 2916 1639 2954 ed.

103 2978 266 3019 Salmas.
290 2979 414 3020 1651.
454 2978 632 3018 Wernsd.
652 2979 702 3018 ad
723 2978 842 3019 Rutil.
864 2979 950 3019 ltin.
975 2982 1014 3030 1,
1035 2979 1103 3022 47.
1130 2980 1220 3024 194.
1259 2982 1434 3022 Schirlitz
1452 2983 1637 3034 „Handb.
