2054 3268
405 259 460 300 42
549 262 916 299 COMMENTARII
942 262 995 297 IN
1015 261 1231 298 HORATII
1253 261 1422 298 EPIST.
1443 262 1582 299 PmM.
1608 263 1707 299 LIB.
1733 264 1763 299 Ι.

406 385 496 408 mur
515 394 571 399 —
589 371 637 409 de
657 371 799 409 iisdem
821 383 951 407 rerum
973 372 1149 408 civilium
1169 372 1349 421 negotiis.
1387 369 1508 408 vides
1529 372 1668 422 igitur,
1692 374 1750 411 uti
1770 375 1921 411 versari

406 439 505 475 bene
527 438 761 489 respondeat
779 437 932 474 homini
953 438 1080 489 agili,
1108 439 1163 474 ita
1181 439 1346 474 mersari
1362 438 1490 487 magis
1509 441 1717 477 convenire
1741 447 1917 486 actuoso,

406 507 475 557 qui
496 507 536 541 in
555 505 738 542 fluctibus
759 503 980 541 officiorum
1001 505 1178 542 civilium
1200 518 1242 542 se
1263 506 1377 556 quasi
1397 505 1511 542 obrui
1530 508 1689 557 patitur.
1746 492 1833 543 Huc
1851 520 1918 544 ac-

404 571 527 620 cedit,
566 571 674 624 quod
692 573 814 609 Poeta
839 578 878 608 et
910 571 1006 609 alibi
1029 583 1090 608 res
1115 572 1264 609 similes
1294 584 1528 622 componere
1560 573 1680 620 solet,
1715 579 1761 610 ut
1795 573 1917 610 altera

404 640 577 690 proprie,
604 645 648 675 ut
669 638 831 687 dicitur,
851 639 973 675 altera
990 652 1060 689 per
1077 639 1375 674 translationem
1393 638 1595 689 quandam
1617 638 1822 686 efferatur,
1844 652 1916 676 ve-

403 707 477 743 luti
500 706 583 743 Sat.
603 707 650 753 2,
681 707 730 754 6,
766 706 833 746 17.
893 705 1036 742 Satiris
1063 705 1263 755 Misaque
1283 704 1467 754 pedestri.
1527 707 1652 756 Epist.
1670 707 1710 754 2,
1730 707 1770 754 2,
1789 706 1857 747 60.
1877 714 1916 744 et

402 773 491 820 80.‚
518 773 586 809 ubi
607 773 712 810 male
731 772 1036 822 interpretantur
1063 772 1263 820 Bentlejus
1293 778 1331 816 et
1354 771 1590 821 Mitscherl.‚
1617 771 1691 810 Od.
1703 773 1742 821 3,
1766 773 1832 820 21,
1851 772 1915 812 18.

401 837 468 886 24,
482 838 546 878 13.
562 840 614 876 al.
643 839 702 876 ef.
715 838 887 877 Litbker.
904 839 933 875 1.
943 839 971 875 l.
982 851 1022 889 p.
1035 838 1088 885 6.,
1109 839 1178 889 qui
1192 839 1299 875 verb.
1312 852 1409 875 vers.
1426 853 1478 876 ex
1486 841 1575 890 ipsa
1585 843 1724 890 poetae
1737 837 1916 889 philoso-

401 903 495 955 phia
506 906 702 942 subtiliter
711 912 856 945 tuetur.
886 907 931 942 In
953 918 1036 942 rem
1045 905 1183 942 Senec.
1194 906 1319 956 Epist.
1331 907 1397 945 82.
1417 920 1496 943 non
1505 908 1628 943 satius
1641 905 1769 943 estvel
1777 907 1835 943 sie
1842 908 1917 953 ja-

401 985 484 1008 cere
484 999 500 1016 2
512 985 633 1022 quam
642 973 727 1008 istis
736 973 951 1022 officiorum
960 972 1169 1010 vorticibus
1179 972 1381 1009 volutari?
1404 973 1484 1010 Cic.
1500 973 1548 1010 de
1559 976 1656 1024 Rep.
1671 974 1693 1013 1
1705 1002 1716 1021 ‚
1741 974 1778 1012 1.
1797 974 1839 1010 in
1854 972 1917 1010 his

399 1038 518 1075 undis
537 1045 574 1074 et
594 1038 882 1089 tempestatibus
899 1040 958 1076 ad
975 1053 1171 1076 summam
1190 1046 1422 1076 senectutem
1440 1040 1584 1077 maluit
1590 1041 1748 1088 jactari
1746 1068 1764 1085 ‚
1794 1053 1916 1090 quam

399 1106 443 1142 in
462 1105 537 1142 illa
567 1106 855 1156 tranquillitate
881 1113 998 1157 atque
1018 1107 1094 1142 otio
1110 1105 1401 1152 jucundissime
1422 1108 1562 1144 vivere.
1608 1109 1708 1157 Nep.
1732 1107 1852 1143 Attic.
1876 1108 1916 1154 6,

401 1172 440 1212 1.
496 1170 660 1209 Atticus
675 1174 719 1209 in
739 1172 942 1223 republica
959 1173 1016 1209 ita
1033 1179 1209 1210 versatus
1230 1179 1303 1218 est,
1332 1179 1376 1210 ut
1395 1186 1544 1222 semper
1560 1175 1800 1223 optimarum
1811 1186 1917 1223 par-

400 1240 498 1275 tium
515 1245 553 1275 et
569 1246 664 1276 esset
682 1247 719 1276 et
735 1241 1036 1284 existimaretur,
1060 1251 1184 1290 neque
1201 1246 1332 1275 tamen
1350 1252 1391 1275 se
1409 1239 1591 1276 civilibus
1595 1239 1794 1289 fluctibus
1810 1252 1917 1277 com-

402 1307 593 1352 mitteret,
620 1306 730 1357 quod
746 1319 826 1343 non
846 1306 976 1356 magis
998 1319 1059 1342 eos
1080 1306 1124 1342 in
1141 1319 1215 1342 sua
1225 1313 1418 1356 potestate
1445 1305 1690 1343 existimabat
1713 1318 1792 1343 esse
1801 1333 1818 1351 ,
1847 1308 1918 1356 qui

398 1386 439 1409 se
455 1372 517 1410 lzis
539 1372 757 1419 dedissent,
798 1386 919 1424 quam
945 1373 1016 1423 qui
1037 1374 1247 1409 maritimis
1260 1375 1526 1418 jactarentur.
1567 1374 1695 1425 Saepe
1720 1374 1777 1410 sio
1800 1373 1916 1410 turba

399 1440 577 1475 civilimn
595 1442 846 1490 negotiormn
866 1452 957 1476 cum
975 1438 1092 1476 undis
1109 1446 1148 1476 et
1162 1440 1344 1477 fluctibus
1359 1447 1618 1491 comparatur,
1639 1439 1721 1477 vid.
1736 1438 1916 1478 Schmid.

399 1505 451 1542 ad
467 1507 594 1557 Epist.
617 1508 657 1554 2,
677 1508 716 1554 2,
736 1506 803 1547 85.
833 1507 923 1544 coll.
942 1506 981 1555 2,
1007 1507 1043 1554 1,
1069 1506 1164 1546 102.
1191 1506 1272 1543 Cio,
1293 1520 1352 1558 pr.
1373 1509 1508 1544 Plano.
1527 1507 1566 1547 4.
1583 1508 1622 1547 6.
1640 1520 1700 1558 pr.
1719 1495 1910 1546 Milon.'2.

397 1571 495 1609 Inde
522 1571 715 1624 Porphyr.
745 1572 796 1610 ad
825 1574 946 1610 Marc.
970 1573 1009 1613 5.
1046 1570 1146 1623 μηδὲ
1173 1570 1270 1626 πρὸς
1288 1571 1333 1613 τό
1362 1576 1520 1625 πλῆθος
1545 1576 1624 1612 τῶν
1645 1568 1916 1625 περιεστώτων

399 1634 614 1690 ἀλλοτρίων
638 1635 948 1690 ἄπαυδήσασαν,
987 1637 1146 1678 ἔκδοτον
1172 1635 1335 1678 σεαυτὸν
1361 1641 1418 1690 τῷ
1442 1636 1603 1692 σύροντι
1641 1641 1807 1693 ποταμῷ
1833 1641 1916 1678 τῶν

397 1701 637 1757 πραγμάτων
658 1705 783 1753 ἐᾶσαι,
803 1706 898 1757 ibiq.
907 1707 1026 1743 Orell.
1039 1707 1081 1741 in
1093 1706 1234 1755 Opusc.
1246 1705 1314 1742 Gr.
1326 1705 1363 1744 l.
1378 1719 1418 1756 p.
1429 1708 1525 1746 612.
1545 1708 1702 1744 Vestrit.
1714 1707 1830 1757 Spur.
1841 1704 1913 1743 Od.

401 1774 437 1819 1,
452 1770 514 1811 14.
533 1771 621 1808 Nos
630 1785 712 1809 sero
721 1772 893 1822 pelagus
902 1773 1068 1808 vicimus
1078 1773 1248 1817 invium,
1263 1773 1319 1808 ibi
1330 1772 1517 1810 Wernsd.
1528 1775 1596 1810 ΙΙΙ.
1608 1786 1647 1823 p.
1660 1772 1755 1813 355.
1768 1785 1779 1820 3
1805 1771 1860 1809 id.
1873 1773 1914 1820 2,

400 1840 451 1878 17
463 1850 475 1887 3
511 1851 632 1890 quare
649 1839 787 1876 Graeci
813 1838 978 1876 laudant
997 1835 1180 1890 ἀκύμονα
1199 1840 1309 1891 βίον,
1337 1838 1418 1878 vid.
1441 1838 1580 1891 Steph.
1606 1838 1851 1877 Schediasm.
1874 1840 1913 1886 2,

400 1906 464 1945 19.
494 1905 664 1944 Sensum
685 1908 806 1943 totius
833 1905 1088 1957 metaphorae
1108 1919 1190 1943 11011
1208 1908 1303 1943 satis
1318 1909 1522 1957 perspexit
1539 1905 1760 1957 Porphyrio
1779 1907 1914 1956 expli-

396 1983 514 2008 cans:
542 1971 639 2008 und.
665 1973 740 2010 civ.
776 1974 878 2009 inter
908 1973 1084 2010 Stoicum
1113 1979 1150 2009 et
1178 1973 1420 2023 Epicureum
1434 1975 1589 2021 jactari
1608 1987 1648 2010 se
1675 1974 1747 2009 ait.
1808 1973 1914 2010 Male

396 2040 517 2075 etiam
533 2039 688 2083 Minos,
717 2039 902 2076 Bondius
930 2046 969 2076 et
990 2041 1228 2077 novissimus
1248 2042 1484 2091 Bipontinae
1506 2040 1633 2078 editor
1651 2042 1693 2076 in
1711 2052 1799 2077 voc.
1821 2041 1915 2090 agi-

395 2105 446 2141 lis
461 2106 783 2155 Peripateticmn,
814 2108 874 2143 uti
893 2106 1068 2143 Batteux
1091 2120 1156 2144 vv.
1178 2108 1242 2147 16.
1264 2108 1329 2147 17.
1357 2106 1649 2156 Antisthenem‚
1677 2107 1914 2158 Cynicorum

394 2173 626 2223 principem,
656 2171 794 2209 vident
813 2173 1039 2223 significari.
1075 2175 1201 2210 Immo
1233 2175 1283 2210 H.
1310 2181 1349 2210 et
1367 2172 1432 2211 hic
1462 2181 1500 2211 et
1524 2187 1562 2212 v.
1586 2176 1649 2215 17.
1671 2174 1803 2225 potius
1827 2175 1915 2211 vult

394 2239 575 2276 Stoicum
601 2251 673 2275 seu
696 2252 823 2276 unum
847 2253 899 2277 ex
921 2242 991 2288 iis,
1022 2242 1092 2291 qui
1114 2247 1160 2278 ut
1193 2242 1248 2277 ait
1268 2241 1403 2279 Cicero
1435 2242 1540 2279 Orat.
1566 2247 1656 2292 post
1685 2239 1768 2277 red.
1791 2242 1841 2288 2,
1871 2241 1912 2288 6,

398 2301 462 2344 14.
481 2305 539 2341 ad
551 2304 740 2351 lahorem,
761 2307 819 2344 ad
834 2307 1099 2353 industriam,
1128 2307 1186 2344 ad
1190 2308 1374 2357 pericula
1387 2322 1465 2358 pro
1477 2309 1616 2358 patria
1637 2306 1818 2344 obeunda
1835 2308 1912 2344 ad-

394 2370 615 2408 hortantur.
675 2373 800 2410 Stoici
826 2375 933 2411 enim
965 2375 1278 2425 appetentissimi
1306 2382 1416 2412 erant
1443 2376 1620 2412 civilium
1647 2376 1911 2425 negotiorum,

394 2437 476 2474 vid.
495 2438 577 2475 cio.
595 2437 644 2475 de
662 2440 750 2477 Fin.
765 2441 806 2489 3,
825 2441 894 2481 20.
922 2441 1062 2479 senec.
1085 2440 1134 2478 de
1149 2443 1222 2478 vit.
1246 2441 1350 2479 beat.
1371 2442 1439 2482 30.
1469 2442 1600 2484 Tacit.
1621 2441 1727 2478 Anu.
1753 2438 1817 2490 14,
1844 2441 1910 2482 57.

395 2504 506 2542 Stob.
529 2506 664 2556 Eclog.
687 2507 726 2554 2,
749 2508 790 2546 7.
819 2520 858 2558 p.
874 2505 971 2547 224.
994 2507 1056 2545 ed.
1076 2509 1194 2544 Heer.
1209 2509 1358 2547 Lucan.
1377 2510 1426 2556 2,
1448 2508 1530 2548 382
1549 2519 1609 2559 sq.
1667 2507 1728 2548 Cf.
1745 2506 1913 2544 Kiilmer

395 2571 443 2607 de
467 2571 549 2608 Cic.
575 2573 619 2608 in
634 2573 782 2622 philos.
807 2575 932 2610 merit.
952 2587 993 2625 p.
1023 2573 1090 2613 18.
1118 2595 1175 2601 ·—
1202 2574 1250 2612 V.
1277 2575 1341 2614 16.
1371 2574 1462 2611 virt.
1493 2587 1573 2610 ver.
1599 2581 1697 2610 eust.
1726 2574 1755 2611 i.
1778 2587 1813 2611 e.
1842 2580 1912 2611 aut

395 2638 549 2676 virtutis
570 2641 729 2678 omnino
749 2642 924 2678 sincerae
944 2646 984 2678 et
997 2640 1101 2678 nulli
1117 2652 1246 2691 neque
1261 2641 1429 2691 tempori
1451 2653 1582 2692 neque
1603 2640 1808 2692 cupiditati
1825 2653 1910 2678 ser-

395 2706 537 2743 vientis
559 2712 628 2743 aut
647 2707 729 2756 ejus
748 2709 916 2756 virtutis,
938 2719 1040 2760 quae
1057 2708 1184 2757 magis
1207 2719 1260 2744 ex
1275 2709 1420 2745 Poetae
1439 2707 1562 2758 ipsius
1585 2720 1705 2759 quam
1725 2720 1778 2745 ex
1801 2707 1911 2745 Stoi-

396 2785 533 2810 corum
553 2774 748 2810 sententia
768 2771 844 2811 hac
874 2773 923 2811 de
946 2787 988 2812 re
1016 2774 1200 2812 subtilius
1222 2772 1500 2811 disserentium
1529 2775 1638 2823 (Cic.
1660 2774 1771 2813 Offic.
1797 2774 1837 2822 3,
1865 2774 1909 2813 3.

395 2840 524 2876 Beier.
545 2852 586 2890 p.
606 2838 688 2879 205
710 2851 771 2891 sq.
797 2847 836 2877 et
863 2839 915 2877 ad
940 2843 978 2890 1,
1005 2841 1071 2891 15,
1093 2839 1163 2882 46.
1191 2838 1340 2878 Gernh.
1358 2839 1410 2877 ad
1422 2841 1563 2878 Parad.
1582 2842 1622 2891 3,
1644 2843 1682 2891 1,
1705 2842 1773 2881 21.
1797 2848 1836 2878 et
1857 2841 1908 2878 ad

397 2905 507 2944 nael.
522 2905 563 2955 5,
586 2906 666 2955 18.,
704 2905 846 2945 Matth.
870 2906 921 2946 ad
939 2908 1046 2947 Orat.
1067 2921 1130 2960 pr.
1145 2909 1301 2946 Muren.
1314 2908 1382 2956 31,
1401 2907 1490 2959 65.)
1515 2921 1609 2946 vera
1627 2907 1791 2958 dicitur,
1825 2909 1853 2946 i.
1872 2921 1908 2947 e.
