2028 3268
154 254 208 314 1⁷

222 397 300 460 Si,
335 397 620 446 Mimnermus
649 403 714 446 uti
739 405 911 464 censet,

625 271 765 313 LIBRI
791 273 822 312 Ι.
881 272 1146 314 EPISTOLA
1174 273 1240 314 VI.

1625 274 1711 316 285

948 405 1043 448 sine
1068 417 1219 449 amore
1237 405 1434 463 jocisque
1658 403 1712 444 65

221 480 298 526 Nil
325 482 392 525 est
420 481 689 542 jucundum,
725 483 850 527 vivas
884 484 929 527 in
961 497 1111 529 amore
1139 485 1356 542 jocisque.

220 559 334 606 Vive
345 592 360 620 7
406 562 528 606 vale.

598 561 650 609 Si
688 562 787 621 quid
819 564 977 607 novisti
1013 564 1172 608 rectius
1206 564 1318 623 istis,

220 638 444 687 Candidus
481 643 650 701 imperti
660 658 675 702 3
729 643 767 686 si
802 656 913 702 non,
950 643 1016 686 his
1053 645 1180 687 utere
1213 655 1398 688 mecum.

148 799 241 836 Mss.
280 801 408 836 Oberl.
443 801 488 836 C.
526 804 565 836 et
599 801 644 836 D.
682 801 731 847 (a
766 801 798 835 1.
831 799 904 844 m.)

151 858 276 893 Jaeck.
290 859 322 892 1.

205 915 249 949 V.
262 913 320 950 65.
353 914 430 949 Sin.
459 914 530 949 Ms.
547 913 646 949 Mon.
663 926 694 948 c.
725 914 767 948 Si
780 917 906 950 censet.

147 972 219 1007 Ms.
237 972 360 1007 Guelf.
385 967 423 1006 4.
463 990 513 998 -
553 970 801 1006 Mimnermus.
843 970 907 1004 Sic

146 1040 230 1064 mss.
246 1029 360 1064 Pulm.
391 1029 425 1063 1.
441 1029 476 1064 7.
492 1030 548 1064 10.
578 1028 667 1074 alqt.
695 1040 754 1074 ap.
779 1029 905 1062 Lamb.

147 1086 270 1122 Guelf.
297 1082 333 1121 4.
373 1085 480 1120 Dess.
517 1087 552 1120 1.
573 1085 685 1120 Goth.
734 1086 839 1120 Gott.
871 1086 904 1119 1.

147 1144 284 1178 Graev.
311 1143 413 1178 Mon.
430 1154 460 1177 c.
505 1142 689 1188 Porphyr.
713 1154 776 1177 ms.
803 1142 903 1177 Mon.

143 1200 184 1235 in
199 1199 388 1245 lemmate,
419 1203 460 1234 et
483 1199 582 1234 mult.
610 1200 760 1234 aliorum
783 1199 844 1246 qui
860 1200 905 1234 de

144 1257 220 1293 suis
239 1261 376 1293 tacent.
423 1256 520 1291 Edd.
537 1257 628 1291 Ven.
654 1254 737 1292 479.
769 1257 904 1291 Muret.

145 1311 358 1364 lamb-(qui
366 1315 458 1358 def.)
471 1315 582 1360 Cruq.
593 1315 731 1349 Bersm.
745 1315 856 1348 Torr.
868 1319 907 1348 et

142 1372 244 1407 mult.
270 1372 316 1408 al.
348 1371 457 1407 etiam
480 1371 600 1405 Bentl.
626 1375 781 1406 recentt.
813 1383 904 1406 omn.

142 1429 229 1464 vid.
249 1430 424 1464 Kuester.
444 1432 483 1463 et
495 1428 722 1474 Bernhardy.
739 1428 786 1462 ad
801 1429 903 1463 Suid.

144 1487 181 1521 h.
196 1498 232 1520 v.
263 1486 512 1521 Mimermnus.
548 1485 638 1520 Mss.
663 1485 820 1520 nonnull.
844 1498 901 1532 ap.

142 1544 268 1578 Lamb.
284 1543 380 1578 Edd.
397 1544 495 1577 Junt.
522 1539 604 1577 514.
622 1543 678 1578 19.
721 1542 802 1579 Ald.
820 1542 901 1578 519.

140 1599 227 1636 Asc.
249 1599 332 1636 519.
368 1600 445 1645 (hic
477 1599 670 1635 obsecutus
695 1599 901 1646 Philologo‚

142 1658 204 1704 qui
227 1658 282 1692 ita
301 1657 531 1692 scribendum
551 1661 721 1691 censeret
743 1658 902 1692 auctori-

140 1719 220 1750 tate
238 1715 441 1759 Suidaew)
484 1714 575 1748 Ven.
600 1713 680 1751 520.
717 1715 802 1749 Bas.
819 1713 900 1750 531.

142 1772 245 1808 Glar.
275 1772 489 1807 Minermus.
518 1771 608 1806 Mss.
624 1770 738 1806 Pulm.
761 1774 795 1808 2.
814 1772 849 1806 3.
865 1768 900 1806 4.

142 1829 264 1864 Guelf.
279 1829 314 1864 3.
344 1829 451 1864 Dess.
462 1829 495 1865 2.
516 1828 619 1874 Lips.
635 1829 667 1865 1.
685 1831 718 1866 2.
740 1829 854 1864 Dorv.
868 1830 900 1863 1.

141 1887 178 1924 2.
208 1886 283 1922 Alii
302 1887 411 1922 aliter
430 1888 469 1919 et
482 1897 586 1920 manu
600 1886 732 1932 scripti
747 1890 785 1920 et
799 1887 901 1932 typis

141 1944 324 1989 expressi.
351 1943 476 1977 Verba
490 1942 619 1977 Mimn.
638 1962 688 1968 —
706 1949 824 1978 censet
836 1956 902 1989 pa-

141 2001 308 2036 renthesi
340 2000 475 2034 inolud.
515 2000 598 2034 edd.
624 2000 710 2034 Bas.
734 1998 816 2034 555.
842 2002 900 2036 80.

141 2058 256 2093 Fabr.
285 2057 344 2093 78.
385 2056 501 2090 Chab.
525 2056 610 2090 Val.
648 2076 698 2081 —-
739 2057 900 2100 locisque.

141 2114 216 2150 Ms.
232 2115 289 2149 Ik.
307 2115 340 2149 1.
370 2113 423 2148 sic
438 2116 476 2147 et
495 2111 577 2146 cod.
592 2112 743 2146 Mentel.
764 2125 802 2148 v.
817 2114 877 2148 66.

201 2172 247 2207 V.
268 2172 327 2208 66.
362 2170 480 2205 Deest
499 2169 558 2204 hic
573 2180 702 2204 versus
720 2169 759 2206 in
774 2169 898 2206 Guelf.

142 2230 180 2264 1.
198 2230 232 2265 2.
260 2229 367 2263 Gott.
385 2229 419 2261 1.
445 2226 541 2272 (sed
564 2226 603 2260 in
622 2226 691 2261 hoc
716 2225 897 2271 ascriptus

43 2266 47 2278 Ἰ
64 2295 66 2297 ’
141 2286 187 2321 ab
217 2285 341 2321 eadem
364 2295 489 2328 manu,
523 2283 560 2318 in
581 2284 654 2318 Gu.
667 2285 701 2319 2.
723 2283 768 2318 ab
787 2283 891 2327 alia).

191 3051 338 3088 Hom-r.
363 3054 392 3089 1.

951 802 1044 836 Post
1057 801 1151 837 hunc
1166 813 1200 836 v.
1215 803 1394 837 Buherius
1414 813 1476 837 vv.
1488 801 1546 837 15.
1562 802 1619 836 16.
1636 802 1711 836 col—

951 858 1060 894 locat.
1090 860 1368 903 —jocundum
1415 859 1506 894 Mss.
1537 858 1660 894 Guelf.
1675 859 1710 894 3.

951 912 988 950 4.
1031 916 1155 951 Berol.
1190 918 1224 951 1.
1250 918 1283 951 2.
1335 917 1443 951 Gott.
1470 919 1501 952 1.
1549 917 1656 952 Dess.
1677 917 1710 954 2.

951 973 1056 1019 Lips.
1072 974 1106 1011 1.
1132 974 1268 1008 Graev.
1293 973 1463 1009 Rudolst.
1494 974 1591 1008 Edd.
1607 973 1710 1009 Flor.

952 1026 1036 1065 482.
1084 1030 1176 1064 Ven.
1205 1028 1288 1066 483.
1308 1033 1364 1066 86.
1391 1032 1449 1068 92.
1492 1031 1596 1078 Lips.
1625 1027 1709 1068 492.

951 1087 1065 1122 Loch.
1086 1083 1170 1123 498.
1200 1088 1300 1123 Junt.
1330 1087 1412 1124 519.
1452 1088 1544 1122 Cun.
1581 1087 1709 1123 Oberl.

952 1144 1121 1181 Praedic.
1176 1145 1235 1179 Cf.
1263 1146 1367 1179 Cort.
1392 1145 1494 1180 Gerl.
1519 1148 1558 1179 et
1587 1145 1708 1180 Kritz.

953 1201 999 1236 ad
1015 1201 1103 1236 Sall.
1122 1202 1206 1247 Jug.
1222 1201 1281 1247 85,
1301 1199 1361 1237 41.
1394 1222 1443 1229 —-
1493 1203 1599 1237 vivat.
1636 1203 1708 1237 Ed.

951 1259 1051 1294 Junt.
1067 1257 1149 1293 515.
1167 1259 1224 1294 19.
1263 1279 1312 1285 —-
1341 1260 1388 1293 V.
1404 1260 1461 1295 67.
1482 1260 1624 1294 novistis
1637 1272 1708 1295 me-

952 1316 1031 1350 lius.
1061 1316 1134 1350 Ms·
1151 1316 1274 1350 Guelf.
1291 1317 1325 1351 1.

1008 1373 1053 1407 V.
1070 1374 1129 1408 68.
1165 1374 1334 1409 Callidus.
1373 1373 1446 1408 Ms.
1461 1373 1563 1408 Mon.
1585 1386 1618 1407 e.
1654 1393 1704 1398 —

949 1429 1091 1475 inpertt'.
1148 1430 1212 1464 Sic
1243 1442 1327 1466 mss,
1360 1431 1415 1465 Ik.
1438 1427 1475 1465 4.
1540 1431 1644 1476 Lips.
1671 1432 1704 1465 1.

951 1487 987 1522 2.
1019 1488 1155 1521 Graev.
1200 1507 1249 1514 —-
1292 1487 1451 1534 imparti.
1512 1488 1604 1522 Mss.
1635 1488 1705 1522 Fe.

950 1545 984 1588 1,
999 1544 1026 1578 i.
1042 1543 1078 1590 3,
1095 1556 1127 1579 a.
1171 1546 1277 1579 Gott.
1306 1546 1337 1581 2.
1359 1546 1414 1591 (in
1436 1546 1469 1579 1.
1492 1557 1635 1579 errasse
1649 1545 1706 1580 vi·

949 1601 1057 1636 detur
1090 1602 1266 1646 Gesner„
1294 1602 1355 1648 qui
1378 1603 1526 1637 formam
1556 1603 1706 1638 eandem

948 1658 1157 1702 annotavit)
1196 1659 1296 1694 Mon.
1327 1659 1352 1693 l.
1406 1659 1575 1693 Rudolst.
1603 1660 1702 1695 Edd.

947 1715 1066 1762 princ.
1088 1727 1146 1761 ap.
1170 1715 1240 1750 Fe.
1268 1716 1367 1751 Med.
1396 1713 1480 1752 476.
1513 1717 1607 1751 Ven.
1619 1714 1704 1753 478.

949 1773 1073 1818 (teste
1107 1772 1213 1817 Fea)
1263 1774 1322 1808 79.
1360 1774 1419 1808 81.
1455 1775 1513 1809 86.
1545 1774 1604 1810 90.
1645 1774 1702 1811 92.

948 1829 1050 1866 Flor.
1069 1826 1152 1865 482.
1180 1830 1294 1864 Loch.
1313 1826 1396 1865 498.
1425 1830 1529 1876 Lips.
1544 1827 1626 1867 492.
1643 1831 1702 1866 98.

947 1887 1032 1921 Asc.
1061 1885 1143 1924 511.
1180 1887 1271 1930 (non
1303 1886 1392 1932 519)
1419 1888 1576 1934 Cuning.
1627 1889 1702 1923 Sed

947 1944 1033 1979 vide
1058 1944 1182 1978 Klotz.
1204 1945 1250 1979 ad
1278 1945 1356 1979 Cic.
1374 1945 1488 1980 Tusc.
1514 1945 1550 1990 5,
1567 1945 1624 1989 13,
1640 1942 1702 1980 40.

947 2001 1092 2046 Zumpt.
1104 2002 1150 2035 ad
1165 2001 1244 2036 Cic.
1259 2002 1368 2036 offic.
1383 2004 1416 2046 1,
1430 2004 1487 2046 26,
1500 2003 1535 2036 9.
1559 2003 1700 2037 Daehn.

947 2058 994 2092 ad
1008 2059 1106 2103 Nep.
1123 2058 1201 2094 Att.
1218 2060 1251 2092 1.
1265 2075 1324 2087 ·—-
1342 2059 1373 2092 si
1384 2060 1447 2093 nil.
1476 2059 1567 2098 Mss.
1584 2061 1698 2094 Gesn-

945 2114 982 2148 3.
1013 2115 1081 2148 Fe.
1098 2116 1132 2158 1,
1149 2126 1186 2159 g.
1218 2117 1252 2159 2,
1273 2116 1308 2149 h.
1338 2115 1374 2159 3,
1392 2115 1428 2150 d.
1458 2114 1492 2159 5,
1511 2129 1544 2150 e.
1572 2116 1697 2151 Jaeck.

945 2169 979 2206 5.
1026 2171 1142 2205 Orell.
1167 2171 1226 2206 bc.
1267 2171 1371 2216 Lips.
1400 2174 1487 2209 1-2.
1517 2173 1632 2207 Dorv.
1662 2174 1696 2206 1.

943 2226 1042 2262 Mon.
1073 2228 1110 2261 b.
1155 2227 1227 2263 Ed.
1244 2229 1395 2263 Vascos.
1431 2248 1487 2256 —
1524 2229 1554 2263 is
1585 2235 1695 2264 utere.

942 2282 1012 2317 Ms.
1033 2284 1183 2319 Santen.

1260 3053 1314 3096 19
1342 3055 1409 3111 (2)
