2028 3268
271 250 644 290 COMMENTARII
670 250 726 289 IN
753 247 978 287 HORATII
1008 248 1182 286 EPIST.
1213 246 1358 286 PRIM.
1387 248 1487 285 LIB.
1520 250 1551 286 1.
1628 244 1682 287 81

139 366 208 415 25,
227 366 294 406 72.
321 362 381 403 Id.
402 362 548 403 Parad.
567 363 608 413 5,
630 365 669 414 1,
687 363 726 405 5.
753 360 973 415 Epitheton
999 359 1192 411 superbae
1220 373 1272 398 ex
1300 361 1460 412 vulgari
1480 359 1683 399 sentiendi

139 435 290 472 ratione
309 440 391 483 est,
417 446 496 486 qua
516 434 692 471 Fortuna
717 429 820 470 nihil
841 437 953 468 curat
979 443 1113 483 neque
1142 443 1257 468 curas
1279 442 1354 467 nec
1381 442 1521 482 preces
1546 427 1683 467 homi-

137 515 250 551 num,
273 500 370 551 sed,
393 508 439 539 ut
461 503 517 539 ait
538 503 664 541 Poeta
682 500 756 540 Od.
773 501 824 550 3,
846 500 926 549 29,
945 497 1000 540 49
1022 512 1111 552 sqq.
1149 512 1266 536 saevo
1285 497 1394 536 laeta
1412 497 1502 551 (est)
1526 499 1683 549 negotio

137 577 175 608 et
193 569 359 608 Ludum
376 569 610 608 insolentem
630 570 764 608 ludere
778 570 984 620 pertinax,
1013 569 1084 605 ubi
1104 566 1185 605 vid.
1205 565 1429 606 Mitscherl.
1450 574 1489 604 et
1507 568 1681 618 interpp.

135 637 191 676 ad
211 639 296 678 Sat.
317 639 368 688 2,
391 638 439 690 8,
465 639 533 680 61.
561 639 608 689 1,
631 637 698 679 59.
718 637 815 690 ibiq.
844 637 938 674 Fea.
959 637 1010 685 2,
1033 637 1127 677 126.
1155 636 1230 675 Od.
1251 638 1295 685 1,
1322 634 1399 685 34,
1434 633 1488 676 14
1504 647 1594 688 sqq.
1612 635 1683 685 35,

139 706 320 748 15—28.
343 708 425 745 Fea
445 706 498 745 ad
509 705 584 746 Od.
601 707 643 757 3,
665 706 732 755 10,
757 704 825 745 10.
854 705 988 742 Beier.
1012 703 1064 741 ad
1080 706 1161 742 Cic.
1182 705 1297 743 offic.
1317 706 1359 754 2,
1383 705 1421 754 6,
1447 705 1513 744 19.
1542 705 1682 742 Burm.

138 774 191 814 ad
211 773 336 813 Anth.
362 775 435 814 lat.
462 776 496 813 1.
528 789 570 827 p.
599 771 834 819 556—570.
871 771 1066 811 Wernsd.
1093 771 1145 810 ad
1171 775 1286 812 Poet.
1318 774 1390 811 lat.
1416 774 1515 811 min.
1542 774 1613 811 III.
1638 787 1681 825 p.

138 842 374 885 242—255·
401 843 639 886 386—392·
695 839 794 879 Inde
817 854 882 893 ap.
903 839 1019 880 ovid.
1043 842 1167 879 Trist·
1190 841 1237 890 5,
1261 842 1287 881 8
1301 871 1312 890 ,
1335 843 1375 882 8.
1434 842 1524 879 IVec
1541 843 1683 879 metuis

138 911 258 950 dubio
277 913 480 951 Fortunae
493 911 643 961 stantis,
652 910 696 946 in
713 907 804 946 orbe
823 909 989 947 Numen
1009 917 1047 947 et
1066 923 1205 948 exosae
1228 909 1351 947 verba
1371 909 1543 961 superba
1567 910 1683 957 deae;

139 981 190 1019 cf.
212 979 310 1019 ibid.
330 994 369 1019 v.
386 979 564 1021 15—18.
598 978 734 1017 Simili
760 977 884 1017 modo
916 978 1094 1017 Victoria
1120 978 1300 1030 &lp-Tib·
1319 978 1368 1028 2,
1392 978 1438 1028 5,
1463 976 1534 1019 46.
1567 978 1683 1016 Diva

135 1047 306 1100 superba
323 1053 510 1095 vocatur,
545 1045 618 1084 ubi
639 1046 710 1084 R.
737 1046 899 1085 Jacobs.
927 1048 972 1084 in
990 1047 1250 1085 Blumenlese
1281 1049 1333 1085 II.
1360 1061 1401 1100 p.
1424 1048 1519 1089 116.
1545 1046 1682 1085 locum

134 1117 395 1155 Horatianum
414 1116 511 1154 scite
533 1115 792 1166 comparavit.
850 1117 981 1163 Quare
1006 1129 1090 1154 non
1115 1115 1342 1154 audiendus
1374 1123 1435 1154 est
1445 1116 1681 1164 Lambinus,

133 1185 225 1238 qui,
258 1191 306 1222 ut
334 1195 443 1222 nunc
471 1181 612 1233 video,
641 1182 696 1222 ad
724 1185 873 1222 Aemil.
900 1185 1021 1223 Prob.
1055 1186 1175 1223 Paus.
1200 1187 1293 1223 Not.
1323 1183 1392 1224 40.
1424 1197 1464 1236 p.
1496 1182 1594 1224 346.
1616 1183 1679 1222 ed.

131 1252 311 1291 Francos.
341 1252 466 1294 1608.
501 1254 585 1304 legi
611 1254 769 1292 mavult
795 1251 974 1304 superbe.
1036 1254 1226 1291 Horatius
1253 1259 1390 1290 autem
1412 1251 1680 1304 philosophus

133 1335 213 1375 qua
236 1322 387 1360 ratione
411 1322 633 1373 subjectam
653 1320 854 1359 humanae
878 1322 1023 1359 rationi
1043 1321 1122 1359 sibi
1146 1321 1308 1359 finxerit
1327 1323 1546 1371 fortunam,
1576 1321 1679 1359 bene

133 1390 314 1429 observat
329 1390 500 1429 Passov.
532 1391 563 1428 1.
582 1390 612 1428 l.
640 1391 691 1429 Ν.
716 1391 783 1432 83.
842 1392 941 1427 Erat
966 1391 1077 1427 enim
1108 1388 1217 1442 apud
1240 1397 1394 1428 veteres
1422 1391 1680 1443 proverbium

132 1456 418 1498 consuetudine
435 1458 600 1497 trinnn:
635 1457 743 1511 Τύχη
767 1455 816 1499 τοὶ
841 1461 1010 1510 θνητῶν
1026 1453 1244 1512 πράγματ’,
1274 1453 1352 1499 ov’n
1382 1454 1596 1511 εὐβουλία,
1627 1457 1677 1496 de

129 1539 210 1581 quo
229 1525 333 1566 dixit
358 1526 599 1565 Plutarchus
624 1529 670 1565 in
692 1528 836 1567 Moral.
864 1529 932 1566 VI.
958 1541 998 1578 p.
1025 1527 1108 1567 367
1125 1538 1215 1578 sqq.
1276 1527 1392 1565 Conf.
1418 1528 1601 1579 Lennep.
1626 1526 1678 1565 ad

128 1594 329 1635 Phalarid.
360 1596 490 1647 Epist.
519 1594 589 1635 55.
617 1609 659 1648 Ρ.
690 1595 790 1637 203.
821 1594 871 1632 ed
901 1596 1014 1647 Lips.
1045 1601 1085 1632 et
1113 1593 1292 1632 Kiihuer.
1323 1594 1375 1633 ad
1401 1595 1484 1634 cic.
1505 1596 1677 1634 Tuscul.

128 1664 175 1715 5,
195 1665 243 1715 9,
271 1664 343 1705 25.

238 1734 287 1772 V.
315 1732 381 1772 69.
410 1730 606 1769 Liberam
624 1740 662 1770 et
679 1739 867 1779 erectum,
898 1734 1062 1786 qualem
1082 1731 1271 1771 describit
1291 1732 1376 1771 Sat.
1392 1734 1433 1782 2,
1454 1733 1495 1782 7,
1521 1732 1575 1774 83
1584 1745 1675 1786 sqq.

126 1802 257 1854 Epist.
279 1803 317 1850 1,
346 1801 399 1840 16
413 1829 423 1848 ,
445 1800 500 1840 63
521 1813 610 1852 sqq.
630 1807 670 1838 et
692 1799 766 1839 Od.
790 1799 830 1850 4,
854 1803 901 1851 9,
924 1800 994 1843 34.
1020 1802 1120 1855 ibiq.
1139 1799 1302 1840 Mitsch.
1324 1799 1476 1849 Quodsi
1503 1813 1558 1839 ex
1580 1815 1675 1839 sen-

126 1869 251 1906 tentia
269 1869 447 1907 Senecae
465 1869 595 1919 Epist·
615 1869 683 1909 51.
705 1868 870 1907 libertas
886 1877 968 1908 est:
1001 1870 1125 1909 Nulli
1139 1873 1198 1908 rei
1218 1872 1381 1917 servire,
1410 1869 1520 1908 nulli
1539 1883 1675 1907 neces-

126 1937 238 1974 sitati
246 1965 263 1983 ,
305 1937 432 1974 nullis
459 1935 620 1973 casibus
633 1951 645 1973 .·
685 1937 905 1988 fortunam
934 1940 980 1976 in
1006 1953 1181 1992 aequam
1209 1938 1401 1977 deducere
1438 1945 1478 1976 et
1505 1939 1675 1976 Luciani

127 2003 315 2055 (Demon.
329 2004 398 2044 20.
428 2005 475 2042 V.
496 2018 538 2055 p.
563 2003 666 2056 242)
685 2017 695 2042 :
727 2004 882 2046 ἐκεῖνον
899 2007 1048 2060 νομίζω
1068 2003 1323 2061 (ἐλεύθερον)
1346 2006 1414 2047 τὸν
1442 2021 1544 2060 μητε
1561 2005 1675 2047 ἐλπί-

127 2074 243 2119 ζοντα
262 2068 360 2124 μήτε
377 2071 552 2122 δεδιότας
592 2079 742 2110 erectus
773 2074 980 2112 vocabitur
1004 2077 1039 2113 is
1055 2105 1066 2124 ,
1101 2077 1164 2113 cui
1191 2082 1250 2114 est
1283 2070 1408 2128 ὀρθὸς
1434 2074 1554 2124 νόος,
1589 2075 1674 2112 sive

127 2135 416 2189 ἀταπείνωτος,
444 2141 474 2178 i.
494 2154 529 2178 e.
552 2142 623 2192 qui
651 2141 846 2178 virtutum
867 2142 1066 2193 praesidio
1086 2150 1215 2182 tectus
1244 2150 1284 2181 et
1307 2140 1476 2194 proinde
1498 2143 1674 2193 impavi-

126 2206 201 2245 dus
222 2208 334 2245 nulla
362 2220 542 2260 unquam
563 2221 606 2244 re
630 2215 796 2247 externa
824 2217 1035 2259 movetur,
1066 2211 1117 2251 cf.
1145 2210 1219 2249 Od.
1244 2210 1293 2258 3,
1316 2210 1367 2259 3,
1392 2211 1516 2251 1-8.
1547 2211 1674 2248 Simi-

125 2275 218 2314 liter
233 2276 388 2314 Seneca
406 2274 456 2312 de
480 2277 559 2314 Vit.
585 2275 693 2314 beat.
712 2275 754 2317 4.
786 2277 945 2314 beatam
967 2280 1092 2315 vitam
1114 2276 1211 2315 dicit
1239 2275 1409 2314 liberum
1427 2278 1611 2315 animum
1637 2285 1675 2315 et

126 2351 294 2382 erectam
313 2351 351 2382 et
371 2344 596 2381 interritum
620 2358 672 2381 ac
692 2343 905 2391 stabilem,
935 2351 1045 2381 extra
1066 2353 1216 2383 metum
1227 2374 1240 2394 ,
1273 2351 1384 2381 extra
1412 2345 1673 2396 cupiditatem

118 2413 310 2462 positum.
340 2412 402 2450 ef.
423 2410 481 2449 id.
499 2413 630 2463 Epist.
651 2413 691 2452 9.
713 2418 753 2449 et
766 2412 837 2453 37.
873 2414 986 2451 Pers.
1007 2412 1047 2462 5,
1068 2412 1251 2454 73—90.
1282 2413 1378 2450 Juv.
1400 2411 1440 2462 5,
1463 2413 1558 2453 161.
1586 2413 1672 2452 Cic.

122 2481 248 2520 Tusc.
273 2481 322 2529 5,
348 2478 416 2521 14.
444 2479 645 2518 Paradox.
667 2479 705 2520 5.
727 2480 864 2532 ibique
883 2479 1035 2519 Gernh.
1056 2494 1096 2533 p.
1118 2482 1240 2529 216.,
1272 2487 1312 2517 et
1330 2481 1461 2518 Beier.
1485 2479 1537 2518 ad
1556 2481 1671 2520 Offic.

125 2549 165 2597 1,
186 2549 266 2597 20,
286 2548 468 2588 66-70.
489 2549 541 2590 al.
560 2569 618 2576 --
639 2547 755 2595 Quod
781 2550 817 2586 si
836 2549 1086 2601 Doeringizcs
1105 2562 1193 2587 voc.
1215 2562 1408 2599 praesens
1431 2546 1483 2585 ad
1501 2562 1671 2601 gravem

122 2617 344 2667 praesentis
366 2628 500 2654 vocem
519 2616 652 2665 refert,
684 2617 827 2654 malim
852 2631 944 2656 cum
963 2617 1190 2657 Scholiasta
1210 2617 1376 2669 Cruquii
1394 2617 1668 2669 interpretari:

122 2683 264 2720 valens
286 2687 547 2734 persuasione
554 2700 572 2734 ,·
609 2687 694 2723 sive
738 2684 847 2737 quod
874 2699 948 2724 nos
975 2685 1166 2724 dicimus:
1204 2682 1534 2724 naohdriicklich.
1574 2685 1668 2726 Vid.

122 2751 309 2788 Lambin.
327 2750 379 2788 ad
399 2751 474 2791 Od.
492 2754 531 2802 1,
546 2753 614 2801 35,
626 2755 668 2793 2.
697 2751 846 2790 Heind.
868 2752 919 2791 ad
936 2753 1021 2792 Sat.
1039 2755 1080 2803 2,
1107 2754 1147 2802 2,
1165 2750 1235 2793 41.
1263 2750 1427 2791 Ruhnk.
1440 2752 1492 2791 ad
1501 2754 1667 2793 Terent.

122 2817 290 2856 Phorm.
319 2819 368 2869 2,
393 2821 443 2870 2,
477 2821 546 2862 31.
575 2820 701 2860 Drak.
722 2828 761 2859 et
775 2823 942 2873 Rupert.
962 2820 1014 2858 ad
1040 2823 1130 2859 Liv.
1152 2821 1201 2870 1,
1228 2822 1305 2870 12,
1328 2822 1370 2861 6.
1398 2822 1538 2875 Neque
1557 2824 1666 2861 male

123 2887 325 2924 Dacerius
354 2900 448 2924 eum
475 2888 690 2941 intelligit,
716 2891 788 2942 qui
815 2895 861 2926 ut
886 2890 1062 2927 monitor
1081 2888 1134 2926 ad
1154 2889 1258 2928 latus
1283 2895 1362 2928 stat
1386 2902 1539 2943 suoque
1566 2904 1666 2930 con-

125 2955 215 2992 silio
239 2955 411 2992 alterum
432 2954 605 3006 adjuvat.
643 2957 834 3009 Populari
855 2970 928 2996 suo
949 2959 1161 2996 assentitur
1180 2954 1433 2997 Sanadonus.
1460 2960 1578 2998 Errat
1599 2966 1664 2998 ta-

168 3018 315 3055 ΗοιΑτ.
340 3020 372 3056 Ι.
1358 3023 1388 3064 6
