2028 3268
362 248 444 291 116

929 253 1319 290 HORATII

1821 258 1874 314 1⁰

426 364 484 409 Ut
516 368 559 409 te
595 364 731 422 ipsum
763 375 940 424 serveS,
980 378 1066 409 non
1101 362 1446 425 expergisceris&³
1511 364 1655 427 Atqui,

360 550 439 584 482.
472 550 560 583 νει..
577 547 656 582 483.
674 535 795 592 (a.'b.)
818 549 888 593 86„
913 549 1088 586 mendose.

360 605 523 640 homines.
551 605 637 638 Mss.
655 614 758 647 omn„
777 607 815 638 ut
836 604 1008 649 videntur,
1033 617 1088 651 ap.

358 660 480 694 Lamb.
522 671 612 693 omn.
646 670 703 704 ap.
743 659 855 694 Pulm.
897 665 992 706 quat.
1031 674 1089 707 ap.

358 717 492 750 Bersm.
510 727 626 749 omnes
642 721 781 760 praeter
796 728 898 751 unum
913 729 969 762 ap.
981 718 1089 762 Cruq.

358 772 471 817 plerq.
497 770 603 804 Torr.
627 771 673 805 D.
701 783 758 818 ap.
783 773 904 808 Oberl.
922 775 964 808 Β.
981 774 1027 807 D.
1043 774 1088 808 F.

360 828 407 860 G.
442 838 499 871 ap.
544 827 665 861 comb.
698 828 811 874 plerq.
844 842 901 876 ap.
933 830 1014 864 Val.
1056 836 1093 866 et

357 885 482 927 Feam,
503 882 599 917 Pott.
619 885 651 917 1.
669 885 704 919 7.
723 886 778 919 10.
798 887 852 920 16.
870 888 925 921 18.
945 888 999 921 19.
1018 889 1088 931 21.,

358 951 468 983 omn.,
494 944 533 974 ut
547 939 719 984 videntur,
746 953 801 986 ap.
817 943 938 977 Jaeck.
967 955 1090 978 novem

358 1008 415 1042 ap.
443 996 603 1030 Hoched.
631 997 749 1031 Guelf.
774 1000 807 1032 1.
831 1001 866 1034 2.
890 999 924 1034 4.
953 999 1020 1034 Bn.
1044 1003 1088 1035 Β.

358 1053 404 1086 D.
429 1053 476 1086 E.
501 1052 528 1085 f.
557 1051 613 1096 (in
628 1054 672 1087 F.
691 1054 790 1088 deest
806 1055 862 1088 hic
877 1057 1017 1100 versus)
1041 1058 1088 1091 G.

357 1111 460 1144 Dess.
474 1110 505 1143 1.
518 1110 552 1142 2.
569 1109 604 1143 3.
631 1111 740 1144 Goth.
759 1111 858 1145 Gott.
878 1112 911 1145 1.
929 1113 963 1145 2.
980 1112 1090 1146 Dorv.

359 1168 391 1201 1.
417 1170 452 1200 et
475 1165 551 1199 sine
575 1165 679 1199 dubio
695 1167 772 1200 cod.
789 1167 931 1201 Mentel.
949 1172 985 1202 et
1001 1169 1090 1202 Cor-

357 1223 429 1257 vei.
461 1222 555 1256 Edd.
575 1221 669 1265 vulg.
688 1222 791 1257 etiam
806 1223 915 1269 Feae,
933 1225 995 1270 qui
1011 1225 1090 1260 vin-

357 1281 462 1314 dicat.
479 1279 671 1316 hominum.
687 1278 756 1313 Ms.
772 1280 955 1324 antiquiss.
966 1282 1091 1316 Bland.

356 1337 430 1380 (1.)
447 1348 503 1382 ap.
521 1335 629 1379 Cruq.
645 1335 827 1369 hominem.
851 1337 938 1371 Mss.
956 1338 1022 1371 duo
1033 1349 1091 1382 ap.

355 1395 489 1427 Bersm.
520 1395 616 1435 quat.
648 1403 705 1437 ap.
739 1392 844 1427 Torr.
877 1393 1094 1438 antiquiores

355 1448 518 1493 Bentleji‚
531 1449 586 1492 (in
593 1448 718 1492 quibus
729 1449 948 1485 Graevianus
959 1449 1092 1492 noster)

356 1517 443 1550 quos
460 1517 530 1539 uon
546 1505 708 1550 nominat,
725 1511 815 1551 sept.
835 1518 892 1553 ap.
909 1507 988 1540 val.
1005 1516 1094 1541 unus

358 1563 479 1596 Oberl.
496 1563 538 1596 C.
555 1563 623 1596 duo
648 1563 770 1607 Comp.
797 1563 840 1596 A.
865 1563 907 1596 C.
935 1563 1034 1596 Feae
1059 1564 1091 1606 1,

356 1620 392 1653 b.
411 1631 443 1653 e.
470 1619 509 1662 (a
527 1620 559 1652 1.
577 1617 641 1660 m.)
675 1619 709 1661 2,
737 1619 772 1652 d.
790 1619 817 1651 f.
835 1618 870 1652 h.
901 1620 935 1663 6,
953 1630 974 1652 a
999 1619 1038 1663 (a
1058 1621 1091 1653 1.

356 1676 422 1719 m.)
454 1673 612 1709 Hoched.
637 1685 670 1706 a.
694 1675 729 1708 b.
755 1675 790 1708 d.
809 1675 928 1709 Guelf.
956 1675 990 1709 3.
1023 1677 1090 1709 Bn.

355 1731 399 1765 A.
425 1731 468 1763 C.
499 1730 597 1774 Lips.
623 1732 656 1762 1.
673 1731 707 1764 2.
725 1731 760 1765 3.
792 1730 902 1765 Dorv.
929 1733 965 1765 2.
997 1731 1091 1766 Edd.

355 1786 471 1821 Bentl.
489 1785 567 1829 (qui
582 1786 751 1829 restituit)
771 1787 874 1821 Baxt.
893 1789 983 1822 Cun.
1007 1790 1091 1823 San.

355 1845 470 1879 Merv.
487 1842 579 1875 Phil.
599 1843 708 1875 Gesn.
733 1843 838 1877 Bask.
864 1844 943 1877 Val.
968 1845 1090 1878 Oberl.

356 1901 478 1935 Comb.
504 1897 645 1931 Wakes.
675 1899 762 1932 Bad.
796 1901 912 1934 Wetz.
940 1901 1090 1936 Haberf.

356 1958 469 1991 Zeun.
486 1954 646 1989 Praedic.
672 1954 767 1988 Pott.
792 1955 950 1990 Hoched.
977 1969 1091 2001 neque

355 2011 529 2057 improbat
566 2011 610 2043 ob
645 2011 886 2046 auctoritatem
924 2013 1090 2048 librorum

355 2079 437 2103 ms5.
461 2067 603 2101 Jahnius
629 2067 672 2100 ad
693 2067 762 2100 Od.
779 2066 816 2110 4,
835 2068 875 2111 6,
894 2069 928 2102 6.
955 2082 990 2114 p.
1008 2071 1088 2105 242.

355 2125 402 2159 At
426 2124 503 2168 qui,
534 2126 572 2156 ut
595 2122 793 2167 Bentlejus,
821 2125 998 2160 Gesnerus
1022 2127 1088 2171 (cf.

357 2182 508 2224 Cuning.
525 2179 706 2213 Animadv.
726 2183 793 2213 etc.
812 2192 843 2213 c.
862 2182 918 2215 12.
935 2193 972 2227 p.
989 2183 1090 2225 207.)

356 2236 654 2273 homoeoteleuton
688 2235 880 2282 ingratum,
914 2242 953 2272 ut
982 2240 1090 2283 ajunt,

356 2296 506 2338 evitant,
549 2293 677 2327 habent
716 2304 818 2327 aures
853 2294 1091 2338 religiosiores

355 2352 442 2397 ipsis
458 2350 632 2393 Romanis,
649 2348 720 2383 vid.
739 2354 903 2385 annotata
919 2351 963 2384 ad
979 2364 1016 2386 v.
1034 2354 1091 2388 17.

358 2406 637 2449 Schmidiumque
667 2405 808 2441 ibidem.
856 2407 911 2440 De
943 2407 1009 2442 hac
1038 2420 1090 2452 re,

356 2474 446 2507 quae
464 2473 568 2506 saepe
584 2462 700 2495 fraudi
723 2462 792 2496 fuit
813 2463 980 2508 librariis,
1005 2465 1090 2498 ube-

358 2519 431 2554 rius
457 2518 529 2552 dixi
544 2518 580 2551 in
604 2519 834 2552 Commentar.
853 2519 897 2552 ad
911 2519 1030 2564 Epist.
1057 2521 1089 2563 1,

359 2576 392 2617 1,
409 2575 466 2608 69.
500 2574 557 2607 Cf.
573 2574 718 2619 Forbig.
738 2575 783 2609 ad
798 2575 940 2609 Lucret.
957 2577 991 2620 2,
1007 2576 1089 2610 491.

358 2631 535 2664 Vanderb.
562 2632 605 2665 ad
635 2631 704 2665 Od.
731 2631 771 2676 4,
795 2632 836 2676 2,
859 2631 916 2666 49.
949 2644 984 2677 p.
1010 2631 1089 2666 234.

359 2686 494 2720 Similia
523 2686 567 2719 de
598 2689 780 2722 verborum
813 2688 1091 2732 syllabarumque

358 2743 582 2777 similitudine
607 2745 764 2779 studiose
786 2743 946 2790 quaesita
969 2745 1090 2778 obser-

358 2800 457 2834 vavit
476 2800 522 2834 R.
545 2799 702 2835 Klotzius
728 2813 786 2846 ap.
814 2801 890 2835 Cic.
918 2800 1027 2834 Tusc.
1055 2799 1088 2842 l,

358 2857 416 2892 30.
440 2869 477 2902 p.
493 2857 550 2890 98.
568 2858 602 2898 2,
619 2857 653 2890 7.
670 2868 706 2901 Ρ.
726 2858 803 2891 196.
821 2862 858 2891 et
873 2866 992 2901 saepe.
1020 2852 1094 2895 Qui

358 2918 494 2957 autem,
512 2916 552 2946 ut
566 2911 792 2947 Hochederus
804 2939 814 2958 ,
840 2913 1012 2948 hominem
1028 2913 1092 2956 ju-

1145 549 1273 595 gulari
1288 561 1352 595 pro
1367 548 1550 583 homicidio
1567 551 1797 596 perpetrando
1811 553 1874 588 ab-

1145 606 1258 640 solute
1273 605 1343 639 dici
1359 604 1584 651 arbitrantur,
1596 607 1634 641 in
1649 619 1766 642 errore
1781 613 1875 644 sunt.

1146 661 1285 696 Etenim
1322 662 1473 695 latrones
1511 674 1580 697 non
1608 675 1647 698 se
1676 668 1802 709 parant
1830 665 1877 700 ad

1146 730 1249 752 unum
1266 717 1432 761 aliquem,
1459 718 1522 753 sed
1538 721 1580 754 ad
1605 720 1841 766 aliquempiam
1857 732 1878 754 e

1145 774 1301 820 pluribus
1319 777 1373 816 et,
1397 777 1437 806 ut
1456 785 1514 808 res
1529 775 1691 820 postulat,
1717 777 1761 811 ad
1784 786 1875 812 com-

1146 830 1261 875 plures
1278 829 1496 864 occidendos.
1527 830 1641 866 Locus
1659 843 1760 877 quem
1776 833 1878 868 affert

1145 887 1343 931 Bentlejus,
1365 886 1472 920 Ovid.
1489 885 1606 921 Amor.
1622 887 1655 930 3,
1673 888 1707 921 8.
1741 889 1878 932 quoties

1145 943 1315 976 hominem
1324 943 1565 987 jugulaverit,
1578 943 1638 976 ille
1651 944 1780 979 indicet
1796 946 1876 990 (ad-

1146 1000 1229 1033 dere
1244 1003 1382 1044 poterat
1398 999 1545 1039 Quintil.
1560 1000 1649 1034 Inst.
1673 999 1714 1044 4,
1729 1002 1763 1045 2,
1787 1003 1878 1046 12.),

1145 1054 1250 1099 plane
1275 1055 1362 1089 alius
1386 1056 1523 1099 generis
1547 1060 1612 1091 est.
1658 1056 1793 1090 Rursus
1816 1057 1878 1090 hm

1145 1111 1253 1145 mines
1285 1114 1320 1145 et
1341 1111 1498 1146 latrones
1528 1116 1747 1158 opponuntur
1778 1113 1879 1157 quasi

1145 1168 1237 1202 inter
1257 1178 1316 1210 se3
1349 1168 1474 1202 etenim
1494 1168 1560 1202 hoc
1575 1167 1659 1202 mihi
1674 1169 1879 1204 observasse

1145 1224 1280 1267 videor,
1310 1227 1447 1258 veteres
1471 1223 1660 1270 scriptores
1685 1236 1754 1259 non
1778 1227 1878 1261 modo

1146 1289 1203 1312 res
1235 1279 1438 1323 opposuisse
1467 1281 1589 1324 rebus,
1627 1291 1745 1316 verum
1777 1283 1879 1318 etiam

1147 1335 1253 1368 verba
1269 1335 1397 1369 verbis.
1423 1335 1595 1369 Pluralem
1612 1336 1713 1370 etiam
1724 1337 1878 1374 Diibner.

1147 1391 1274 1436 probat
1287 1391 1325 1424 in
1341 1391 1491 1427 Seebod.
1507 1392 1600 1426 Krit.
1613 1392 1705 1427 Bibl.
1724 1395 1824 1430 1830.
1841 1408 1877 1442 p.

1147 1449 1228 1483 386.
1259 1448 1415 1492 Recepta
1443 1449 1615 1494 scriptura
1638 1451 1880 1495 comprobatur

1147 1503 1344 1538 testimonio
1362 1504 1491 1549 Servii,
1517 1506 1607 1539 hunc
1629 1506 1697 1540 loc.
1721 1507 1765 1540 ad
1776 1505 1877 1552 Virg.

1147 1562 1218 1594 Ge.
1244 1561 1284 1603 1,
1309 1560 1389 1594 287.
1421 1560 1607 1596 laudantis.
1638 1581 1686 1588 —
1714 1569 1878 1610 surgent.

1147 1616 1216 1650 Ms.
1234 1627 1321 1649 unus
1346 1627 1403 1661 ap.
1426 1617 1494 1651 Fe.
1519 1619 1676 1663 vigilant
1699 1620 1743 1653 de
1766 1625 1879 1654 nocte.

1147 1671 1217 1705 Ms.
1235 1671 1272 1705 in
1290 1677 1444 1707 annotat.
1462 1674 1506 1707 ad
1522 1675 1625 1708 Serv.
1641 1674 1665 1708 l.
1677 1674 1702 1708 l.
1717 1674 1879 1709 editionis

1147 1731 1264 1764 Burm.
1299 1731 1463 1764 Ceterum
1479 1731 1524 1764 D.
1541 1730 1707 1764 Heinsius
1719 1731 1880 1765 xvv-32—

1147 1788 1205 1821 62.
1222 1791 1304 1830 post
1319 1786 1438 1832 Epist.
1454 1788 1485 1830 1,
1499 1787 1556 1820 51.
1582 1786 1742 1820 collocari
1757 1787 1879 1831 voluit,

1148 1854 1297 1877 errorem
1314 1853 1444 1875 omnem
1459 1842 1547 1876 vitio
1565 1843 1803 1888 exscriptoris,
1819 1848 1881 1888 qui

1146 1898 1291 1944 paginas
1325 1902 1384 1932 aut
1414 1899 1685 1943 transposuisset
1715 1904 1775 1933 aut
1798 1911 1879 1944 pesb

1146 1955 1232 1989 sime
1274 1955 1527 1998 continuasset,
1575 1956 1734 1990 evenisse
1771 1961 1879 1990 ratus.

1145 2012 1218 2045 Sed
1249 2012 1306 2046 vir
1337 2011 1459 2045 doctus
1483 2016 1554 2045 tum
1587 2011 1661 2055 hic,
1694 2017 1766 2046 tum
1797 2012 1880 2047 alibi

1144 2068 1344 2111 hariolatur,
1376 2073 1416 2102 ut
1439 2068 1606 2113 Rappolti
1629 2068 1767 2102 saniora
1784 2069 1828 2102 ad
1842 2068 1879 2102 h.

1144 2124 1170 2158 l.
1197 2125 1250 2169 (Ρ.
1269 2124 1368 2168 489.)
1395 2125 1550 2158 docentis
1569 2130 1603 2158 et
1619 2125 1771 2170 Bentleji
1785 2125 1880 2159 vitu-

1145 2180 1359 2227 perationem
1384 2180 1428 2214 ad
1450 2180 1569 2226 Epist.
1594 2181 1628 2224 2,
1655 2181 1698 2224 2,
1723 2181 1781 2216 87.
1811 2191 1881 2215 non

1147 2237 1323 2282 effugerit.

1190 2348 1236 2382 V.
1263 2348 1320 2383 33.

1146 2405 1243 2439 F'eae
1259 2406 1299 2448 2,
1316 2404 1342 2437 i.
1374 2404 1550 2447 Bentlejus
1574 2402 1646 2446 legi
1666 2403 1796 2438 mavult
1823 2403 1882 2438 Tu.

1146 2466 1182 2495 te
1205 2461 1322 2505 ipsum
1346 2465 1388 2493 ut
1403 2471 1526 2503 serves,
1554 2463 1592 2492 ut
1608 2459 1683 2492 Sat.
1699 2461 1733 2503 2,
1749 2460 1784 2504 3,
1801 2461 1880 2494 212.

1144 2515 1227 2551 234.
1261 2516 1333 2550 Sed
1354 2516 1504 2549 sinamus
1519 2516 1714 2559 Horatium,
1737 2515 1798 2560 qui
1812 2526 1881 2549 non

1146 2573 1282 2617 indiget
1297 2572 1419 2606 alienis
1437 2571 1571 2617 opibus,
1588 2572 1685 2616 loqui
1699 2583 1761 2606 suo
1772 2582 1878 2606 more.

1146 2631 1195 2664 At
1217 2629 1315 2673 quin.
1348 2628 1416 2662 Ms.
1435 2628 1531 2661 Feae
1548 2629 1580 2671 1,
1595 2639 1627 2661 a.
1645 2627 1746 2672 (Vid.
1762 2627 1882 2662 Hand.

1147 2686 1301 2720 Tursell.
1323 2686 1353 2718 I.
1371 2696 1407 2728 p.
1424 2683 1522 2727 523.)
1551 2685 1627 2718 Aut
1651 2684 1748 2727 quin.
1791 2684 1879 2718 eod.

1146 2741 1290 2776 Mentel.
1316 2742 1444 2783 Atque.
1469 2739 1537 2773 Ms.
1554 2740 1678 2774 Bland.
1696 2739 1880 2784 antiquiss.

1147 2809 1206 2844 ap.
1225 2798 1355 2842 Cruq.,
1380 2796 1515 2830 Combii
1537 2796 1580 2830 A.
1598 2797 1640 2830 C.
1657 2796 1701 2830 D.
1722 2795 1827 2830 Dess.
1846 2796 1879 2829 1.

1146 2855 1184 2891 2.
1214 2855 1253 2898 (a
1271 2856 1302 2888 1.
1325 2853 1390 2897 m.)
1423 2853 1555 2886 Graev.
1586 2853 1655 2886 Ed.
1682 2851 1794 2897 princ.
1822 2861 1879 2895 ap.

1146 2911 1271 2955 ‘Comb.
1289 2910 1367 2945 Scr.
1386 2921 1450 2955 per
1465 2921 1504 2943 se
1519 2908 1719 2956 probabilis,
1743 2907 1805 2942 sed
1819 2917 1876 2940 re-

1368 2348 1415 2383 Ut
1438 2359 1551 2382 serves
1575 2352 1611 2381 te
1635 2347 1764 2391 ipsum.
1809 2346 1879 2381 Ms-

1931 51 1941 75 ρ

1961 111 1986 137 ’,-
