2054 3268
772 246 1170 290 PRAEFATIO.
1704 259 1753 288 Χι

201 382 401 429 Elencho
432 381 558 428 codd.
590 381 627 426 1.
660 396 703 443 p.
733 381 840 427 ΧΠ.
878 380 1006 426 xm.
1076 378 1155 426 cf.
1183 379 1359 425 Mitsch.
1387 378 1424 424 1.
1452 393 1495 439 p.
1529 376 1614 422 XI.
1646 378 1753 423 XII.

201 474 269 520 De
311 473 524 533 Epistolis
578 473 746 533 quidem
790 473 900 518 haec
946 471 1109 517 addere
1148 472 1282 516 lubet.
1353 467 1639 531 Siagularum
1679 469 1754 514 in—

200 566 476 626 scriptiones,
505 581 608 625 quas
628 564 794 626 quidem
812 565 973 610 habent
1000 564 1170 609 codices
1203 563 1250 607 2.
1279 567 1325 608 et
1345 562 1418 623 3„
1451 561 1547 607 fere
1576 561 1756 607 eaedem

200 662 328 717 sunt,
355 658 399 701 in
427 657 524 702 cod.
559 657 603 701 1.
634 658 839 717 leguntur
866 656 1032 701 nullae.
1102 656 1276 701 Rursus
1296 654 1393 699 cod.
1421 653 1470 698 3.
1492 654 1755 714 peculiarem

200 749 297 794 libri
322 749 466 810 Epist.
494 750 813 810 inscriptionem
833 762 920 793 non
945 748 1091 793 habet.
1142 748 1192 792 In
1226 748 1323 793 cod.
1350 747 1395 791 1.
1422 747 1614 807 legitur:
1649 745 1754 807 epi-

201 841 446 886 stolarum
467 839 614 895 liber,
646 842 691 884 in
721 839 817 885 cod.
843 839 917 885 2.:
946 839 1111 900 incipit
1135 839 1458 900 epistolarum
1479 836 1618 882 liber.
1656 835 1754 884 Ce-

201 939 342 978 terum
373 939 554 992 uterque
587 933 695 977 liber
723 947 805 978 ms.
846 931 1072 992 Epistolas
1113 937 1215 977 ante
1246 930 1486 977 Sermones
1515 930 1670 988 habet3
1710 931 1754 973 in

199 1025 330 1069 tertio
366 1025 510 1070 omnia
543 1029 643 1069 sunt
674 1025 880 1085 permista
916 1029 1045 1084 atque
1083 1023 1265 1069 confusa
1302 1027 1603 1083 praeterquam
1643 1020 1755 1080 quod

200 1113 390 1162 Carmen
419 1130 509 1161 sec.
531 1117 690 1176 excipit
710 1116 954 1177 Epistolas.
994 1115 1183 1164 Nomina
1209 1117 1385 1176 propria
1412 1116 1564 1174 ubique
1584 1114 1755 1158 minus-

199 1208 307 1253 culis
344 1209 607 1269 scribuntur,
647 1210 836 1254 initiales
875 1214 1020 1254 autem
1058 1223 1263 1254 versuum
1302 1210 1347 1252 in
1389 1205 1515 1252 codd.
1554 1206 1598 1250 1.
1629 1210 1674 1250 et
1704 1204 1754 1248 3.

199 1301 355 1357 majori
394 1299 559 1360 forma,
607 1301 652 1344 in
687 1301 784 1346 cod.
820 1301 867 1345 2.
906 1301 1174 1346 minusculae
1211 1305 1326 1345 sunt.
1397 1298 1557 1344 Nullus
1598 1298 1755 1343 horum

200 1390 326 1436 codd.
355 1391 486 1438 habet
510 1394 857 1438 terminationem
883 1392 926 1437 is
952 1394 996 1437 in
1032 1392 1192 1438 AccuS.
1223 1394 1378 1437 tertiae
1410 1391 1569 1452 plural.
1608 1389 1753 1435 Prae-

199 1488 322 1528 terea
352 1486 397 1528 in
438 1484 535 1529 cod.
572 1484 616 1528 l.
650 1485 784 1529 verba
820 1498 954 1545 saepe
987 1489 1087 1529 sunt
1122 1484 1363 1544 diSJuncta⁷
1402 1482 1514 1544 quod
1547 1482 1754 1543 imprimis

199 1574 314 1620 cadit
346 1577 390 1619 in
422 1575 776 1635 Praepositiones
806 1591 901 1622 cum
927 1577 1084 1621 Verbis
1115 1577 1393 1636 compositas.

311 1666 333 1711 f
338 1663 366 1727 )
406 1665 603 1712 Codicis
644 1666 934 1713 Menteliam‘
966 1670 1208 1714 variantem
1242 1669 1499 1727 scripturam
1538 1667 1756 1725 excerpsit

198 1758 458 1804 'l'heodorus
489 1774 635 1821 meus⁷
679 1761 749 1820 qui
779 1761 864 1807 hoc
894 1760 1144 1805 beneficium
1175 1774 1225 1805 se
1257 1759 1416 1804 debere
1446 1763 1576 1820 grato
1609 1758 1754 1802 animo

198 1864 363 1896 mecum
387 1851 610 1911 profitetur
639 1850 963 1915 Gemdmfio,
994 1852 1102 1898 Viro
1133 1852 1443 1897 humanissimo
1470 1855 1514 1896 et
1537 1850 1754 1894 literatis-

197 1943 323 1988 simo.
390 1942 565 1989 Etenim
591 1947 766 1990 varians
794 1945 924 2003 hujus
948 1944 1046 1990 cod.
1073 1946 1289 2004 scriptura
1321 1944 1521 2003 exemplo
1550 1942 1754 1987 editionis

195 2033 521 2093 Desprezianae
548 2036 736 2082 Amstel.
762 2036 911 2082 1695.
941 2035 1017 2097 8.7
1051 2037 1162 2096 quod
1186 2042 1254 2082 est
1276 2038 1320 2081 in
1346 2036 1605 2081 bibliotheca
1628 2035 1754 2080 Aca-

198 2124 366 2170 demiae
388 2125 645 2188 Lipsiensis,
677 2129 866 2188 ascripta
892 2128 1072 2189 legitur.
1143 2127 1230 2174 Est
1250 2130 1287 2172 is
1304 2129 1414 2172 liber
1442 2127 1670 2186 notabilis,
1697 2125 1754 2171 de

198 2231 281 2276 quo
310 2217 420 2261 alias
444 2217 581 2262 dicam
603 2219 753 2278 plura3
791 2219 922 2265 habet
939 2221 1053 2265 inter
1073 2221 1161 2264 alia
1181 2220 1326 2279 Epist.
1351 2219 1432 2278 16,
1457 2217 1539 2263 45.
1560 2219 1753 2277 scriptu-

197 2322 292 2352 ram
308 2309 360 2353 ab
384 2309 660 2354 Hautlmlio
679 2310 735 2354 ad
745 2310 871 2355 Pers.
896 2310 941 2354 1.
955 2310 1058 2371 p.8.
1073 2310 1142 2355 ed.
1162 2310 1285 2370 Lips.
1302 2309 1450 2354 1833.
1473 2309 1752 2354 commenda-

197 2404 286 2445 tam
308 2405 436 2460 atque
465 2416 493 2445 a
517 2400 755 2446 Meinekio
778 2407 1022 2462 receptam:
1060 2401 1204 2446 Hunc
1220 2415 1434 2461 prorsus
1456 2405 1541 2446 etc.
1576 2401 1646 2446 De
1669 2402 1754 2447 hoc

197 2492 344 2538 codice
357 2492 465 2539 dixit
480 2493 635 2539 ,lanius
653 2494 685 2538 l.
705 2495 737 2538 l.
758 2510 801 2554 p.
822 2494 909 2538 XI.
933 2493 1007 2540 Cf.
1026 2493 1203 2540 Mitsch.
1226 2493 1263 2538 Ι.
1286 2493 1617 2553 p.XI.Kirchn.
1632 2509 1676 2554 p.
1693 2492 1752 2541 G.

307 2581 370 2645 g]
400 2586 468 2630 De
497 2584 706 2646 Sylloge
725 2585 1123 2642 Burmanniana‚
1155 2586 1200 2629 in
1224 2599 1306 2644 qua
1334 2585 1547 2646 reperitur
1578 2585 1751 2631 discre-

195 2689 304 2735 pans
336 2678 548 2738 scriptura
576 2679 706 2724 trium
737 2677 957 2739 codicum,
1006 2676 1216 2723 Dorvz‘ll.
1250 2676 1295 2721 1.
1319 2676 1366 2722 2.
1395 2677 1450 2722 ad
1475 2676 1579 2723 edit.
1602 2677 1748 2723 Hack.

196 2781 290 2811 cum
321 2769 435 2812 notis
480 2771 642 2815 varior.
682 2770 831 2832 Lugd.
868 2770 1028 2816 Batav.
1070 2769 1219 2814 1663.
1264 2772 1310 2814 et
1350 2766 1654 2814 Corbeiensis
1693 2769 1750 2814 ad

195 2859 323 2903 eand.
355 2859 503 2905 1670.
531 2862 787 2908 collatorum
802 2894 818 2924 ,
843 2863 1033 2908 breviter
1061 2862 1324 2922 strictimque
1352 2861 1461 2908 dixit
1482 2861 1749 2921 Kirclmer,

195 2951 227 2995 l.
249 2951 282 2996 l.
319 2950 367 2996 In
393 2950 651 3013 Gorbejensi
687 2969 790 3001 rara
819 2959 887 3001 est
915 2955 1107 3000 varietas
1136 2954 1360 3016 lectionis,
1398 2968 1457 3000 ex
1493 2969 1576 3015 qua
1603 2958 1747 3000 tamen
