2028 3268
391 257 474 302 210
520 255 896 297 COMMENTARII
919 254 975 293 IN
1003 253 1228 295 HORATII
1256 252 1352 295 LIB.
1375 253 1405 293 Ι.
1438 253 1601 296 EPIST.
1623 252 1779 294 TERT.
1849 255 1904 296 20

391 380 482 418 cian.
505 378 600 416 Tox.
629 391 664 428 p.
688 378 751 417 60.
808 378 907 415 Hine
938 377 1033 414 bene
1059 376 1304 426 Campenon:
1343 375 1648 425 „prefere-t-il
1676 375 1728 412 les
1759 376 1903 414 fureurs

391 450 430 483 et
454 446 488 483 le
504 445 599 494 style
626 455 811 493 pompeux
830 445 876 480 de
896 443 932 480 la
954 442 1189 493 trage'die‘v‘
1245 441 1368 492 Ipsam
1390 441 1581 490 utriusque
1598 441 1766 479 vocabuli
1790 443 1907 492 signi-

390 511 596 549 ficationem
621 509 795 546 enodavit
825 509 1074 546 lsVeiclzertus
1102 508 1158 560 (p.
1182 507 1409 553 386—90)
1435 520 1501 556 ea,
1533 520 1608 556 qua
1633 512 1691 545 est
1716 509 1905 546 doctrinae

391 578 497 628 copia
527 575 738 625 ingeniique
768 574 949 625 sollertia,
978 578 1040 624 ut,
1073 574 1135 623 qui
1160 575 1297 611 addere
1318 573 1453 622 aliquid
1473 573 1573 622 velit,
1596 573 1698 623 ligna
1722 574 1760 611 in
1775 574 1906 612 silvam

391 645 487 681 ferre
527 642 715 694 putandus
753 642 814 679 sit.
884 640 938 679 At
985 653 1080 690 quae
1111 644 1277 677 veterum
1314 643 1352 677 et
1384 640 1627 678 recentiorum
1662 640 1906 690 interpretum

392 721 563 759 magnam
590 711 731 759 partem
750 710 898 744 secutus
919 707 1006 743 inde
1021 707 1114 744 effici
1132 706 1231 755 vult,
1257 710 1403 743 tantum
1421 706 1538 756 abest,
1562 710 1603 743 ut
1629 719 1673 744 ea
1691 707 1906 757 approbem,

391 779 433 812 ut
458 778 496 811 et
518 772 628 812 hodie
651 773 873 824 impugnem.
899 773 1046 811 Etenim
1064 773 1142 810 ille:
1165 800 1190 822 „
1201 774 1238 809 in
1257 777 1432 824 promptu
1452 777 1522 823 est,
1531 773 1556 796 ‘⁶
1579 773 1699 822 inquit
1721 771 1775 823 (p.
1792 770 1906 823 389),

391 841 515 878 videre
551 840 686 890 duplex
710 840 800 877 Titii
836 840 874 876 in
903 839 1103 877 scribendis
1138 840 1338 889 tragoediis
1376 840 1525 888 vitium,
1576 839 1709 890 partim
1739 839 1839 887 quod
1868 838 1908 874 in

391 906 711 958 repraesentandis
732 906 880 956 tragicis
908 906 1076 956 personis
1099 909 1138 942 et
1161 906 1409 943 describendis
1437 918 1562 943 earum
1583 905 1743 943 moribus
1767 903 1911 942 affecti·-

389 972 533 1021 busque
547 972 701 1008 excedat
725 973 887 1021 modum,
904 972 1039 1021 partim
1065 972 1167 1020 quod
1189 973 1227 1009 in
1247 973 1510 1010 conformanda
1531 973 1699 1009 oratione
1713 969 1909 1008 molestum

390 1039 638 1086 vitiosumque
664 1042 846 1076 tumorem
879 1042 992 1086 atque
1020 1038 1167 1076 inanem
1202 1039 1467 1088 ridiculumque
1498 1042 1654 1087 quaerat
1687 1040 1725 1074 et
1746 1039 1910 1073 sectetur

391 1105 587 1143 verborum
615 1109 785 1143 ornatum
809 1109 847 1142 et
866 1105 1044 1142 sonum-‘⁶
1091 1105 1234 1143 Contra
1257 1106 1353 1144 hanc
1384 1105 1726 1157 interpretationem
1759 1117 1803 1141 ea
1836 1115 1910 1152 qua

393 1172 500 1209 decet
525 1184 613 1221 erga
632 1172 751 1210 virum
776 1172 956 1222 optimum
982 1171 1187 1208 reverentia
1214 1170 1300 1208 olim
1320 1172 1460 1209 surrexi
1479 1172 1518 1208 in
1541 1170 1721 1208 Seehodio
1747 1169 1910 1220 „Archiv

391 1238 450 1275 fiir
467 1236 637 1274 Philol-“
673 1238 792 1279 1825.
820 1238 870 1279 ΙΙ.
894 1239 935 1278 3.
962 1251 1000 1288 p.
1025 1238 1106 1277 461
1131 1249 1216 1286 sqq.
1272 1237 1323 1275 Et
1338 1238 1449 1287 mihi,
1477 1238 1578 1286 quod
1595 1249 1671 1274 non
1694 1240 1910 1286 arroganter

393 1303 532 1341 dictum
557 1302 756 1341 existimari
774 1305 906 1354 velim,
930 1304 1071 1342 assensi
1091 1307 1180 1341 sunt
1208 1305 1457 1348 Schmidizcs,
1480 1303 1736 1340 Hoc-hederas
1746 1330 1761 1347 ,
1797 1302 1911 1339 Ore-l-

393 1369 473 1406 lius
505 1370 553 1407 ad
590 1369 626 1407 h.
650 1370 697 1419 1.,
736 1371 807 1411 Fr.
838 1371 1045 1408 Jcoeobsius
1086 1370 1134 1422 (l.
1160 1370 1186 1409 l.
1226 1384 1262 1421 p.
1290 1369 1371 1412 354
1403 1368 1529 1422 sqq),
1567 1369 1639 1409 alii.
1695 1369 1778 1406 Hoc
1797 1380 1911 1406 unum

392 1448 491 1473 nunc
514 1434 598 1473 volo
629 1435 813 1474 additum:
844 1437 1092 1475 desaeviendi
1120 1438 1269 1487 quidem
1293 1438 1552 1486 acerbitatem,
1581 1436 1612 1472 si
1645 1447 1720 1484 qua
1744 1447 1825 1472 esse
1856 1435 1911 1473 vi-

393 1503 546 1551 deatur,
573 1501 681 1539 valde
702 1503 863 1554 mitigari
883 1503 945 1541 illa
972 1503 1195 1555 scriptorum
1227 1505 1512 1554 consuetudine,
1547 1515 1620 1551 qua
1639 1514 1733 1551 quae
1757 1502 1804 1540 ab
1832 1501 1911 1539 aliis

393 1569 492 1606 facta
512 1572 685 1618 narrant,
710 1569 781 1619 ipsi
810 1571 979 1608 dicantur
1009 1571 1151 1620 facere,
1175 1574 1218 1607 ut
1246 1571 1326 1608 Sat.
1349 1572 1393 1620 1,
1417 1571 1495 1620 10,
1517 1570 1585 1610 36.
1641 1569 1762 1606 Multa
1783 1568 1913 1606 talium

395 1634 556 1672 afferunt
577 1634 838 1673 Burmannus
858 1637 907 1674 ad
929 1635 1040 1687 Prop.
1064 1638 1109 1686 1,
1130 1639 1170 1686 7,
1193 1637 1231 1675 1.
1257 1651 1294 1688 p.
1318 1637 1384 1676 71.
1413 1640 1452 1673 et
1475 1636 1700 1672 Paldamus
1722 1636 1771 1672 ad
1794 1635 1906 1672 eund.

395 1714 434 1751 p.
460 1700 556 1739 306.

507 1765 552 1804 V.
576 1766 627 1806 15
643 1789 697 1794 —
713 1767 776 1808 20.
813 1768 923 1817 Quid
946 1768 1046 1805 milli
1066 1790 1114 1796 —
1142 1768 1346 1808 coloribus,
1395 1768 1504 1817 Quid
1526 1769 1624 1806 milii
1645 1768 1779 1806 Celsus
1799 1770 1884 1819 agit
1892 1767 1914 1805 ‘3

398 1845 442 1870 ex
468 1831 606 1869 usitata
639 1833 823 1883 formula,
856 1838 899 1872 ut
926 1836 1005 1872 Sat.
1031 1836 1080 1885 1,
1111 1836 1160 1885 9,
1193 1834 1232 1876 4.
1260 1835 1337 1887 (ibi
1361 1835 1519 1886 Heind.)
1560 1836 1660 1886 quid
1680 1836 1789 1886 agie,
1821 1835 1914 1872 dul-

398 1899 548 1934 cissime
580 1900 743 1937 rerum?
788 1900 910 1940 Plaut.
944 1901 1049 1939 Trin.
1079 1903 1125 1951 1,
1156 1904 1204 1952 1,
1242 1903 1306 1942 12.
1367 1902 1477 1951 Quid
1504 1903 1590 1952 agit
1618 1910 1688 1939 tua
1715 1902 1841 1938 uxor?
1869 1909 1915 1939 ut

395 1964 532 2002 valet?
577 1965 640 2002 Cf.
674 1966 827 2004 Ruhnk.
867 1969 915 2005 ad
946 1969 1057 2006 ovid.
1084 1969 1240 2007 Heroid.
1272 1970 1317 2018 6,
1352 1968 1403 2008 25
1429 1972 1468 2005 et
1490 1981 1585 2017 quae
1610 1969 1778 2006 dicentur
1798 1969 1847 2006 ad
1876 1969 1915 2017 1,

396 2035 436 2083 8,
461 2034 502 2073 3.
552 2033 791 2083 Quapropter
824 2047 899 2072 non
931 2036 1117 2072 audienda
1151 2035 1408 2085 interpretatio
1434 2035 1496 2071 illa
1530 2039 1611 2071 est:
1659 2036 1793 2085 „quod
1820 2046 1914 2085 opus

395 2113 494 2137 nunc
513 2100 624 2137 habet
648 2100 686 2136 in
713 2100 956 2138 manibus‘3«
1010 2101 1243 2139 Pronominis
1269 2101 1368 2137 milii
1396 2113 1489 2150 quae
1511 2105 1663 2138 vocatur
1687 2101 1916 2139 abundantia

397 2170 590 2218 utriusque
613 2165 760 2214 linguae
781 2169 984 2205 communis
1006 2168 1118 2205 habet
1143 2168 1201 2205 hic
1226 2168 1384 2216 aliquam
1411 2167 1667 2206 familiaritatis
1692 2174 1731 2205 et
1751 2168 1915 2206 caritatis

397 2236 597 2274 notionem.
654 2232 834 2283 Exempla
867 2235 984 2272 omnis
1014 2235 1159 2285 generis
1194 2234 1422 2284 collegerunt
1452 2233 1569 2271 Drak.
1596 2235 1644 2271 ad
1669 2234 1734 2273 Sil.
1768 2235 1818 2284 1,
1845 2233 1915 2274 46.

396 2302 522 2341 Burm.
549 2302 597 2339 ad
613 2299 772 2336 Phaedr.
804 2300 848 2350 1,
872 2302 946 2351 22,
975 2302 1013 2341 3.
1061 2302 1214 2339 Biinem.
1244 2302 1293 2338 ad
1322 2299 1493 2338 Laetant.
1527 2300 1621 2338 Inst.
1655 2302 1705 2350 6,
1742 2301 1815 2350 12,
1847 2301 1913 2341 12.

398 2374 436 2405 et
467 2378 560 2417 quos
587 2370 780 2417 praeterea
806 2365 961 2404 laudant
998 2368 1224 2404 Schmidizis
1246 2368 1295 2405 ad
1319 2367 1357 2404 h.
1387 2367 1409 2408 l.
1433 2371 1472 2404 et
1493 2365 1666 2402 Jacob-as
1694 2368 1741 2403 ad
1761 2365 1914 2405 Lucian.

398 2434 493 2473 Tox‚
530 2449 568 2485 p,
601 2433 694 2473 138.
713 2454 770 2459 -
811 2433 943 2470 Celsus
976 2437 1100 2471 autem
1125 2433 1221 2470 idem
1248 2446 1331 2471 esse
1358 2434 1524 2482 videtur,
1566 2433 1623 2470 cui
1654 2434 1832 2483 inscripta
1860 2436 1919 2470 est

397 2500 568 2551 Epistola
597 2502 748 2548 octava,
778 2511 990 2548 quanquam
1017 2500 1056 2536 id
1085 2503 1199 2549 negat
1226 2499 1474 2536 lVeic-lzertas
1500 2499 1526 2537 l.
1551 2499 1573 2536 l.
1605 2514 1645 2551 p.
1670 2499 1763 2540 382.
1807 2498 1919 2537 Multi

398 2567 545 2604 nomine
570 2566 734 2616 insignes
758 2566 989 2616 reperiuntur
1022 2566 1146 2611 Celsi,
1186 2579 1280 2615 quos
1309 2567 1491 2603 recensuit
1519 2565 1727 2602 Fabricius
1754 2566 1793 2604 in
1819 2565 1916 2603 Bibl.

399 2633 466 2670 lat.
496 2634 543 2682 2,
581 2631 621 2672 4.
662 2631 707 2669 Π.
742 2645 779 2682 p.
815 2633 881 2672 36.
908 2633 966 2672 ed.
994 2631 1106 2682 Ern.‚
1151 2645 1309 2682 quocum
1344 2633 1499 2670 conferri
1528 2633 1631 2670 iubet
1669 2631 1916 2669 Weiclzertus

400 2699 613 2736 Schneideri
633 2699 840 2736 Comment.
865 2700 910 2748 1,
933 2700 969 2738 1.
997 2698 1045 2737 11.
1076 2713 1113 2750 p.
1139 2700 1203 2740 28.
1235 2703 1273 2736 et
1302 2699 1559 2749 Spaldingium
1587 2700 1635 2736 ad
1654 2698 1808 2744 Quintil.
1823 2698 1916 2736 Inst.

401 2765 450 2814 3,
486 2766 531 2813 1,
567 2767 631 2806 21.
678 2765 706 2803 Ι.
745 2779 784 2815 p.
821 2763 916 2807 436.
970 2766 1054 2810 Quo
1087 2767 1170 2816 jure
1207 2765 1305 2802 hunc
1334 2765 1483 2803 Celsum
1519 2777 1600 2803 esse
1627 2764 1674 2805 A.
1704 2763 1917 2802 Cornelium

401 2831 572 2880 Celsum,
619 2832 800 2869 medicum
835 2832 955 2882 illum,
999 2833 1062 2881 qui
1098 2832 1196 2870 idem
1227 2832 1347 2870 scriba
1383 2844 1579 2882 comesque
1614 2830 1754 2869 Tiberii
1793 2830 1918 2879 fuerit,

402 2899 601 2950 opinentur
629 2899 876 2936 Bianconius
904 2904 943 2937 et
980 2899 1262 2950 Schillingizcs,
1317 2900 1482 2937 nondum
1521 2900 1748 2950 compertum
1780 2896 1914 2936 haben.
