2028 3268
427 244 510 286 366
565 247 934 287 COMMENTARII
961 247 1018 285 IN
1047 245 1266 286 HORATII
1291 246 1390 285 LIB.
1411 248 1442 286 Ι.
1466 247 1626 288 EPIST.
1646 248 1790 288 SEPT.
1882 249 1937 292 94

428 369 552 421 stabo,
581 374 622 407 ut
649 371 758 407 etiam
786 368 948 406 lauderis
977 367 1024 404 ab
1049 367 1146 418 aliis,
1174 369 1275 418 quod
1301 369 1339 406 in
1363 369 1549 408 hominem
1577 371 1730 422 dignum
1755 371 1938 410 beneficia

429 443 495 477 tua
524 435 789 484 contuleris,‘c
816 436 855 471 in
883 447 995 484 quam
1023 436 1247 472 sententiam
1272 435 1425 472 laudant
1452 436 1575 486 Epist.
1600 441 1640 488 2,
1670 441 1709 488 1,
1738 437 1819 480 245
1849 451 1935 489 sqq.

429 505 540 542 Conf.
570 502 682 539 Both.
712 502 760 538 ad
794 501 925 551 Feam,
956 501 992 538 T
995 514 1070 539 orr.
1107 506 1146 539 et
1181 502 1306 539 Schol.
1337 502 1452 552 Cruq.
1501 503 1640 542 Obstat
1677 509 1828 555 praeter
1867 505 1939 542 alia

427 572 511 621 ipsa
540 580 708 615 caesura,
738 580 834 617 quae
862 581 932 606 nos
957 570 1118 618 jungere
1142 568 1263 618 jubet,
1291 573 1333 606 ut
1363 574 1466 607 recte
1496 570 1707 610 observavit
1739 571 1937 610 oremus.-

425 634 634 687 praestabo
661 630 680 687 ΙΙ
708 647 768 670 me
791 636 907 671 etiam
932 631 938 689 Ι
959 649 1036 686 pro
1064 635 1183 672 laude
1209 638 1401 674 merentis.
1459 637 1676 688 Rejicienda
1703 651 1852 688 quoque
1879 642 1940 676 est

427 704 571 751 tmesis,
602 714 712 751 quam
737 714 819 738 cum
853 702 1043 752 Cruquio,
1071 703 1259 749 Damio,
1288 703 1368 741 aliis
1395 704 1454 742 hic
1482 705 1616 743 statuit
1642 705 1710 746 R.
1731 703 1938 742 Iac-obstas

428 770 558 821 (p.97.
590 774 628 807 et
660 770 752 809 118.
785 766 899 819 147.)
927 773 969 806 ut
997 770 1062 808 sit:
1099 771 1237 820 „laude
1268 771 1472 809 benefactis
1500 773 1548 809 de
1574 785 1634 810 me
1661 771 1939 822 promerentis“

430 839 532 885 sive,
563 841 603 874 ut
626 837 678 872 ait
703 836 768 872 Vir
796 848 983 872 summus:
1009 837 1100 885 „So
1126 838 1199 876 will
1228 838 1286 875 ich
1317 838 1414 875 mich
1443 840 1542 876 denn
1569 838 1663 876 auch
1691 841 1759 876 des
1786 837 1940 876 Beifalls

427 903 571 952 wiirdig
601 903 747 952 zeigen,
778 903 862 938 dem
886 902 946 939 ich
976 904 1083 942 deine
1107 904 1346 943 Wohlthaten
1376 905 1542 942 danke.“
1597 906 1712 942 Laus
1737 906 1850 955 igitur
1876 905 1940 942 illa

429 983 504 1006 non
533 969 581 1005 ad
610 969 868 1006 Maecenatem
896 973 1026 1018 utpote
1051 971 1134 1008 huic
1163 972 1290 1009 debita
1317 973 1503 1022 refertur,
1538 973 1607 1010 sed
1635 973 1682 1009 ad
1707 972 1831 1022 ipsum
1858 970 1940 1010 Ho-

429 1037 574 1084 ratium,
603 1047 677 1085 qua
705 1035 751 1072 ab
780 1035 857 1084 illo,
888 1037 988 1084 quod
1015 1038 1048 1074 ei
1076 1051 1230 1076 munera
1256 1040 1529 1089 impertiretur,
1558 1042 1743 1076 mactatus
1770 1039 1831 1076 sit.
1889 1035 1942 1074 At

429 1104 477 1140 de
506 1102 614 1139 tmesi
653 1103 753 1151 apud
780 1103 874 1139 Hor.
905 1106 1065 1141 contrita
1091 1110 1193 1143 recte
1230 1107 1422 1155 disputant
1450 1105 1728 1142 Doederlinius
1753 1109 1792 1142 et
1827 1103 1942 1141 Orel-

430 1169 508 1205 lias
519 1196 535 1213 ,
584 1180 679 1216 quos
708 1169 794 1205 vide
821 1173 860 1207 et
885 1171 983 1207 conf.
1012 1171 1135 1209 Kritz.
1166 1173 1215 1210 ad
1242 1173 1333 1210 Sall.
1364 1173 1450 1210 Cat.
1481 1173 1530 1222 5,
1578 1173 1616 1212 3.
1686 1172 1768 1209 Huc
1796 1171 1942 1208 accedit

429 1235 533 1274 verbi
561 1234 735 1270 merendi
759 1248 829 1285 pro
868 1237 1119 1289 demerendo,
1166 1240 1412 1290 promerendo
1448 1251 1564 1288 usuS,
1613 1239 1717 1288 cujus
1753 1237 1943 1287 complura

430 1302 600 1352 exempla
630 1301 780 1351 collegit
806 1302 1002 1354 Forbiger.
1031 1306 1079 1342 ad
1107 1305 1208 1356 Virg.
1235 1306 1331 1343 Aen.
1357 1307 1397 1354 6,
1427 1302 1522 1344 664.
1578 1305 1716 1354 Neque
1736 1303 1833 1341 male
1860 1304 1942 1353 qui-

432 1371 518 1407 dem
549 1370 598 1406 ad
624 1369 868 1418 sententiam,
924 1383 1134 1421 quanquam
1170 1386 1303 1424 parum
1330 1375 1501 1410 accurate
1537 1370 1752 1407 Mamilius
1784 1369 1944 1407 laudem

430 1436 489 1473 hic
517 1435 691 1484 intelligit
718 1435 1001 1475 liberalitatem:
1049 1439 1240 1488 „Debent
1267 1441 1436 1489 accipere
1471 1438 1641 1476 volentes
1675 1441 1803 1487 gratos
1831 1449 1873 1474 se
1906 1440 1944 1474 et

430 1502 652 1539 liberalitate
689 1502 822 1551 dignos
856 1508 1064 1554 praestare.
1123 1507 1282 1551 Qualem
1319 1510 1358 1543 et
1390 1518 1462 1555 ego
1501 1517 1560 1542 me
1594 1504 1810 1555 praestabo.
1825 1504 1854 1528 ‘⁶
1909 1501 1944 1540 A

430 1573 562 1606 nostra
591 1569 699 1618 hujus
728 1582 859 1607 versus
887 1572 1217 1623 interpretatione,
1265 1585 1377 1623 quam
1403 1576 1554 1622 praeter
1576 1571 1669 1610 alios
1698 1569 1944 1620 comprobant

438 1636 634 1673 Gesnerzcs
646 1663 662 1680 ‚
690 1636 935 1687 Doeringia-s·
946 1665 962 1683 ,
996 1639 1225 1676 Sclzmidius
1238 1667 1253 1684 ‚
1282 1638 1579 1683 Doederlinias,
1615 1637 1803 1682 Orellias,
1830 1635 1944 1687 paulo

434 1703 597 1739 discedit
623 1702 804 1738 Baebius
832 1705 870 1740 in
907 1705 1123 1742 Zimmerm.
1150 1706 1447 1754 „Zeitschrift“
1477 1710 1550 1742 etc.
1582 1703 1703 1744 1834.
1730 1717 1771 1754 p.
1804 1699 1951 1752 1036,

432 1767 581 1817 longius
607 1767 817 1815 Hutlzius,
862 1782 1020 1820 quorum
1050 1770 1163 1807 verba
1190 1771 1287 1807 infra
1306 1768 1344 1821 *)
1371 1783 1522 1822 ponam.
1577 1770 1638 1808 De
1666 1768 1944 1806 constructione

544 1900 585 1945 *)
605 1903 672 1937 Ille
689 1903 760 1938 ita:
780 1904 961 1950 „Wiirdig
979 1906 1100 1939 werde
1119 1906 1176 1940 ich
1195 1906 1286 1940 mich
1303 1905 1427 1939 deiner
1439 1905 1672 1939 Wohlthaten
1695 1904 1821 1949 zeigen
1836 1914 1944 1948 sogal·

433 1959 512 1993 dem
532 1958 682 1992 Beifalle
706 1961 769 1993 des
794 1961 991 1994 Gebenden
1015 1962 1193 2005 gemiiss‚“
1213 1962 1249 1995 d.
1270 1962 1305 1995 h.
1323 1962 1423 1995 nicht
1442 1972 1508 1994 nur
1527 1961 1728 2005 iiberhaupt
1746 1960 1868 1994 werde
1884 1959 1944 1993 ich

433 2016 524 2049 mich
553 2015 677 2048 deiner
699 2016 932 2050 Wohlthaten
960 2017 1100 2061 wiirdig
1127 2017 1272 2061 zeigen,
1313 2018 1465 2051 sondern
1495 2017 1608 2050 selbst
1629 2017 1668 2051 in
1691 2017 1755 2050 der
1781 2015 1850 2050 Art
1872 2015 1944 2049 und

435 2069 543 2106 durch
564 2070 622 2103 die
643 2071 776 2115 Mitte1‚
800 2072 935 2106 welche
956 2072 1020 2106 der
1038 2073 1268 2107 Wohlthiiter
1287 2073 1400 2107 selbst
1420 2083 1486 2106 nur
1504 2072 1654 2117 billigen
1670 2073 1777 2107 kann.
1792 2071 1816 2091 “
1872 2071 1943 2104 Hic

434 2127 470 2160 in
484 2126 602 2159 literis
616 2127 661 2161 ad
680 2139 734 2160 me
753 2127 846 2161 datis
863 2129 1022 2174 disputat
1041 2129 1112 2162 sic:
1134 2129 1228 2174 „Die
1247 2129 1498 2163 vorhandenen
1515 2129 1765 2173 Erkliirungen
1779 2127 1943 2172 geniigen

434 2183 500 2216 mir
520 2182 630 2216 nicht.
689 2183 764 2217 Der
790 2185 962 2218 Gedanke
983 2185 1034 2218 ist
1057 2186 1120 2219 auf
1139 2197 1193 2219 vs.
1215 2186 1270 2221 22.
1294 2184 1657 2219 zuriickzubeziehen.
1714 2184 1808 2218 Dort
1829 2183 1943 2217 heisst

437 2250 495 2273 es:
523 2238 580 2272 vir
609 2238 721 2272 bonus
750 2243 787 2273 et
816 2241 959 2285 sapiens
989 2241 1107 2285 dignis
1127 2241 1179 2274 ait
1201 2253 1280 2275 esse
1301 2246 1459 2285 paratus.
1516 2241 1646 2274 Dieser
1663 2240 1755 2274 Vers
1778 2239 1829 2273 ist
1847 2249 1945 2273 zwar

437 2305 527 2340 ganz
549 2293 735 2338 allgemein
762 2297 998 2331 aufzufassen.
1056 2297 1232 2331 Offenbar
1254 2298 1340 2331 aber
1361 2297 1428 2342 gilt
1451 2297 1528 2331 dem
1547 2297 1697 2330 Dichter
1715 2306 1781 2330 nur
1798 2294 1943 2328 Maece-

437 2362 500 2384 nas
529 2350 607 2383 hier
630 2350 682 2384 als
707 2351 763 2385 ein
787 2352 925 2386 solcher
947 2353 1005 2387 vir
1022 2353 1135 2387 bonus
1156 2358 1193 2387 et
1221 2353 1374 2398 sapiens.
1431 2353 1474 2386 In
1500 2352 1578 2386 dem
1601 2351 1734 2386 Munde
1756 2351 1819 2384 des
1843 2350 1944 2384 Mae-

439 2417 544 2440 cenas
565 2406 652 2439 aber
674 2407 810 2441 enthalt
836 2409 954 2442 dieser
972 2409 1064 2442 vers
1085 2409 1142 2443 ein
1162 2421 1305 2454 grossos
1325 2409 1396 2442 Lab
1415 2408 1473 2442 fiir
1494 2408 1562 2441 den
1583 2407 1727 2448 Horaz3
1747 2406 1839 2440 deun
1863 2406 1942 2440 Mii-

439 2475 504 2496 cen
523 2463 672 2495 rechnet
695 2463 734 2506 ja
757 2463 826 2497 den
854 2465 975 2498 Horaz
999 2465 1104 2508 daun,
1130 2465 1209 2499 dem
1233 2477 1273 2498 er
1292 2465 1383 2497 eben
1395 2463 1627 2497 Wohlthaten
1642 2462 1816 2496 erwiesen
1829 2462 1942 2506 hatte,

439 2529 483 2551 zu
513 2518 582 2551 den
612 2519 738 2563 dignis.
794 2519 884 2553 Wer
911 2520 1159 2554 ausdriicklich
1178 2524 1281 2565 sagt,
1311 2520 1393 2553 dass
1413 2530 1452 2552 er
1467 2529 1531 2551 nur
1549 2518 1749 2563 Wiirdigen
1766 2517 1942 2560 beistehe,

440 2574 505 2607 der
525 2573 662 2607 erkliirt
682 2574 906 2621 denjenigen,
934 2577 1011 2610 dem
1034 2588 1074 2610 er
1092 2577 1261 2621 beisteht,
1285 2587 1327 2609 eo
1341 2575 1420 2619 ipso
1435 2574 1493 2608 fiir
1507 2573 1609 2607 einen
1624 2574 1807 2620 wv'lrdigen
1819 2573 1941 2607 Mann.

441 2629 604 2672 Wohlau‚
630 2635 711 2674 sagt
725 2631 856 2677 Horaz,
872 2633 924 2667 als
945 2633 1001 2666 ein
1022 2633 1121 2667 edler
1136 2634 1205 2666 und
1224 2630 1474 2674 verstandiger
1488 2630 1597 2663 Mann
1613 2630 1770 2664 erkliirst
1788 2630 1846 2674 du,
1861 2629 1942 2663 blos

443 2685 586 2718 solchen
615 2685 868 2733 beizustehen,
909 2689 967 2722 die
999 2688 1122 2723 deiner
1149 2687 1335 2723 Wohlthat
1366 2686 1507 2730 wiirdig
1536 2685 1628 2720 sind.
1684 2685 1758 2720 Mir
1785 2685 1867 2719 hast
1894 2683 1942 2718 du

442 2740 673 2774 Wohlthaten
688 2743 861 2778 erwiesen
879 2745 950 2779 und
969 2745 1059 2779 eben
1079 2745 1236 2779 dadurch
1254 2743 1345 2779 mich
1363 2742 1420 2776 fiir
1441 2742 1545 2776 einen
1563 2741 1672 2775 Mann
1691 2742 1838 2785 erklfirt‚
1855 2739 1940 2775 wel-

444 2795 528 2829 cher
552 2795 676 2830 deiner
695 2798 882 2834 Wohlthat
903 2799 1043 2846 wiirdig
1070 2801 1134 2835 sei.
1187 2801 1241 2836 ,So
1267 2799 1338 2834 will
1362 2798 1530 2832 ichmich
1549 2797 1642 2831 denn
1661 2798 1749 2832 auch
1767 2797 1819 2831 als
1839 2795 1940 2830 einen

444 2851 586 2886 solchen
606 2852 791 2899 erweisen‚
816 2858 959 2902 dignum
982 2858 1174 2902 praestabo
1194 2868 1248 2890 me
1269 2856 1374 2890 etiam
1392 2854 1463 2888 und
1481 2864 1577 2887 zwar
1594 2865 1660 2899 pro
1683 2853 1786 2888 laude
1805 2861 1939 2886 meren-

445 2908 516 2950 tis3
544 2908 828 2953 quemadmodum
855 2912 1014 2958 postulat
1036 2914 1113 2949 laus
1133 2912 1283 2948 hominis
1306 2910 1480 2947 beneficia
1505 2909 1692 2953 merentis;
1723 2907 1940 2955 quemadmo-
