2054 3268
232 275 602 315 COMMENTARII
630 246 685 311 IN
715 271 936 311 HORATII
968 270 1141 309 EPIST.
1170 271 1315 309 PRIM.
1346 270 1447 308 Lm.
1475 270 1506 309 1.
1585 264 1640 307 61

99 395 140 428 et
164 387 344 428 Schmid.
365 386 416 426 ad
433 389 509 439 Ep.
532 388 577 436 1,
609 388 684 437 18,
715 387 810 427 111.
867 386 995 433 Quam
1014 385 1243 423 Stoicorum
1261 383 1525 430 sententiam,
1551 393 1642 418 lna-

99 470 271 509 gnarum
288 470 420 495 rerum
444 455 706 503 effectricem,
734 454 865 492 omnis
882 455 965 491 fere
988 455 1167 492 Romana
1194 454 1411 505 antiquitas
1430 464 1503 490 sua
1528 463 1642 488 com-

98 524 282 578 probavit
291 524 535 563 assensione.
566 522 656 562 vid.
668 523 840 573 interpp.
858 520 910 559 ad
920 522 1002 560 Cic.
1015 521 1064 559 de
1077 522 1184 559 N.D.
1200 521 1242 570 3,
1258 521 1327 561 36.
1359 522 1455 560 Juv.
1479 519 1541 568 10,
1557 517 1642 559 363

99 606 161 646 sq.
191 593 334 631 senec.
351 592 481 644 Epist.
501 593 570 631 27.
592 588 660 632 41.
683 591 750 632 80.

212 662 260 700 V.
289 658 359 701 41.
385 658 455 700 42.
520 659 658 697 Virtus
684 681 740 688 —-
775 658 963 696 caruisse.
1024 659 1149 697 Poeta
1174 671 1301 711 quum
1323 669 1389 695 vv.
1415 657 1484 698 27.
1502 654 1572 696 32.
1599 655 1642 691 in

99 731 320 783 sapientiae
339 726 569 780 primordiis
591 740 634 765 se
657 728 908 779 acquiescere
928 725 1181 774 declarasset,
1205 739 1313 763 nunc
1328 727 1460 776 ipsam
1479 725 1643 776 sapien-

99 799 197 836 tiam
217 796 427 836 artioribus
448 795 562 847 quasi
584 793 792 847 descr1psit
813 795 1024 833 limitibus.
1055 795 1141 842 Qua
1160 793 1201 829 in
1223 806 1264 830 re
1283 805 1403 831 nemo
1419 806 1503 831 non
1518 790 1642 840 videt,

99 873 140 904 et
154 878 256 919 quae
279 864 470 902 elementa
488 863 732 901 intellexerit
746 876 786 902 v.
811 865 895 912 27„
932 869 971 900 et
991 876 1114 915 quam
1133 868 1236 899 tecte
1256 858 1322 898 hic
1341 861 1518 912 tetigerit
1532 860 1644 898 Stoi-

101 947 192 983 cos,
220 935 411 973 virtutem
436 934 479 970 in
512 945 558 970 eo
587 932 747 983 fastigio
774 932 1039 978 collocantes,
1079 928 1131 967 ad
1154 928 1264 983 quod
1293 926 1473 966 humana
1499 935 1644 966 natura

99 1002 199 1040 eniti
219 1003 402 1055 nequiret
421 1001 498 1054 (cf.
517 1013 556 1038 V.
588 1001 651 1040 17.
672 1007 711 1037 et
730 1001 860 1052 Epist.
886 1001 909 1040 1
922 1028 932 1048 ,
955 1000 980 1038 6
993 1028 1003 1047 ,
1026 997 1100 1050 5.),
1135 999 1284 1051 quippe
1308 997 1378 1048 qui
1404 997 1644 1047 sapientiam

91 1070 315 1122 perfectum
344 1068 491 1107 bonum
526 1069 667 1105 mentis
690 1067 893 1106 humanae
924 1066 1095 1119 (Senec.
1129 1067 1258 1117 Epist.
1284 1064 1406 1116 89,),
1447 1066 1514 1102 vel
1541 1079 1644 1117 qnae

99 1152 231 1176 omne-5·
256 1151 438 1177 numeros
463 1138 622 1174 virtutis
647 1136 808 1174 haberet
841 1135 951 1188 (cic.
976 1134 1089 1172 offic.
1116 1135 1167 1184 3,
1192 1135 1239 1183 3,
1268 1132 1362 1185 14.)
1397 1139 1436 1170 et
1458 1135 1644 1172 virtutem

97 1206 264 1244 rationis
283 1204 570 1243 absolutionem
598 1204 714 1256 (Fin.
739 1205 778 1253 5,
813 1202 920 1258 14.)‚
956 1210 1076 1256 atque
1100 1217 1239 1241 omnes
1269 1201 1454 1240 homines
1486 1210 1644 1254 praeter

97 1275 322 1326 sapientem
345 1273 486 1312 stultos
516 1268 758 1325 (ἅφρονας)
784 1273 1054 1320 declararent3
1085 1270 1166 1309 vid.
1190 1269 1336 1308 Heind.
1358 1269 1410 1308 ad
1429 1270 1514 1308 Sat.
1537 1271 1581 1319 1,
1601 1271 1642 1319 3,

97 1341 168 1382 78.
196 1344 327 1381 Beier.
347 1340 398 1379 ad
417 1342 498 1378 Cic.
520 1341 632 1379 Offic.
659 1342 696 1390 1,
719 1341 758 1381 3.
783 1355 824 1393 p.
851 1343 916 1382 19.
940 1346 978 1376 et
999 1341 1039 1388 2,
1069 1341 1134 1381 10.
1158 1353 1200 1390 p.
1227 1339 1297 1379 69.
1354 1339 1544 1377 Horatius
1568 1351 1643 1375 au-

98 1415 204 1459 tem,
229 1423 276 1448 ea
293 1416 451 1447 tantum
470 1410 756 1462 comprobanS,
789 1421 893 1461 quae
916 1415 1048 1446 essent
1073 1409 1115 1445 in
1138 1421 1216 1446 usu
1236 1409 1400 1459 vitaque
1421 1407 1641 1456 communi,

97 1489 180 1515 non
211 1490 314 1529 quae
343 1477 586 1528 fingerentur
608 1488 789 1524 summa,
829 1476 1008 1515 confiteri
1041 1490 1124 1515 non
1150 1475 1369 1513 dubitavit:
1400 1476 1515 1513 Nam
1535 1476 1643 1513 vitiis

98 1558 211 1582 nemo
234 1545 318 1582 «sine
338 1547 519 1582 nascitur
532 1561 544 1582 :
576 1547 750 1596 optimus
777 1543 846 1581 ille
863 1552 936 1591 est,
973 1545 1054 1596 Qui
1079 1545 1256 1582 minimis
1285 1551 1451 1595 urgetur
1475 1551 1515 1582 et
1543 1544 1644 1594 Quis

89 1613 215 1664 paria
233 1625 312 1649 esse
321 1613 415 1664 sere
429 1613 594 1665 placuit
603 1620 775 1664 peccata
786 1641 804 1659 ,
834 1612 1050 1659 laborant,
1087 1613 1221 1663 Quum
1241 1620 1403 1650 ventum
1419 1612 1479 1649 ad
1504 1625 1643 1650 verum

98 1687 168 1718 est.
230 1680 314 1718 Sat.
343 1681 366 1721 1
380 1711 391 1731 ,
413 1682 440 1722 3
453 1712 463 1731 ,
489 1683 556 1723 68.
583 1683 652 1723 69.
709 1683 832 1720 Porro
850 1682 895 1718 in
914 1695 991 1720 usu
1011 1695 1098 1720 voc.
1120 1680 1267 1717 stultus
1288 1680 1561 1719 observandus
1582 1687 1642 1718 est

94 1750 243 1787 Poetae
262 1761 375 1798 mos,
400 1762 489 1802 ,quo
521 1750 692 1788 aliorum
722 1750 916 1788 formulas
940 1750 991 1788 ad
1013 1763 1131 1788 suam
1152 1762 1238 1786 rem
1263 1762 1336 1788 suo
1365 1751 1494 1802 ipsius
1520 1762 1642 1788 sensu

94 1816 393 1866 accommodat,
423 1824 469 1854 ut
490 1819 618 1870 Epist.
647 1819 695 1868 1,
718 1819 792 1868 10,
816 1821 882 1860 12.
908 1818 973 1868 18,
1001 1819 1040 1859 9.
1099 1818 1211 1855 Tum
1230 1818 1272 1854 in
1290 1819 1489 1870 sapientia
1502 1819 1643 1869 prima

96 1884 356 1924 describenda
375 1886 614 1923 Cleobulum
635 1899 699 1938 ap.
722 1887 840 1938 Diog.
859 1887 992 1924 Laert.
1019 1886 1057 1934 l,
1077 1886 1146 1926 92.
1170 1887 1350 1938 vestigiis
1372 1893 1533 1925 secutus
1554 1899 1641 1924 esse

96 1952 254 1991 videtur
279 1952 503 1991 dicentem:
548 1949 706 2007 Ἀρετῆς
732 1955 882 1996 οἰκεῖον
907 1952 1011 1996 εἶναι
1036 1954 1179 2003 κακίας
1206 1950 1439 2008 ἀλλότριον,
1477 1950 1642 1995 ἀδικίαν

97 2022 276 2074 φεύγειν.
319 2020 514 2058 Similiter
542 2020 730 2075 Theogn.
767 2025 890 2065 1131.
923 2022 993 2064 32.
1050 2019 1151 2063 Εἴθ’
1180 2022 1264 2072 εἴης
1301 2022 1429 2076 ἔργων
1467 2023 1642 2077 αἰσχρῶν

98 2083 268 2140 ἀπαθής
285 2086 354 2127 καὶ
378 2085 539 2142 ἀεργὸς,
569 2087 731 2144 Κύρνε,
761 2091 950 2144 μεγίστην
968 2107 1037 2132 κεν
1057 2094 1206 2144 πεῖραν
1228 2090 1332 2143 ἔχοις
1353 2087 1510 2144 α’ρετῆς.
1547 2092 1639 2130 Wr-

97 2162 162 2192 tus
187 2161 225 2192 et
249 2168 338 2205 sap.
365 2157 503 2206 prima
534 2157 656 2208 igitur
682 2166 742 2196 est
771 2159 1015 2210 principium
1040 2159 1198 2196 virtutis
1225 2156 1305 2208 (cf.
1331 2160 1460 2210 Epist.
1483 2157 1557 2205 18,
1580 2158 1640 2210 9.)

96 2230 137 2260 et
155 2223 388 2276 sapientiae,
418 2231 463 2261 ut
482 2223 628 2263 dicitur
642 2228 781 2276 prima
801 2227 870 2263 νία
889 2240 953 2279 ap.
967 2226 1082 2265 Ovid.
1095 2228 1190 2264 Met.
1211 2229 1251 2275 2,
1266 2226 1335 2267 63.
1364 2227 1500 2278 ibique
1515 2223 1640 2262 Bach.

91 2293 227 2343 prima
236 2290 395 2341 fibula
426 2305 490 2344 ap.
509 2294 673 2332 Terent.
694 2293 769 2332 Ad.
790 2293 891 2346 prol.
922 2295 960 2334 9.
990 2295 1018 2331 i.
1037 2307 1071 2332 e.
1101 2295 1232 2346 prima
1260 2307 1351 2345 pars
1379 2294 1561 2342 fabulae,
1589 2292 1640 2330 ad

94 2372 219 2412 quem
241 2359 375 2398 locum
398 2361 528 2398 multa
553 2363 740 2413 exempla
776 2361 889 2399 affert
907 2359 1124 2399 Ruhnken.
1146 2376 1188 2413 p.
1213 2362 1308 2402 180.
1322 2391 1332 2410 ,
1367 2363 1420 2400 cf.
1440 2359 1564 2399 Drak.
1589 2360 1642 2399 ad

92 2428 181 2465 Liv.
200 2427 240 2477 3,
260 2429 329 2477 29,
355 2427 394 2467 8.
417 2435 458 2465 et
480 2428 646 2469 Ramsh.
667 2430 736 2467 Gr.
761 2430 831 2468 lat.
852 2426 889 2481 ξ.
918 2428 1012 2469 152.
1037 2443 1076 2481 Ρ.
1096 2430 1195 2471 298.
1254 2430 1322 2468 Sic
1344 2444 1383 2469 v.
1408 2431 1448 2471 6.
1468 2437 1641 2468 extrema

92 2508 232 2532 arena.
262 2494 518 2546 Adjectivum
533 2499 670 2549 prima
688 2498 835 2536 referas
854 2498 978 2535 etiam
999 2496 1049 2535 ad
1066 2499 1363 2537 substantivum
1382 2498 1638 2550 praecedens,

92 2570 139 2600 ut
157 2564 285 2615 Epist.
309 2565 358 2613 6,
387 2566 453 2606 17.
513 2565 599 2603 Sat.
626 2567 669 2615 1,
704 2566 755 2615 3,
788 2567 882 2607 129.
942 2565 1015 2606 Od.
1040 2567 1089 2614 2,
1116 2566 1164 2614 8,
1194 2565 1235 2606 3.
1267 2566 1333 2615 13,
1357 2566 1447 2615 18.‚
1479 2566 1528 2605 de
1557 2581 1637 2618 quo

94 2630 287 2682 loquendi
322 2644 398 2669 usu
429 2631 661 2671 Schmidius
695 2635 846 2686 (quem
884 2634 936 2671 cf.
967 2633 1019 2671 ad
1047 2636 1122 2686 Ep.
1147 2636 1197 2683 2,
1224 2634 1273 2683 1,
1296 2632 1386 2684 21.)
1409 2635 1562 2687 relegat
1585 2635 1637 2674 ad

94 2700 243 2751 Reisig.
268 2700 492 2738 Comment.
520 2702 606 2739 crit.
634 2702 677 2738 in
701 2699 827 2752 Soph.
852 2701 950 2740 Oed.
978 2702 1064 2739 Col.
1097 2700 1193 2742 583.
1211 2715 1252 2753 p.
1276 2701 1361 2743 278
1388 2709 1428 2740 et
1452 2704 1635 2743 Enarrat.

94 2765 193 2804 Oed.
220 2767 305 2806 Col.
326 2782 366 2820 p.
393 2769 565 2807 CLXIII.
595 2771 729 2807 Minus
752 2762 858 2807 recte
878 2771 1000 2822 igitur
1019 2769 1088 2806 alii
1110 2770 1296 2807 virtutem
1311 2771 1491 2821 primam
1510 2772 1635 2810 inter-

93 2841 302 2886 pretantur
314 2834 355 2873 h.
367 2836 394 2875 l.
410 2837 670 2887 primariam,
684 2838 965 2888 praecipuam.
1001 2838 1069 2876 Sic
1080 2835 1278 2877 Wachius
1297 2837 1348 2876 ad
1363 2839 1448 2877 Cat.
1463 2838 1635 2879 Distich.

95 2902 142 2951 1,
162 2901 202 2942 3.
219 2916 259 2954 p.
281 2905 320 2944 9.
343 2902 406 2942 ed.
426 2906 561 2944 Arntz.
619 2908 665 2943 In
685 2918 816 2943 errore
839 2906 962 2943 etiam
983 2912 1164 2944 versatur
1190 2907 1442 2957 Lactantius,
1469 2910 1539 2962 qui
1560 2908 1633 2947 de-

94 2969 317 3010 finitionem
338 2973 496 3010 virtutis·
511 2972 578 3012 hic
601 2986 800 3026 augurans
818 2976 916 3013 Inst.
938 2974 978 3024 6,
1005 2973 1046 3025 5,
1076 2974 1142 3018 12.
1167 2975 1314 3028 inepte,
1343 2977 1497 3030 inquit,
1527 2978 1637 3030 quod
