2028 3268
366 264 450 306 384
525 267 896 306 COMMENTARII
922 267 976 305 IN
995 267 1212 305 HORATII
1231 267 1325 305 LIB.
1342 269 1370 305 I.
1397 268 1556 311 EPIST.
1576 226 1724 309 SEPTf
1750 326 1753 327 γ
1793 273 1869 315 112

366 402 470 439 mus,
516 403 626 439 quam
653 389 826 438 intelligit
853 388 977 426 Schol.
1008 389 1144 439 Cruq.,
1192 391 1270 428 sive
1299 391 1505 438 conducta,
1548 391 1763 429 alterutram
1790 403 1870 429 rem

365 460 467 493 reete
497 457 668 505 opinatur
697 455 859 492 Orellius
889 456 1151 505 significatam,
1183 457 1241 494 hic
1271 455 1470 505 opponitur
1492 457 1590 494 vitae
1619 471 1757 508 vagae,
1789 471 1870 496 cer-

365 526 443 559 tum
472 522 592 558 locum
619 534 695 557 non
721 522 862 558 tenenti
889 526 931 558 ut
958 522 1081 572 Epist.
1111 524 1176 572 15,
1209 526 1274 565 28.
1333 522 1407 560 Od.
1431 522 1472 570 3,
1503 521 1569 572 24,
1602 525 1683 573 10.,
1712 537 1802 573 non,
1828 527 1870 560 ut

373 588 543 624 Orellc'zcs
569 588 848 637 interpretatur,
877 589 944 636 „in
970 590 1169 626 coenaculo
1195 591 1384 626 dumtaxat
1408 589 1629 627 habstantif‘
1683 591 1744 627 Sic
1766 591 1870 640 Virg.

366 656 439 692 Ge.
473 652 521 702 4,
561 653 653 693 155.
686 661 805 690 cerlos
833 667 971 690 novere
999 656 1173 693 Penatis.
1232 655 1323 694 Aen.
1353 657 1403 705 8,
1431 655 1498 695 39.
1555 657 1640 692 Hic
1667 655 1738 692 tibi
1764 664 1870 694 certa

365 722 526 764 domas,
567 721 680 769 certi,
718 733 766 757 ne
793 709 962 765 absiste,
998 723 1177 760 Penates.
1234 723 1370 760 Senec.
1402 722 1504 759 Med.
1532 721 1626 761 478.
1682 723 1760 759 Per
1782 734 1870 771 spes

365 795 520 824 tuorum
551 786 714 823 liberum
741 794 776 823 et
802 795 949 824 certam
979 788 1109 826 larem.
1166 787 1298 827 Avien.
1328 788 1459 827 Descr.
1490 788 1582 826 Orb.
1612 788 1704 829 282.
1768 788 1871 825 Certi

365 854 461 890 laris
498 855 622 889 inscia
656 867 768 904 gem.
830 853 939 894 Auct.
967 856 1014 892 de
1043 855 1141 906 Rep.
1171 856 1291 894 ordin.
1323 858 1372 904 2,
1411 854 1460 904 5,
1499 854 1538 894 4.
1576 856 1718 891 inertia
1751 862 1869 906 atque

363 922 498 970 inopia
533 922 701 957 incertas
737 922 869 958 domos
907 921 1060 959 habere.
1117 922 1261 966 Quodsi
1297 922 1468 959 Orellius
1505 921 1589 958 lare
1623 928 1723 958 certo
1757 923 1868 960 etiam

364 988 515 1024 includit
539 1000 714 1024 venerem
745 989 934 1025 incertam
958 988 1054 1039 (Sat.
1074 989 1111 1036 1,
1133 988 1174 1036 3,
1202 987 1327 1037 109.>,
1352 988 1378 1024 1.
1406 1001 1438 1024 e.
1464 989 1735 1038 „conjugem,“
1763 990 1868 1039 equi-

365 1056 470 1102 dem,
502 1055 532 1091 si
562 1057 816 1092 concesserint
838 1057 961 1105 parvi
984 1054 1035 1091 illi
1063 1053 1241 1099 sodales,
1269 1067 1345 1090 non
1373 1056 1656 1103 repugnaverim
1681 1055 1770 1092 Viro
1799 1056 1867 1092 do·-

365 1123 539 1159 ctissimo.
600 1122 672 1166 Qui
698 1126 821 1159 autem
843 1124 1092 1172 conjecturam
1115 1128 1222 1158 curto
1246 1121 1462 1171 praeferunt
1486 1121 1544 1158 vel
1563 1135 1692 1171 parvo
1714 1122 1869 1169 malunt,

363 1203 404 1226 re
441 1189 601 1239 repetita
641 1201 717 1226 non
751 1191 958 1239 repetenda
991 1201 1138 1225 omnem
1174 1190 1380 1238 depravant
1418 1187 1490 1224 loci
1519 1187 1751 1238 elegantiam.
1809 1187 1869 1226 De

363 1255 551 1306 particulis
580 1268 655 1305 que
684 1276 733 1283 -
770 1262 806 1291 et
831 1255 902 1292 sibi
928 1255 1240 1306 respondentibus
1267 1259 1309 1292 ut
1334 1268 1370 1293 v.
1396 1254 1435 1293 8.
1463 1258 1502 1292 et
1531 1254 1605 1292 Od.
1633 1257 1672 1303 2,
1702 1255 1770 1304 20,
1801 1255 1867 1296 22.

364 1323 461 1359 conf.
487 1321 654 1358 Liibker.
683 1322 731 1358 ad
761 1322 835 1359 Od.
868 1323 906 1370 1,
937 1319 978 1371 4,
1010 1324 1074 1362 16.
1103 1336 1142 1372 p.
1173 1321 1270 1361 540.

473 1388 518 1426 V.
549 1388 618 1427 59.
675 1388 732 1424 Et
758 1387 865 1425 ludis
891 1409 948 1417 —-
980 1390 1142 1439 Campo.
1202 1389 1294 1426 Erat
1321 1387 1434 1438 igitur
1460 1387 1627 1425 Volteius
1655 1400 1700 1426 ex
1728 1399 1774 1425 eo
1801 1387 1868 1424 ho-

362 1456 500 1493 minum
529 1467 689 1504 genere,
729 1456 792 1505 qui
820 1456 1010 1505 antiquam
1037 1456 1150 1492 officii
1179 1456 1359 1492 rationem
1387 1454 1586 1504 diligentes
1616 1455 1713 1492 vitae
1736 1454 1870 1504 jucun-

363 1522 539 1560 ditatibus
579 1522 616 1558 in
651 1522 773 1558 medio
806 1523 911 1571 quasi
947 1523 1080 1572 positis
1120 1522 1406 1559 oblectarentur.
1438 1542 1492 1549 ——-
1534 1521 1640 1558 ludis
1667 1520 1870 1558 secundum

363 1589 488 1627 Schol.
519 1589 635 1637 Cruq.
662 1588 946 1634 theatralibus,
983 1585 1065 1627 κατ’
1094 1586 1233 1640 ἕξοχῆν
1260 1589 1433 1638 quidem,
1474 1588 1521 1625 cf.
1550 1587 1717 1625 Hoched.
1746 1586 1794 1622 ad
1822 1583 1867 1623 A.

362 1656 406 1693 P.
437 1653 545 1703 405„
574 1658 613 1690 at
640 1654 732 1691 alios
756 1668 832 1692 non
861 1655 1094 1703 excluserim,
1123 1657 1197 1692 vid.
1228 1655 1309 1692 Juv.
1341 1655 1407 1703 10,
1436 1655 1503 1694 81.
1559 1654 1670 1692 Hess.
1700 1654 1748 1690 ad
1773 1651 1867 1689 Tac.

361 1722 460 1759 Dial.
492 1720 556 1761 29.
584 1733 621 1770 p.
663 1719 754 1759 196.
785 1724 824 1758 et
853 1725 1034 1758 annotata
1060 1725 1191 1758 nostra
1219 1722 1267 1757 ad
1294 1720 1414 1770 Epist.
1444 1721 1492 1768 6,
1534 1722 1573 1760 7.
1629 1719 1688 1757 De
1721 1719 1869 1768 Campo

363 1789 409 1825 cf.
438 1787 593 1823 Kirchn.
619 1787 665 1823 ad
695 1787 773 1823 Sat.
806 1788 844 1835 1,
876 1789 915 1834 1,
946 1788 1011 1826 91.
1070 1786 1230 1823 Casaub.
1261 1788 1307 1823 ad
1336 1786 1441 1823 Pers.
1471 1787 1511 1834 5,
1541 1787 1607 1826 57.
1664 1786 1788 1823 Beier.
1819 1786 1868 1822 ad

363 1854 443 1891 Cic.
474 1853 586 1890 offic.
619 1854 665 1900 1,
697 1854 761 1894 29.
791 1866 829 1903 p.
859 1854 952 1894 227.
1019 1853 1109 1890 Noli
1136 1857 1258 1890 autem
1285 1853 1383 1890 solas
1406 1854 1688 1890 exercitationes
1717 1852 1776 1889 vel
1800 1852 1870 1890 alia

362 1921 473 1968 talia,
504 1932 599 1968 quae
625 1919 663 1955 in
691 1919 833 1968 Campo
862 1920 962 1956 facta
989 1932 1074 1956 esse
1104 1923 1263 1956 testatur
1293 1920 1366 1957 Od.
1399 1922 1437 1967 1,
1467 1922 1524 1967 8.,
1552 1919 1780 1969 intelligere,
1817 1920 1870 1956 ita

361 1992 402 2024 ut
429 1986 597 2023 Volteius
623 1985 681 2022 vel
713 1986 827 2036 „pila
854 1986 987 2023 luserit
1014 1986 1073 2023 vel
1101 1986 1272 2023 ludentes
1300 1985 1542 2035 spectarit,“
1570 1987 1637 2023 sed
1665 1987 1775 2022 etiam
1803 1998 1868 2023 co-

363 2056 480 2104 gitare
508 2054 554 2090 de
583 2052 709 2089 liberis
734 2053 938 2090 otiosorum
965 2053 1004 2089 in
1033 2065 1078 2089 eo
1107 2052 1431 2100 ambulationibus,
1459 2052 1535 2089 011.
1566 2055 1605 2101 1,
1634 2051 1675 2101 9,
1707 2053 1758 2092 18
1783 2065 1867 2102 sqq.

363 2123 444 2159 Cic.
468 2134 525 2171 pr.
552 2120 680 2164 Quint.
713 2120 779 2168 18,
809 2118 875 2159 59.
932 2120 973 2155 Si
1000 2119 1039 2156 in
1067 2118 1181 2156 verbo
1210 2119 1340 2156 decisa
1366 2119 1623 2156 Hochedems
1649 2119 1869 2157 desiderium

363 2189 552 2238 quoddam
580 2188 720 2238 quietis
747 2190 786 2223 et
816 2185 1030 2235 voluptatis
1053 2186 1303 2235 significatum
1323 2187 1452 2234 sentit,
1479 2185 1566 2222 nolo
1589 2187 1761 2236 equidem
1782 2199 1872 2223 con-

362 2262 422 2293 tra
451 2256 590 2303 dicere,
619 2258 658 2290 at
683 2253 768 2290 mihi
797 2254 912 2290 satius
943 2253 1103 2299 videtur,
1133 2265 1245 2301 quum
1272 2253 1445 2290 decidere
1473 2252 1624 2290 verbum
1651 2254 1800 2290 forense
1823 2253 1871 2290 sit

363 2324 488 2375 (Suet.
516 2323 632 2372 Vesp.
661 2322 726 2362 21.
787 2319 954 2356 Gronov.
993 2318 1108 2356 Obss.
1141 2321 1187 2363 2,
1224 2318 1307 2369 6.),
1346 2331 1488 2356 morem
1527 2321 1710 2367 quendam
1744 2320 1872 2356 videre

363 2391 616 2439 descriptum,
647 2401 719 2436 quo
749 2387 916 2423 homines
942 2386 1100 2424 ministri
1127 2398 1195 2423 sua
1221 2386 1373 2435 negotia
1401 2390 1615 2435 comparant
1641 2385 1870 2436 gravioribus

362 2457 524 2493 virorum
550 2456 588 2491 in
618 2454 764 2491 civitate
795 2452 1002 2490 illustrium.
1062 2454 1236 2490 Ceterum
1266 2452 1420 2490 similem
1441 2453 1586 2490 vivendi
1613 2453 1794 2490 rationem
1823 2454 1871 2490 de

363 2535 405 2559 se
433 2523 515 2572 ipso
542 2521 733 2572 praedicat
760 2520 853 2558 Hor.
881 2520 918 2556 in
944 2520 1027 2556 Sat.
1062 2521 1108 2568 1,
1146 2521 1193 2567 6,
1224 2521 1302 2560 111
1332 2532 1417 2570 sqq.
1477 2520 1619 2564 Quodsi
1648 2520 1760 2557 etiam
1787 2521 1868 2557 sue-

362 2593 461 2636 runt,
491 2589 553 2638 qui
579 2589 617 2624 in
645 2586 903 2624 describendis
934 2587 1069 2624 Menae
1097 2587 1260 2624 moribus
1287 2600 1363 2623 non
1390 2588 1502 2623 modo
1530 2586 1672 2625 Poetae
1700 2586 1868 2624 callidam

363 2660 482 2692 artem
511 2655 805 2702 admirarentur,
848 2666 977 2691 verum
1005 2655 1116 2692 etiam
1146 2654 1182 2690 id
1209 2653 1391 2691 sentirent
1418 2666 1496 2690 rem
1523 2666 1608 2690 esse
1637 2653 1761 2702 magni
1787 2663 1869 2690 mo-

364 2723 504 2769 menti,
549 2723 649 2771 quod
677 2721 794 2771 ipsius
822 2724 931 2770 pater
959 2720 1120 2758 libertus
1147 2721 1206 2758 vel
1230 2733 1374 2770 praeco
1412 2721 1569 2769 fuisset,
1610 2720 1683 2756 hoc
1719 2718 1868 2768 quidem

365 2789 577 2838 negandum
605 2789 776 2826 arbitror.
833 2788 983 2826 Etenim
1011 2789 1043 2826 si
1071 2789 1133 2838 qui
1161 2801 1205 2825 ex
1234 2788 1397 2836 antiquis
1425 2787 1523 2825 vitae
1551 2786 1776 2826 Horatianae
1801 2797 1867 2822 au-

365 2856 529 2893 ctoribus
558 2854 636 2906 (ap.
660 2855 811 2894 Mitsch.
837 2856 867 2894 I.
896 2869 936 2906 p.
960 2854 1126 2894 CLXIII.
1153 2867 1215 2905 ap.
1244 2853 1429 2892 Vanderb.
1456 2855 1487 2892 Ι.
1516 2867 1554 2904 p.
1577 2851 1697 2903 LlV.)
1723 2855 1867 2903 patrem

363 2925 531 2962 fecerunt
551 2935 813 2973 praeconem,
857 2915 966 2961 suam¹
987 2936 1067 2962 rem
1093 2935 1139 2962 ex
1166 2922 1262 2961 male
1287 2922 1475 2960 intellecto
1506 2921 1588 2959 loco
1624 2921 1705 2958 Sat.
1735 2919 1783 2967 1,
1825 2918 1865 2966 6,
