2028 3268
339 235 421 279 102
479 238 844 278 COMMENTARII
876 240 931 276 ΙΝ
958 238 1176 277 HORATII
1200 237 1372 276 EPIST.
1398 238 1539 276 PRIM.
1567 239 1666 278 LIB.
1683 241 1716 279 1.

338 349 379 398 3,
398 350 465 398 27,
483 348 587 399 26.).
614 351 676 386 Ita
693 349 800 386 enim
818 350 1034 387 sententiae
1046 349 1149 387 inter
1159 361 1200 387 se
1213 354 1486 399 opponuntur:
1514 374 1549 394 ,‚
1557 349 1666 386 Si—
1677 361 1854 395 occ-urm,

339 415 444 453 rides
456 430 469 452 .·
499 416 535 452 si
552 422 645 467 toga
662 416 823 453 dissidet
842 417 989 466 impar,
1020 416 1123 454 rides
1137 430 1150 451 .·
1179 416 1215 452 si
1233 427 1320 451 mea
1334 421 1498 466 pugnat
1515 416 1705 453 sententia
1722 428 1855 452 aecum

338 488 414 519 etc.
427 510 438 530 ,
467 494 546 518 non
565 483 685 528 rides,
714 496 784 519 nec
811 496 873 519 me
906 483 1031 520 credis
1056 488 1234 519 curatore
1260 494 1369 532 egere
1379 495 1396 527 ;
1429 481 1500 519 sed
1524 479 1780 519 stomacharis
1805 478 1855 518 ob

338 561 513 599 anguem
526 562 653 598 prave
671 553 873 585 sectum.“
931 549 997 587 Sic
1020 550 1207 587 ultimum
1227 549 1483 585 enunciatum
1506 547 1726 586 clausulam
1751 559 1854 599 quo-

338 613 551 651 dammodo
572 615 667 651 facit
691 613 742 650 ad
761 616 962 666 superiora
982 616 1074 652 illa:
1105 617 1138 653 si
1167 621 1328 652 curatus
1350 635 1408 644 —-
1421 614 1526 651 rides
1547 636 1617 652 —-.
1671 614 1856 652 Ceterum

338 678 438 718 haec
471 693 572 732 quae
600 680 673 717 sub
697 680 818 718 finem
845 683 1004 733 eclogae
1030 683 1215 720 Horatius
1244 680 1293 718 de
1321 694 1364 719 se
1389 687 1429 718 et
1457 682 1684 718 Maecenate
1710 681 1856 730 attulit,

338 759 421 784 non
449 747 582 784 omnia
602 747 717 795 serio,
747 750 902 786 etiamsi
919 761 1012 787 vera
1033 749 1182 786 fuerint
1195 778 1206 797 ,
1235 747 1306 786 sed
1319 749 1452 798 jocose
1470 749 1597 798 magis
1616 746 1668 784 acl
1689 760 1736 784 ea
1753 759 1855 800 quae

339 811 498 850 dixerat
524 813 728 863 probanda
756 814 908 863 afferri,
937 828 990 853 ex
1017 822 1100 853 toto
1124 816 1410 853 sententiarum
1436 827 1547 851 nexu
1582 814 1676 852 satis
1706 814 1857 866 liquere

343 879 520 917 arbitror.
532 880 556 900 “
613 880 680 918 Sic
712 881 815 920 inter
851 883 951 931 alia,
1002 883 1143 934 quibus
1181 895 1342 920 omnem
1381 880 1561 919 ordinem
1600 881 1722 919 totius
1755 880 1858 932 Epi-

339 946 467 985 stolae
499 945 650 984 erudite
677 950 900 998 constituit,
938 950 1007 988 Vir
1031 950 1115 986 ille.
1169 949 1228 986 Ac
1244 950 1372 1000 primo
1390 946 1490 985 haec
1512 949 1649 998 legens
1674 959 1858 985 assensus

339 1025 432 1051 sum
449 1014 542 1051 Viro
571 1013 744 1064 erudito,
772 1023 864 1066 post
888 1017 1041 1053 mutavi
1063 1017 1313 1053 sententiam.
1368 1015 1497 1054 Verba
1520 1016 1651 1052 enim:
1680 1021 1718 1051 et
1731 1021 1856 1052 stom.-

341 1077 445 1116 beue
470 1079 692 1130 junguntur
720 1095 812 1120 cum
838 1083 886 1119 iis
900 1111 910 1131 ‚
941 1094 1042 1134 quae
1062 1081 1300 1120 antecedunt
1319 1082 1362 1119 in
1383 1080 1491 1119 hunc
1508 1079 1702 1120 modum:
1733 1109 1758 1130 „
1768 1081 1858 1130 Tu,

341 1145 571 1193 Maecenas,
602 1148 846 1197 gravioribus
870 1150 998 1197 vitiis,
1027 1150 1062 1187 si
1093 1161 1194 1201 quae
1215 1150 1259 1185 in
1285 1161 1351 1186 me
1377 1156 1491 1197 sunt,
1520 1161 1603 1186 non
1629 1145 1856 1196 offenderis,

340 1225 471 1264 neque
490 1212 591 1250 mihi
609 1221 743 1251 mente
759 1217 892 1254 miuus
909 1216 1042 1254 valido
1063 1214 1351 1254 consulendum
1369 1216 1566 1252 arbitraris
1577 1243 1588 1263 ,
1630 1226 1859 1267 quanquam

341 1292 384 1316 es
413 1293 550 1317 meum
579 1281 824 1333 praesidium
855 1290 894 1320 et
926 1282 1151 1335 [alioquin]
1193 1293 1309 1332 aegre
1338 1282 1417 1319 fers
1443 1281 1713 1330 levissimum,
1750 1278 1860 1333 quod

341 1348 586 1385 extrinsecus
603 1347 704 1385 mihi
721 1349 987 1398 contrahitur,
1015 1349 1261 1388 indecorum.
1273 1350 1298 1370 “
1354 1349 1534 1387 Primum
1556 1361 1618 1386 res
1639 1349 1746 1400 ipsa,
1777 1348 1806 1385 i.
1823 1361 1860 1385 e.

342 1413 584 1450 stomachari
603 1413 651 1451 ob
669 1429 738 1465 pr.
774 1430 808 1454 s.
837 1431 878 1454 u.
909 1419 1004 1455 satis
1023 1417 1107 1466 jam
1136 1415 1331 1453 contraria
1357 1416 1472 1453 rebus
1503 1416 1546 1452 iu
1563 1427 1629 1453 vv.
1651 1414 1860 1456 97-101.

342 1482 674 1530 commemoratis,
693 1495 739 1520 eo
759 1484 879 1522 etiam
896 1490 1079 1534 augetur,
1106 1481 1214 1535 quod
1234 1483 1429 1532 unguium
1447 1494 1539 1519 cura
1557 1482 1791 1533 plerumque
1810 1479 1860 1518 ab

343 1547 423 1584 alio
445 1547 473 1585 i.
489 1560 523 1586 e.
545 1559 567 1583 a
582 1554 739 1586 tonsore
758 1549 887 1599 fiebat,
910 1550 992 1590 vid.
1010 1551 1156 1600 Bo'ttig.
1169 1550 1357 1600 Sabimp.
1372 1547 1468 1588 255.
1482 1546 1591 1596 335„
1611 1548 1662 1586 cf·
1680 1544 1860 1586 Schmid-

342 1611 397 1652 ad
410 1614 538 1664 Epist·
561 1614 599 1662 1,
618 1617 659 1663 7,
679 1615 767 1664 51„
789 1616 968 1655 Broukh.
986 1616 1038 1654 ad
1057 1617 1149 1655 Tib.
1174 1617 1220 1665 1,
1240 1616 1287 1664 8,
1313 1616 1379 1657 11.
1411 1613 1510 1652 Inde
1530 1613 1704 1652 Phanias
1723 1614 1767 1651 in
1785 1614 1861 1652 Ja-

345 1679 470 1718 cobsii
485 1680 637 1718 Delect.
651 1683 787 1733 Epigr.
806 1684 845 1732 6,
870 1686 909 1732 6,
931 1686 972 1725 3.
1001 1679 1198 1736 Εὕγοὶθης
1215 1704 1272 1711 -
1293 1677 1491 1722 ἀπέπτυσε
1507 1680 1576 1721 καὶ
1593 1676 1863 1728 τυλοκόπτους

343 1747 591 1799 φασγανίδας
609 1746 678 1787 καὶ
700 1746 795 1797 τούς
814 1747 1031 1802 συλόνυχας
1049 1745 1248 1800 στόνυχας.
1303 1747 1457 1785 Deinde
1482 1748 1718 1799 particulam
1739 1759 1863 1798 quum

344 1812 533 1866 equidem
552 1811 759 1852 habuerim
775 1829 846 1867 pro
866 1818 1111 1864 concessiva,
1137 1828 1219 1852 non
1238 1816 1399 1863 causali,
1422 1814 1470 1852 de
1489 1816 1560 1852 illa
1576 1814 1863 1866 significatione

343 1879 427 1919 vid,
445 1880 649 1917 Bremium
666 1880 717 1918 ad
740 1884 839 1934 Nep.
856 1883 896 1931 3,
916 1882 956 1932 3,
975 1884 1017 1922 2.
1036 1889 1077 1920 et
1097 1880 1242 1920 Ochsu.
1261 1881 1313 1919 ad
1333 1882 1414 1920 Cic.
1432 1881 1572 1932 Eclog.
1588 1895 1629 1933 p.
1648 1882 1762 1930 102„
1783 1880 1864 1919 nisi

345 1948 437 1999 quis
454 1948 571 1984 malit
591 1948 920 1998 significationem
932 1963 1058 2001 paene
1078 1947 1265 1987 eandem:
1295 1944 1430 2000 ἐπειδή
1449 1963 1522 1999 περ
1547 1949 1630 1986 sive
1647 1946 1756 2000 quod
1769 1948 1866 1985 bar-

344 2015 440 2052 bare
458 2013 614 2051 dicunt:
644 2029 768 2066 quum
786 2023 937 2063 tamen,
954 2023 1000 2054 ut
1025 2017 1104 2054 Sat.
1132 2017 1169 2064 1,
1190 2015 1230 2064 5,
1249 2014 1316 2055 59.
1335 2016 1431 2068 ibiq.
1448 2014 1594 2055 Heind.
1615 2021 1655 2053 et
1671 2015 1793 2053 Kritz.
1811 2012 1866 2053 ad

347 2081 450 2120 Sall.
476 2082 561 2119 Cat.
598 2095 640 2133 p.
668 2083 762 2124 163.
817 2086 920 2122 Nam
952 2082 1062 2135 quod
1089 2083 1209 2120 multi
1235 2083 1377 2120 volunt
1402 2082 1639 2134 significari:
1679 2083 1782 2131 „Tu
1797 2093 1864 2119 me

346 2147 537 2186 curatoris
559 2160 673 2199 egere
691 2162 772 2187 non
790 2156 906 2202 putas
919 2178 930 2199 ,
964 2151 1154 2202 quoniam
1177 2155 1222 2186 tu
1239 2149 1324 2200 ipse
1348 2162 1389 2187 es
1409 2156 1516 2187 tutor
1532 2161 1646 2187 meus
1658 2150 1707 2198 ,“
1731 2149 1865 2200 friget.

346 2217 457 2255 Tum
471 2215 614 2254 verba:
636 2215 759 2253 tutela
774 2230 905 2255 rernm
922 2231 1099 2254 mearum
1114 2230 1196 2254 non
1214 2216 1387 2254 indicare
1407 2216 1592 2254 videntur
1609 2222 1782 2254 tutorem
1798 2214 1867 2252 vel

347 2284 480 2337 potius
501 2288 723 2320 curatorem
743 2290 785 2320 ut
804 2284 888 2322 Sat.
907 2285 947 2331 2,
965 2283 1005 2332 3,
1022 2283 1132 2331 218„
1153 2283 1225 2321 sed
1243 2286 1403 2322 omnino
1426 2282 1533 2336 quod
1550 2283 1647 2320 alias
1671 2289 1732 2320 est
1742 2295 1865 2333 prae-

347 2350 496 2388 sidium
513 2347 586 2386 Od.
605 2349 642 2398 1,
673 2350 695 2389 1
710 2377 720 2397 ,
744 2351 786 2390 2.
804 2356 843 2387 et
861 2363 1039 2387 mearum
1051 2350 1208 2401 grande
1228 2350 1347 2388 decus
1365 2349 1618 2400 columenque
1640 2362 1771 2387 rerum
1790 2348 1866 2389 Od-

348 2419 391 2466 2,
414 2418 479 2464 17,
504 2414 546 2457 4.
569 2415 620 2453 cf.
641 2414 715 2452 Od.
733 2413 772 2464 4,
797 2414 862 2464 14,
883 2415 973 2465 43.,
993 2431 1124 2454 rerum
1143 2416 1267 2455 tutela
1283 2429 1460 2454 mearum
1476 2414 1588 2454 Ovid.
1607 2416 1730 2455 Trist.
1745 2416 1784 2466 5,
1798 2415 1865 2466 14,

352 2484 420 2524 15.
434 2483 500 2521 Sic
511 2483 628 2520 Auct.
646 2482 775 2519 Carm.
794 2482 846 2520 ad
862 2484 996 2522 Pison.
1013 2483 1110 2523 231.
1141 2483 1303 2522 Odecus
1321 2489 1358 2519 et
1377 2503 1434 2512 ---
1452 2482 1578 2519 Pierii
1597 2483 1721 2521 tutela
1738 2483 1861 2523 chori.

350 2550 510 2603 Apulej.
521 2550 616 2586 Met.
634 2549 675 2589 6.
694 2561 737 2599 p.
755 2549 854 2589 263.
871 2551 1018 2590 Wouv.
1061 2552 1122 2588 Da
1135 2564 1224 2588 vero
1237 2563 1369 2589 rerum
1388 2561 1565 2586 mearum
1577 2548 1741 2586 tutelam
1757 2560 1881 2588 nuno?

348 2617 457 2668 geris
467 2622 537 2652 etc.
560 2617 697 2668 Neque
705 2622 840 2654 tamen
857 2629 1064 2668 negamus,
1078 2618 1192 2658 illam
1204 2618 1341 2654 tutoris
1351 2615 1676 2667 significationem
1685 2628 1867 2655 commo-

354 2682 452 2720 dum
462 2682 649 2736 praebere
663 2695 838 2732 sensum,
859 2683 1074 2723 dummodo
1091 2685 1284 2738 particula
1295 2697 1418 2735 quum
1434 2696 1499 2728 eo,
1527 2695 1647 2735 quem
1660 2695 1734 2722 nos
1748 2684 1869 2723 volu-

353 2763 456 2798 mus,
473 2762 593 2787 sensu
612 2750 870 2801 intelligatur.
897 2754 1071 2803 Apparet
1086 2753 1203 2800 enim,
1223 2757 1463 2804 quantopere
1479 2751 1664 2789 Horatius
1683 2762 1742 2799 ea,
1763 2761 1867 2803 quae

354 2818 398 2855 in
414 2817 584 2854 Patrono
602 2816 901 2868 reprehendisse
921 2818 1130 2868 videretur,
1156 2818 1328 2858 voluerit
1346 2824 1498 2855 vertere
1526 2818 1570 2855 in
1591 2817 1749 2855 melius.
1802 2816 1867 2855 Eo

356 2883 480 2922 etiam
508 2890 688 2935 spectant
709 2886 829 2924 verba
847 2899 886 2924 v.
912 2886 1004 2927 105.
1031 2892 1068 2923 te
1089 2885 1231 2936 respic.
1260 2885 1382 2922 amici
1407 2897 1432 2922 a
1457 2883 1636 2935 Bentlejo
1661 2894 1869 2937 perperam
