2028 3268
129 235 218 306 87¹
296 259 675 300 COMMENTARH
693 260 751 300 IN
770 259 994 300 HonATu
1010 259 1108 299 Lm.
1123 261 1155 302 1.
1173 259 1340 299 Ems‘r.
1356 260 1503 300 supr.
1587 260 1671 302 359

121 388 281 430 ticulum
307 387 345 426 εἰ
369 400 441 438 pro
469 388 606 438 partic.
636 387 821 439 temporis
850 384 1012 436 habere,
1051 387 1163 437 quia,
1194 390 1235 424 ut
1263 385 1383 425 semel
1413 386 1537 424 dicam
1566 388 1669 437 quod

127 459 276 507 sentio,
306 457 442 508 partic.
470 457 508 493 si
537 468 729 507 nunquam
758 455 1075 506 significationem
1103 454 1330 493 conditionis
1357 468 1517 506 prorsus
1547 456 1669 507 depo-

118 527 196 566 nit.
252 525 413 564 Praeter
440 523 667 563 Lambinum
701 523 828 562 multis
858 524 907 561 ad
945 523 983 561 h.
1011 522 1037 560 l.
1075 523 1256 575 exemplis
1296 536 1403 562 suam
1439 525 1668 563 sententiam

125 593 350 648 probantem
377 592 487 632 aliter
515 606 666 644 quoque
695 593 862 631 sentiunt
889 592 1030 630 Heind.
1057 592 1107 629 ad
1136 592 1218 629 Sat.
1241 594 1281 641 2,
1311 591 1353 641 3,
1388 593 1453 634 10.
1510 593 1666 632 Ruhnk.

125 663 176 702 ad
205 662 367 701 Terent.
397 661 552 700 Phorm.
585 662 634 712 1,
664 663 705 710 2,
734 661 802 701 69.
861 659 986 711 Heyn.
1018 664 1057 697 et
1086 659 1245 710 Forbig.
1278 660 1327 697 ad
1360 659 1466 712 Virg.
1497 661 1592 700 Aen.
1625 661 1666 712 5,

124 729 195 771 64.
255 730 353 769 Cum
380 730 440 768 his
469 730 570 768 conf.
601 728 790 767 Giinther.
821 726 961 766 Athen.
984 729 1016 766 Ι.
1043 730 1081 770 2.
1112 742 1152 780 p.
1177 728 1272 770 266.
1331 728 1466 768 Jacob.
1494 730 1534 767 in
1554 730 1665 768 Jahn.

123 799 282 838 Jahrbb.
317 800 441 841 1828.
469 797 536 836 Ill.
567 799 607 840 2.
635 811 676 848 p.
710 796 804 839 132.
862 795 998 835 Verbis
1026 801 1153 835 autem
1182 796 1364 835 Albanis
1395 796 1528 835 illinet
1554 799 1666 849 agris

122 881 201 907 non
227 869 412 907 indicatur
439 879 536 903 rara
558 865 621 903 nix
643 864 735 914 alta,
764 869 808 904 ut
826 865 910 903 Fea
930 865 1002 903 sibi
1031 866 1251 917 persuadet,
1282 867 1352 904 sed
1379 867 1502 917 prima
1531 867 1666 917 hiems,

122 941 165 975 ut
191 940 297 974 recte
325 937 444 974 sentit
476 933 664 972 oremus.
723 933 786 971 Cf.
812 933 891 972 od.
925 934 968 984 3,
1000 934 1068 983 23,
1099 935 1168 975 10.
1198 934 1331 972 nivali
1354 934 1526 986 Algido.
1586 935 1666 977 Cic,

121 1005 172 1042 de
191 1003 279 1042 Div.
301 1005 342 1053 1,
374 1004 442 1044 11.
470 1002 645 1040 tumulos
663 1001 832 1040 Albano
858 1003 902 1039 in
930 1010 1062 1039 monte
1088 1003 1256 1041 nivales.
1318 1003 1474 1042 Lucret.
1496 1003 1536 1052 5,
1567 1001 1665 1044 745.

130 1071 311 1110 Tandem
338 1069 485 1108 bruma
513 1072 641 1109 niveis
666 1070 799 1124 affirt.
860 1070 922 1110 De
950 1071 1111 1109 Horatio
1145 1072 1296 1123 frigoris
1324 1072 1546 1122 impatiente
1578 1070 1666 1109 vide

119 1140 276 1181 Acron.
305 1145 346 1179 et
375 1138 512 1178 Schol.
553 1137 673 1192 Grnq.
703 1140 790 1178 loco
819 1151 935 1191 supra
962 1139 1116 1178 laudato
1146 1145 1186 1179 et
1218 1141 1266 1178 de
1293 1139 1442 1178 nivibus
1471 1139 1536 1177 illo
1564 1144 1664 1178 tem-

118 1222 215 1260 pore
240 1208 561 1259 frequentioribus
591 1221 705 1259 quam
731 1221 831 1246 nunc
862 1207 1064 1246 Schmidii
1098 1208 1388 1260 expositionem.
1425 1231 1483 1237 —
1518 1207 1564 1245 V.
1597 1209 1662 1249 11.

118 1277 198 1315 Ad
222 1289 333 1314 mare
361 1276 466 1314 desc.
497 1284 609 1316 vates
639 1284 745 1314 tuus.
806 1277 852 1315 In
880 1278 1086 1328 postremis
1107 1277 1250 1327 verbis,
1278 1282 1321 1315 ut
1343 1277 1382 1314 in
1409 1276 1467 1314 his
1492 1275 1664 1314 versibus

117 1345 214 1383 mira
240 1346 343 1382 inest
369 1349 408 1383 et
435 1345 679 1384 humanitatis
709 1348 749 1383 et
777 1345 945 1383 caritatis
974 1346 1215 1396 significatio,
1247 1358 1344 1396 quae
1371 1345 1468 1395 fugit
1497 1344 1664 1382 Wielan-

117 1413 202 1452 dios
231 1412 366 1451 melius
395 1413 556 1452 edoctos
590 1419 631 1452 et
659 1413 877 1452 edocendos
908 1425 932 1450 a
960 1413 1030 1451 Fr.
1064 1413 1248 1452 Jacobsio
1278 1427 1317 1465 p.
1353 1411 1432 1455 141
1460 1426 1547 1464 sqq.
1606 1413 1665 1451 Ita

117 1482 224 1520 vatis
260 1482 385 1518 amici
420 1482 498 1520 Od.
528 1484 576 1532 2,
615 1482 665 1531 6,
705 1479 774 1524 24.
808 1481 900 1532 ibiq.
929 1481 1084 1520 Mitsch.
1115 1488 1156 1521 et
1197 1483 1299 1521 conf.
1328 1482 1442 1520 Voss.
1471 1482 1520 1520 ad
1555 1481 1661 1532 Virg.

114 1549 199 1588 Ecl.
231 1550 281 1600 9,
332 1548 402 1591 34.
478 1550 614 1588 Verbis
650 1549 725 1586 illis
754 1549 814 1587 acl
839 1562 950 1586 mare
979 1563 1093 1600 quum
1120 1551 1309 1601 Cruquius
1336 1549 1471 1588 urbem
1499 1549 1662 1600 aliquam

114 1619 344 1658 maritimam
372 1631 532 1670 eamque
571 1619 787 1655 Tarentum
816 1617 1069 1669 significatam
1098 1620 1176 1658 Od.
1209 1622 1260 1669 2,
1291 1620 1341 1669 6,
1374 1618 1426 1658 13
1452 1631 1537 1668 sqq.
1568 1632 1662 1656 con-

109 1688 290 1740 jecisset,
332 1692 466 1725 contra
494 1699 581 1724 eum
607 1686 662 1724 ita
693 1687 857 1725 surrexit
884 1687 1098 1725 Rodellins
1110 1715 1127 1733 ,
1155 1692 1199 1726 ut
1224 1687 1322 1726 hanc
1351 1685 1482 1724 urbem
1511 1691 1662 1724 centiun

114 1755 260 1794 distare
290 1755 408 1794 leucis
438 1754 486 1792 ab
516 1754 620 1805 agris
649 1752 808 1792 Albanis
841 1760 881 1794 et
907 1755 1058 1794 Horatii
1085 1755 1188 1806 villa,
1218 1757 1514 1807 propioremque
1545 1754 1662 1804 igitur

112 1825 152 1863 in
191 1823 402 1875 Campania
442 1823 555 1862 sitam
593 1822 877 1873 intelligendam
918 1836 1004 1862 esse
1043 1824 1203 1861 diceret.
1274 1822 1461 1860 Rodellii
1499 1823 1662 1872 vestigia

113 1892 283 1943 quodam
309 1892 424 1930 modo
450 1905 572 1943 nuper
595 1890 690 1942 legit
717 1891 1034 1937 Bonstettenizw,
1064 1904 1178 1942 quum
1209 1889 1385 1930 Schellio
1412 1903 1491 1928 non
1516 1891 1662 1941 impro-

113 1959 231 1998 bante
263 1959 477 1997 Wielandic·
503 1961 722 2011 opinionem
751 1960 864 1998 urbes
898 1961 1144 2009 Surrentum,
1181 1958 1331 1997 Veliam
1359 1958 1419 1996 vel
1446 1959 1659 1997 Tarentum

112 2026 362 2078 intelligentis
398 2027 635 2078 improbaret
672 2032 712 2065 et
743 2028 966 2078 propiorem
992 2027 1129 2064 Ostiae
1158 2039 1267 2065 oram
1297 2027 1502 2064 indicatam
1529 2028 1657 2077 conje—

114 2099 251 2134 ctaret.
309 2093 398 2131 Vid.
425 2107 504 2132 von
531 2095 787 2131 Bonstettens
810 2094 959 2144 „Reise
986 2095 1027 2131 in
1055 2093 1117 2130 die
1142 2092 1261 2131 klass.
1292 2094 1507 2144 Gegenden
1534 2095 1656 2133 Roms

112 2185 171 2193 —
191 2161 406 2201 bearbeitet
428 2175 504 2200 von
531 2161 583 2199 K.
614 2161 664 2199 G.
695 2160 891 2200 Schelle.“
919 2160 952 2198 I.
980 2173 1020 2210 p.
1045 2161 1141 2201 187.
1171 2161 1240 2200 88.
1297 2160 1536 2212 Aliquamdiu
1559 2161 1657 2199 hanc

112 2231 342 2270 sententiam
371 2242 444 2280 ego
472 2230 558 2281 ipse
580 2230 698 2268 tuitus
720 2241 802 2266 sum
823 2229 863 2266 in
888 2227 949 2266 ed.
980 2227 1177 2277 Schmidii,
1206 2232 1248 2266 at
1269 2241 1369 2266 nunc
1394 2241 1441 2266 eo
1465 2227 1655 2266 lubentius

111 2313 198 2339 eam
222 2303 352 2349 muto,
401 2311 478 2348 quo
506 2298 702 2336 humanius
731 2296 770 2334 in
797 2295 917 2333 literis
949 2295 999 2332 ad
1026 2307 1088 2332 me
1117 2295 1218 2333 datis
1244 2296 1403 2334 meliora
1430 2309 1492 2335 me
1526 2296 1655 2335 docuit

111 2369 316 2414 Huthius,
343 2366 410 2404 Vir
439 2366 679 2404 Clarissimus
697 2362 749 2414 *).
808 2361 1023 2400 Calabriam
1050 2367 1090 2401 et
1115 2362 1176 2400 hie
1202 2367 1243 2402 et
1265 2363 1389 2415 Epist.
1415 2365 1455 2414 1,
1485 2363 1552 2414 15,
1584 2365 1652 2405 18·

224 2527 267 2580 *)
286 2531 412 2566 Verba
430 2529 512 2566 Viri
536 2527 736 2565 doctissimi
757 2527 847 2562 haec
871 2530 974 2561 sunt:
1004 2527 1075 2572 „In
1099 2527 1170 2561 den
1194 2528 1350 2563 Worten
1371 2530 1418 2563 ad
1441 2539 1540 2563 mare
1557 2529 1652 2563 kann

110 2588 172 2624 ich
190 2600 258 2623 nur
283 2588 365 2622 eine
384 2588 640 2633 Bezeichnung
660 2587 725 2621 der
750 2584 906 2630 Gegend
926 2595 999 2618 von
1015 2586 1158 2619 Tarent
1182 2585 1318 2620 finden.
1375 2585 1491 2620 Dafiir
1511 2586 1652 2631 spricht

111 2645 430 2692 augenscheinlich
456 2646 502 2680 V.
517 2642 577 2680 45.
636 2645 754 2678 Wenn
770 2642 894 2676 Horaz
921 2641 1006 2675 dort
1027 2647 1131 2686 sagt:
1161 2641 1246 2676 mihi
1263 2643 1338 2687 jam
1361 2654 1433 2677 non
1454 2642 1557 2688 regia
1575 2644 1650 2677 Ro-

110 2714 188 2748 ma,
209 2703 286 2737 Sed
309 2713 459 2737 vacuum
485 2702 605 2736 Tibur
628 2701 750 2747 placet
768 2704 830 2734 aut
848 2698 992 2732 imbelle
1018 2699 1238 2741 Tarentum3
1269 2711 1310 2734 so
1337 2700 1432 2734 kann
1450 2711 1529 2734 man
1549 2700 1651 2735 diese

111 2761 245 2795 Worte
268 2757 370 2794 nicht.
393 2771 467 2794 von
487 2758 602 2793 einem
623 2759 682 2793 fiir
707 2759 776 2793 den
790 2756 942 2791 Dichter
968 2755 1052 2789 dort
1066 2756 1422 2793 wanscherzswmhen
1435 2763 1548 2793 steten
1561 2757 1650 2792 Auf-

113 2817 255 2852 enthalt.
281 2817 491 2851 verstehen.
562 2815 693 2850 Dieser
725 2814 933 2858 Erkliirung
960 2812 1218 2858 widerspricht
1241 2814 1352 2847 schon
1380 2814 1444 2848 das
1467 2826 1560 2860 ganz
1583 2816 1648 2849 be-

112 2874 250 2909 stimmt
270 2873 587 2919 ausgesprochene
608 2875 749 2918 placet,
775 2871 931 2906 welches
954 2868 1033 2904 hier
1053 2869 1214 2905 dieselbe
1232 2870 1446 2917 Bedeutung
1466 2872 1547 2916 hat,
1577 2872 1649 2907 wie

115 2931 189 2966 Od.
209 2931 246 2975 3,
270 2927 307 2974 4,
335 2932 379 2966 22
396 2943 497 2977 sqq-2
517 2941 582 2964 seu
600 2930 686 2965 mihi
704 2928 876 2974 frigidum
895 2928 1116 2972 Praeneste,
1140 2939 1204 2962 seu
1228 2928 1348 2963 Tibur
1371 2928 1534 2976 supinum
1547 2955 1557 2973 ,
1583 2940 1664 2964 seu.

114 2987 276 3035 liquidae
300 2988 470 3034 placuere
491 2987 624 3033 Baiae,
662 2999 720 3023 wo
740 2986 805 3022 das
836 2984 1015 3032 placuisse
1032 2985 1206 3020 ebenfalls
1225 2997 1292 3021 nur
1310 2984 1415 3022 einen
1437 2986 1647 3023 wirklichen
