2028 3268
281 237 655 277 COMMENTARII
683 238 737 274 IN
763 235 985 274 HORATII
1009 233 1182 273 EPIST.
1214 235 1357 275 PRIM.
1386 234 1487 272 LIB.
1517 235 1550 272 Ι.
1634 231 1691 273 69

140 343 336 403 Ὀλύμπια
356 346 648 402 ἐστεφανώθην
667 356 706 388 et
723 349 889 389 Lucian.
913 347 963 386 de
985 346 1160 386 merced.
1182 345 1300 385 cond.
1323 346 1388 387 13.
1413 349 1504 398 (III.
1526 361 1568 399 p.
1590 347 1687 389 230.

141 418 256 471 Bip.)
281 412 315 459 ὦ
336 414 529 471 μακάριε,
558 417 627 459 καὶ
649 417 812 470 ἔστεψαι
839 414 887 457 τοὶ
921 411 1132 468 Ὀλύμπια.
1169 418 1392 454 Icaromen.
1415 415 1502 453 VII.
1531 427 1572 465 p.
1590 413 1687 453 392.

143 489 371 540 στεφθῆναι
389 484 437 527 τοὶ
454 482 653 539 Ὀλύμπια
670 487 767 540 ibiq.
789 487 910 524 Gesn.
926 485 1020 523 Pari
1044 483 1166 522 modo
1185 486 1320 540 νικᾷν,
1345 477 1469 522 θύειν
1483 478 1687 532 (Xenoph.

140 555 270 593 Anab-
292 557 330 603 1,
350 557 390 604 2,
420 554 526 606 10.),
558 558 759 608 Χορηγεῖν
796 552 1025 606 (Demosth.
1051 551 1150 590 Mid.
1179 549 1216 604 ξ.
1241 549 1348 602 64.),
1378 549 1544 588 Aristot.
1569 546 1687 587 Rhet.

145 623 191 671 1,
226 622 274 670 2,
298 621 362 662 13.
395 622 636 674 στεφανίτην
670 618 807 676 ἆγοῖνα
834 622 1058 674 νενίκηκεν.
1102 618 1310 658 Plutarch.
1340 619 1426 657 Cat.
1461 618 1557 669 maj.
1585 630 1620 654 c.
1649 615 1687 657 5.

141 690 279 729 Solon.
299 703 331 728 c.
354 690 422 730 23.
455 691 620 728 Lucian.
634 689 750 730 Char.
766 693 831 733 17.
850 692 948 744 ibiq.
964 690 1109 728 Elster.
1126 702 1165 740 p.
1178 687 1246 729 43.
1277 683 1501 741 ἀριστεύειν
1512 683 1686 724 Theocr.

146 757 219 806 15,
242 758 310 798 98.
340 758 439 811 ibiq.
471 761 675 798 Wiistem.
733 761 794 799 cf.
826 762 963 798 Herm.
993 757 1045 795 ad
1068 758 1203 808 Viger.
1236 772 1276 809 p.
1307 754 1404 798 754.
1444 752 1589 792 Matth.
1618 753 1687 791 Gr.

143 827 266 878 ampl·
287 828 336 863 ῙῙ-
359 823 395 879 §·
416 825 512 868 409.
530 842 570 880 p.
589 826 685 869 746.
744 830 861 866 Hunc
880 840 999 866 usum
1021 824 1216 878 loquendi
1244 826 1393 863 imitati
1421 830 1517 863 sunt
1540 822 1687 870 Latini,

143 901 189 931 ut
205 896 362 932 Ennius
384 908 447 947 ap.
482 897 563 934 cic.
590 896 639 934 de
660 897 818 935 Senect.
839 897 877 937 5.
923 896 1031 935 Vicit
1064 893 1254 945 Olympia
1263 909 1280 942 ;
1319 901 1359 932 et
1382 894 1439 931 ibi
1473 890 1621 931 Ochsn.
1646 890 1689 927 in

143 964 282 1015 Eclog.
305 977 344 1015 p.
362 963 458 1004 275.
486 966 581 1003 Hor.
610 967 660 1002 A.
682 967 727 1002 Ρ.
751 963 846 1005 414.
878 966 950 1017 qui
969 963 1122 1015 Pythia
1144 969 1311 1008 cantat,
1341 963 1366 1000 i.
1393 976 1426 999 e.
1457 963 1500 998 in
1516 958 1688 1013 Pythiis,

143 1033 357 1084 interprete
379 1032 519 1071 Mattio
541 1034 570 1071 l.
593 1035 620 1071 l.
641 1035 681 1082 2,
705 1033 770 1073 15.
803 1032 994 1070 laudante
1017 1034 1122 1070 Plin.
1144 1033 1194 1068 H.
1215 1033 1261 1069 N.
1280 1031 1350 1080 35,
1372 1030 1438 1071 15·
1474 1037 1513 1067 et
1524 1029 1686 1081 Apu-lej-

143 1098 194 1136 de
213 1100 356 1151 Dogm.
377 1101 479 1138 Plat.
507 1115 546 1152 p.
571 1102 667 1143 250.
711 1102 803 1138 Alia
824 1100 1083 1152 suppeditant
1108 1097 1274 1138 Ruhnk.
1309 1097 1362 1136 ad
1383 1099 1526 1149 Vellej.
1554 1099 1600 1146 1,
1633 1097 1687 1145 8.,

141 1170 269 1206 Beier.
295 1167 346 1206 ad
370 1170 450 1207 Cic.
476 1170 599 1208 Oratt.
622 1172 782 1220 Fragin.
806 1183 846 1221 p.
860 1167 927 1209 43.
951 1176 990 1206 et
1010 1167 1243 1207 Schmidius
1268 1166 1319 1204 ad
1342 1165 1383 1204 h.
1395 1167 1422 1204 l.
1440 1188 1497 1194 -—
1517 1178 1688 1216 magna,

142 1243 212 1274 aut
235 1251 308 1289 per
324 1239 609 1275 excellentiam
627 1239 843 1276 certamina
862 1238 1071 1289 Olympica
1084 1266 1094 1286 ,
1125 1235 1242 1274 Pind.
1267 1237 1325 1276 Ol.
1349 1236 1389 1285 3,
1409 1234 1476 1275 37.
1507 1235 1689 1286 μεγαλων

143 1301 301 1345 οἷὲθλων
325 1303 453 1360 ἆγνοὶν
481 1307 634 1359 κρίσιν,
666 1312 734 1344 aut
753 1319 875 1343 sensu
906 1306 1128 1356 angustiori
1151 1306 1307 1342 Pisaea.
1349 1303 1515 1340 Lucian.
1538 1299 1686 1339 Herod.

146 1375 183 1414 1·
204 1371 400 1413 ἐνίσταται
413 1370 612 1426 Ὀλύμπια
628 1371 677 1414 τοὶ
696 1374 845 1427 μεγάλα
866 1387 957 1412 cum
981 1375 1239 1412 annotatione
1259 1375 1299 1411 J.
1319 1372 1493 1409 Pahneri
1516 1369 1567 1407 ad
1585 1372 1689 1407 Her—

142 1440 294 1478 monid.
315 1440 354 1482 4.
376 1442 456 1492 [IV.
475 1456 516 1494 p.
538 1443 633 1484 515.
651 1441 810 1495 Lehm.]
842 1443 901 1480 cf.
919 1443 1025 1480 Scal.
1046 1443 1195 1480 Poetic.
1221 1445 1258 1491 1,
1278 1441 1346 1481 23.
1368 1438 1438 1481 24.
1458 1446 1497 1477 et
1512 1439 1687 1490 Boettig.

143 1508 195 1546 ad
214 1508 274 1547 Od
305 1508 345 1558 4,
365 1511 405 1558 2,
430 1512 495 1551 17.
520 1534 576 1538 -
597 1513 797 1557 coronari,
820 1512 914 1564 quia
938 1513 1109 1549 victores
1132 1511 1334 1564 Olympici
1354 1509 1598 1547 ornabantur
1619 1521 1688 1545 co-

142 1578 250 1615 ronis
285 1591 337 1614 ex
371 1579 531 1616 oleastri
564 1580 684 1617 ramis
722 1579 877 1618 duobus
901 1581 968 1618 vel
991 1593 1072 1617 uno
1107 1580 1297 1618 continuo
1326 1577 1482 1629 plexis,
1509 1575 1592 1616 vid.
1617 1577 1683 1613 M.

146 1645 378 1682 Sclzmeizel.
415 1645 464 1683 de
487 1647 652 1685 Coronis
673 1655 748 1686 etc.
766 1663 807 1700 p.
831 1646 1054 1696 104—10.‚
1087 1648 1138 1684 cf.
1163 1646 1328 1685 Mader.
1360 1645 1410 1683 de
1429 1645 1596 1684 Coronis
1609 1651 1684 1682 etc.

141 1727 181 1765 p.
214 1715 299 1762 11.‚
328 1715 492 1751 Lucian.
526 1714 575 1752 de
600 1717 790 1768 Gymnas.
829 1718 868 1757 9.
898 1718 984 1755 VII.
1008 1730 1048 1768 p.
1083 1717 1176 1757 160.
1207 1716 1296 1767 Bip.
1339 1715 1578 1766 Quanquam
1604 1712 1686 1750 illis

141 1781 248 1819 ludis
277 1783 398 1820 etiam
421 1783 588 1834 palmae
613 1787 828 1824 victoribus
856 1783 1053 1822 dabantur
1081 1783 1194 1836 (Liv.
1227 1783 1300 1831 10,
1324 1780 1400 1831 47,
1425 1782 1480 1831 3·,
1510 1782 1684 1832 Boeffig·

142 1849 193 1887 ad
208 1849 280 1887 Od-
297 1848 336 1899 4,
361 1853 401 1899 2,
431 1851 511 1900 18.,
542 1854 694 1891 Vitruv.
714 1855 840 1905 praef.
862 1854 930 1891 lib.
954 1855 993 1894 9.
1016 1868 1058 1905 p.
1075 1852 1171 1894 352.
1203 1851 1253 1888 cf.
1269 1850 1455 1888 Kuinoel.
1478 1849 1530 1887 ad
1540 1848 1684 1887 Matth.

142 1921 210 1967 21,
235 1918 275 1958 8·
289 1948 298 1966 ,
328 1919 433 1956 ΕΘΠ-
451 1921 491 1968 3,
517 1920 597 1973 6.),
629 1923 753 1959 Poeta
773 1929 909 1959 tamen
927 1923 1094 1960 fortasse
1115 1920 1244 1971 magis
1266 1920 1443 1971 respexit
1462 1917 1513 1956 ad
1535 1921 1686 1957 Roma-

143 1997 287 2022 norum
311 1999 486 2036 morem,
518 2001 596 2040 quo
618 1989 926 2041 gladiatoribus,
959 1991 1169 2029 victoriam
1194 1988 1348 2040 adeptis
1363 2019 1373 2038 ,
1397 1987 1545 2039 palma
1566 2001 1685 2039 prae—

145 2053 218 2089 mii
237 2052 326 2090 loco
352 2053 437 2090 dari
454 2056 619 2104 solebat,
641 2057 722 2095 vid.
743 2058 948 2097 Eichstad.
975 2058 1026 2096 ad
1049 2055 1213 2096 Ruhnk.
1232 2059 1370 2110 Antiq.
1390 2059 1506 2095 Rom.
1528 2058 1620 2094 XX.
1644 2070 1684 2107 p.

145 2122 185 2160 7.
204 2127 287 2158 not.
317 2119 383 2160 59.
413 2129 452 2158 et
483 2124 532 2160 cf.
559 2124 707 2175 scalig.
736 2128 849 2164 Poet.
879 2129 926 2175 1,
949 2126 1018 2166 36.
1077 2127 1199 2164 Orell.
1242 2128 1363 2164 Inscr.
1394 2126 1520 2166 2587.
1550 2125 1687 2162 Etiam

143 2189 332 2239 Virgilius
352 2189 424 2225 Ge·
440 2190 480 2237 3,
506 2188 572 2231 49.
594 2191 645 2228 ad
674 2192 854 2231 studium
879 2195 1144 2231 certaminum
1167 2195 1369 2231 curulium
1391 2192 1686 2244 designandum

143 2256 263 2295 habet
292 2257 570 2307 Olympiacam
581 2259 771 2310 palmam
781 2276 798 2309 ;
825 2284 882 2289 -—
908 2261 1038 2300 dulcis
1055 2260 1122 2299 hic
1141 2269 1306 2300 vocatur
1325 2275 1410 2300 non
1432 2261 1481 2299 ob
1503 2259 1686 2298 dulcedi—

142 2340 238 2364 nem
257 2327 407 2363 fructus
430 2325 553 2378 (Plin.
572 2330 621 2364 H.
642 2331 687 2366 N.
712 2330 785 2379 13,
810 2329 869 2382 4.)
899 2329 971 2369 sed
988 2331 1038 2369 ob
1060 2329 1356 2381 jucunditatem
1380 2329 1538 2381 quietae
1556 2330 1685 2367 victo—

144 2396 237 2444 riae,
266 2402 311 2432 ut
330 2395 407 2431 alia
429 2396 581 2433 ratione
594 2396 742 2447 palma
762 2397 906 2435 nobilis
924 2398 996 2437 Od.
1019 2401 1057 2448 1,
1080 2401 1118 2448 1,
1140 2399 1192 2448 5.‚
1222 2397 1347 2435 dubia
1366 2399 1461 2436 Juv.
1485 2398 1551 2445 11,
1576 2398 1684 2447 179.‚

141 2463 286 2501 stolida
310 2463 423 2501 Ovid.
443 2465 539 2500 Met.
562 2466 601 2513 6,
628 2465 719 2513 50.,
752 2465 928 2516 dffcilis
958 2469 1039 2506 Cic.
1065 2467 1242 2519 Philipp.
1274 2468 1348 2515 11,
1377 2464 1416 2506 5.
1447 2466 1575 2512 Quare
1599 2464 1683 2504 dis-

142 2532 270 2569 sentio
291 2544 314 2568 a
331 2533 504 2571 Baxtero
523 2539 563 2569 et
578 2531 816 2572 Hochedero
831 2563 842 2582 ,
871 2536 941 2587 qui
967 2534 1045 2574 hoc
1073 2534 1279 2588 epitheton
1296 2533 1348 2572 ad
1368 2533 1483 2571 cond.
1512 2541 1551 2572 et
1575 2548 1684 2585 spem

143 2598 397 2637 referendum
413 2607 578 2652 putant3
611 2615 843 2655 quanquam
858 2617 941 2643 non
959 2606 1067 2642 male
1086 2604 1256 2641 dicitur:
1277 2603 1375 2656 „qui
1395 2604 1567 2654 gaudeat
1583 2616 1682 2641 con-

143 2667 330 2706 ditione“
353 2675 428 2706 etc.
447 2691 501 2699 —
520 2671 604 2708 sine
617 2670 805 2721 pulvere,
824 2673 850 2709 i.
873 2686 906 2710 e.
938 2667 1096 2713 οἷκονιτὶ
1119 2679 1159 2710 et
1183 2668 1420 2725 οἷναιμακτίς
1451 2671 1566 2708 nullo
1588 2685 1681 2709 cum

141 2737 319 2788 periculo
343 2738 627 2791 incruentaque
650 2740 813 2778 victoria
836 2740 960 2793 (Gell.
987 2741 1034 2790 5,
1061 2741 1141 2793 6.),
1171 2741 1238 2778 vel
1259 2742 1356 2778 citra
1383 2746 1605 2788 certamen,
1636 2747 1681 2778 ut

141 2806 262 2857 plane
282 2818 364 2842 non
381 2806 434 2843 sit
458 2805 713 2857 certandum3
746 2807 1018 2861 „metaphora
1048 2815 1222 2860 sumpta,
1235 2811 1260 2830 “
1290 2815 1336 2846 ut
1360 2815 1450 2846 utar
1475 2809 1607 2847 verbis
1628 2810 1678 2847 H.

141 2871 336 2925 Stephani
353 2874 395 2910 in
412 2872 536 2912 Thes.
557 2876 655 2927 ling.
677 2890 807 2928 graec.
830 2878 916 2917 sub.
936 2891 1023 2916 voc.
1046 2873 1269 2931 Κόνιτρον,
1300 2907 1324 2926 ‚‚
1336 2878 1386 2916 ab
1407 2875 1588 2926 athletis,
1610 2878 1679 2930 qui

142 2941 186 2979 in
207 2942 484 2994 congressibus
505 2957 650 2984 manus
668 2947 834 2998 pulvere
859 2944 1036 2999 quodam
1059 2946 1394 2999 conspergebant,
1420 2960 1471 2984 ne
1488 2953 1616 2985 tactus
1637 2947 1679 2984 in
