2054 3268
258 258 635 301 COMMENTARII
662 257 719 295 IN
747 253 970 295 HORATII
999 251 1172 292 EPIST.
1202 249 1348 290 PRIM.
1386 249 1489 288 LIB.
1518 250 1551 287 1.
1650 242 1705 285 27

151 377 192 418 7.
221 389 262 429 p.
281 374 378 416 809.
395 371 460 413 his
484 385 580 411 usus
602 369 757 410 verbis:
788 367 952 418 „Prima
974 378 1070 404 vero
1099 364 1283 418 Epistola
1303 362 1447 416 quovis
1466 359 1589 399 melle
1611 357 1706 396 dul-

153 445 237 484 cior
268 450 342 483 est.
435 440 668 481 Sententiae
714 436 942 490 appositae,
978 433 1100 472 dictio
1137 439 1245 471 casta
1262 461 1273 481 ,
1324 428 1497 469 rotunda
1513 458 1524 478 ,
1555 428 1706 467 suavis.

152 512 401 563 Quapropter
427 510 596 548 arbitror
626 512 873 560 postremam
902 503 1087 542 omnium
1121 502 1292 548 factam,
1326 499 1500 551 primam
1532 497 1707 550 positam

153 578 205 616 ob
232 577 482 615 luculentam
510 575 755 613 raritatem.“
786 593 838 600 ——
898 572 1088 609 Horatius
1110 571 1154 608 in
1179 568 1256 607 hac
1273 567 1457 620 Epistola
1482 565 1706 603 Maecenati

153 658 250 693 suo,
280 646 351 698 qui
367 645 503 697 ipsum
525 641 576 680 ad
598 643 744 696 lyrica,
769 640 857 692 lyra
871 639 956 690 jam
985 638 1167 691 deposita
1184 667 1194 686 ,
1238 637 1429 674 incitasse
1456 633 1639 683 videtur,
1662 647 1707 672 se

150 712 236 763 jam
266 718 351 751 toto
372 713 508 750 animo
540 706 821 764 philosophari
849 707 955 744 velle
981 720 1066 746 non
1093 707 1180 744 sine
1209 705 1448 742 facetiarum
1480 703 1707 741 urbanitate

153 778 374 833 profitetur.
446 777 530 818 Sed
555 790 682 832 quum
718 788 809 814 eam
830 774 1069 827 sapientiam
1095 780 1306 826 sequatur,
1342 785 1421 825 qua
1448 785 1581 810 mores
1607 785 1707 810 con—

154 847 378 885 formentur
407 859 590 900 quaeque
620 846 811 883 virtutem
841 843 1085 880 altissimum
1114 843 1250 880 locum
1279 841 1323 877 iu
1351 838 1518 879 homine
1548 847 1588 878 et
1616 853 1706 878 ma-

155 915 268 953 xime
297 917 566 954 excellentem
594 921 730 952 tenere
760 909 928 959 doceat,
958 911 1095 948 omnia
1125 911 1204 947 alia
1221 939 1231 958 ,
1263 908 1408 962 quibus
1438 909 1508 946 alii
1535 915 1708 946 tenean-

155 988 242 1032 tur,
271 983 403 1022 studia
426 996 499 1036 pro
529 981 715 1020 inanibus
746 975 933 1016 habenda
962 983 1001 1014 et
1027 984 1163 1029 aperte
1194 983 1234 1014 et
1265 983 1370 1014 tecte
1399 976 1564 1015 indicat.
1621 979 1707 1015 Im·-

154 1052 294 1103 primis
322 1053 442 1090 illum
470 1056 563 1088 ante
592 1049 731 1088 oculos
759 1046 875 1098 ponit
903 1045 1050 1083 mentis
1081 1059 1283 1095 errorem,
1332 1059 1412 1099 quo
1448 1044 1635 1084 homines
1666 1052 1708 1082 et

151 1118 197 1156 in
226 1117 374 1158 divitiis
404 1125 444 1158 et
474 1118 518 1156 in
547 1115 766 1155 honoribus
796 1114 918 1152 sitam
947 1126 1035 1151 esse
1063 1120 1207 1166 putent
1235 1114 1495 1162 felicitatem,
1535 1127 1707 1167 eamque

154 1193 432 1226 consectentur
461 1199 543 1224 non
571 1181 796 1223 constantia
824 1180 1025 1235 quadam,
1059 1180 1132 1219 sed
1159 1182 1263 1220 mira
1292 1182 1455 1220 levitate
1487 1194 1540 1220 ex
1579 1183 1707 1220 altera

154 1251 206 1291 ad
234 1253 403 1292 alteram
433 1266 518 1292 rem
548 1250 792 1290 desilientes.
857 1249 1069 1287 Praeterea
1098 1248 1141 1284 in
1185 1246 1261 1286 hac
1290 1249 1378 1302 ipsa
1413 1251 1708 1289 inconstantiae

154 1335 200 1359 ac
228 1321 506 1359 mutabilitatis
534 1320 677 1358 festiva
707 1315 974 1369 descriptione
1003 1317 1100 1356 satis
1130 1315 1294 1366 indicat,
1327 1331 1422 1357 vera
1451 1319 1576 1356 animi
1599 1320 1707 1358 bona

153 1393 313 1425 tantum
341 1388 500 1437 abesse,
530 1394 576 1425 ut
603 1385 788 1426 homines
821 1389 1087 1439 cognoscant,
1128 1391 1174 1421 ut
1211 1386 1279 1423 vel
1307 1387 1482 1430 minima
1510 1401 1583 1439 pro
1614 1402 1706 1426 ma-

155 1456 245 1508 gnis
274 1453 450 1494 habeant
483 1468 713 1509 magnaque
744 1466 882 1492 curare
913 1455 1114 1492 omittant.
1191 1454 1300 1501 Quae
1332 1455 1469 1493 oimiia
1497 1462 1582 1493 tam
1625 1458 1706 1495 levi

154 1529 240 1562 arte
267 1523 371 1562 texit
400 1529 440 1560 et
467 1524 610 1562 miscet
627 1525 775 1572 Poeta,
806 1529 851 1560 ut
880 1522 1080 1575 sapientia
1108 1521 1197 1572 ipsa
1225 1536 1427 1560 summum
1455 1524 1707 1576 intelligatur

154 1591 302 1630 bonum
311 1619 328 1639 ,
359 1592 470 1642 cujus
502 1593 699 1630 contraria
727 1593 780 1631 sit
802 1591 975 1629 stulticia
993 1592 1289 1644 vitiorumque,
1342 1592 1489 1645 quibus
1518 1591 1705 1633 homines

153 1659 233 1699 huc
262 1660 360 1698 illuc
385 1658 616 1709 trahantur,
647 1662 758 1699 varia
789 1659 1024 1698 multitudo.
1090 1658 1214 1697 Vides
1243 1659 1368 1711 igitur
1382 1689 1393 1709 ,
1424 1661 1595 1699 Poetam
1622 1676 1706 1700 non

152 1733 363 1782 poetarum
388 1742 501 1767 more
529 1729 651 1767 verba
680 1729 856 1778 fudisse,
876 1727 947 1767 sed
968 1728 1122 1766 ratione
1143 1733 1183 1764 et
1203 1734 1286 1765 arte
1316 1741 1420 1781 quae
1441 1727 1622 1781 dispersa
1640 1732 1706 1769 vi-

91 1825 93 1827 ·
153 1795 323 1835 deantur
349 1803 390 1835 et
417 1798 494 1836 sibi
514 1798 709 1836 contraria
734 1798 777 1835 iu
806 1811 936 1835 unum
965 1797 1080 1850 quasi
1115 1796 1336 1849 sapientiae
1364 1797 1576 1836 vinculum
1604 1814 1706 1839 con-

152 1866 330 1907 clusisse.
398 1866 561 1915 Cetera,
591 1879 693 1920 quae
713 1865 765 1904 ad
793 1866 1027 1905 interiorem
1055 1864 1348 1903 sententiarum
1377 1867 1705 1919 complexionem

151 1935 373 1987 pertinent,
407 1948 480 1974 suo
508 1934 793 1973 indicabuntur
820 1935 924 1976 loco.

264 2002 415 2050 Quodsi
437 2003 698 2043 Welandius
727 2005 910 2043 observat
923 2033 934 2053 ,
968 2000 1021 2040 ad
1039 2001 1268 2054 Epistolam
1288 1999 1393 2039 hanc
1422 2009 1529 2041 recte
1549 2004 1705 2043 intelli-

152 2068 328 2120 gendam
355 2085 456 2123 opus
486 2085 599 2120 esse,
627 2079 672 2110 ut
702 2072 946 2110 Maecenatis
975 2071 1186 2122 ingenium
1219 2082 1265 2107 ac
1294 2083 1428 2109 mores
1457 2075 1704 2125 noverimus,

153 2136 197 2175 id
225 2137 414 2191 equidem
441 2140 608 2178 minime
632 2141 836 2192 negarim,
865 2138 988 2178 modo
1017 2152 1069 2176 ne
1097 2138 1185 2190 ipse
1209 2138 1389 2176 Senecae
1417 2139 1460 2176 in
1490 2142 1706 2182 Maecena-

151 2207 204 2244 tis
231 2207 411 2246 moribus
435 2206 622 2246 notandis
652 2221 698 2246 ac
733 2207 1050 2260 perstringendis
1082 2206 1230 2259 (Epist.
1264 2203 1361 2246 114.
1390 2207 1505 2260 101.)
1549 2213 1705 2250 acerbi-

151 2275 224 2312 tati
251 2275 426 2313 nimium
451 2283 556 2314 esset
585 2277 812 2315 obsecutus.
889 2277 964 2314 Hic
994 2276 1228 2314 observasse
1256 2275 1353 2312 satis
1385 2276 1460 2313 erit
1489 2278 1705 2318 Maecena-

150 2344 202 2382 tis
231 2356 426 2395 magnum
454 2345 497 2382 in
527 2345 634 2384 vlros
665 2344 804 2383 doctos
835 2351 874 2381 et
902 2345 1107 2395 elegantes
1137 2340 1319 2381 studium
1343 2340 1595 2399 hilaremque
1620 2349 1705 2399 ejus

150 2412 332 2450 animum
355 2413 457 2464 jocis
487 2413 660 2452 aliorum
688 2412 923 2453 commodas
963 2413 1225 2465 praebentem
1257 2423 1395 2459 aures,
1435 2416 1630 2466 majorem
1660 2418 1704 2455 iu

148 2482 399 2532 supellectile
425 2483 616 2534 cultuque
647 2483 821 2534 corporis
852 2483 1027 2520 nitorem
1056 2488 1096 2519 et
1124 2482 1289 2520 omnino
1321 2480 1526 2534 quandam
1555 2486 1704 2523 volun-

149 2555 280 2587 tatum
307 2550 632 2599 inclinationem,
664 2563 744 2604 qua
774 2549 826 2587 ad
844 2551 1085 2602 Epicuream
1111 2548 1413 2602 philosophiam
1440 2552 1703 2605 propendisse

149 2616 370 2656 videbatur.
435 2620 564 2658 Locos
595 2618 647 2657 ad
674 2617 780 2657 hanc
805 2632 891 2656 rem
911 2619 1104 2657 facientes
1132 2619 1308 2660 indicavi
1338 2621 1381 2659 in
1409 2620 1503 2660 edit.
1526 2623 1564 2663 1.
1594 2636 1635 2675 p.
1658 2625 1700 2673 7,

150 2685 390 2738 quibuscum
420 2688 601 2727 conferas
620 2687 833 2726 Meibomii
847 2689 1028 2728 Maecen.
1059 2703 1093 2726 c.
1115 2692 1178 2732 19.
1206 2692 1286 2741 20,
1315 2691 1458 2730 Lionis
1486 2691 1701 2730 Maecena-

148 2755 258 2792 tiana
277 2761 352 2793 etc.
386 2770 428 2808 p.
448 2755 502 2798 14
530 2771 642 2811 sqq.,
682 2757 862 2795 Viseontc·
888 2756 1181 2810 Iconographie
1209 2761 1406 2799 Romaine
1433 2761 1466 2798 I.
1494 2761 1535 2802 2.
1569 2761 1702 2813 p.398

147 2837 262 2877 sqq.,
298 2824 343 2862 C.
371 2823 560 2863 Anthoni
589 2828 761 2865 Excurs.
783 2825 835 2864 ad
865 2824 940 2864 Od.
966 2826 1039 2864 lib.
1059 2829 1110 2865 11.
1144 2828 1188 2865 in
1220 2827 1318 2868 edit.
1350 2832 1535 2869 poemat.
1560 2831 1701 2868 Horat.

146 2891 565 2943 (New-York-Paris
581 2923 592 2943 ,
620 2895 780 2934 Astoin.
804 2893 970 2944 1830.),
997 2894 1042 2932 C.
1061 2896 1238 2934 Ῥαεεον.
1265 2897 1294 2935 L
1320 2898 1350 2936 1.
1366 2911 1407 2950 p.
1427 2899 1700 2937 XLI—XLV.

259 2961 443 3014 Tempus
473 2969 632 3012 autem,
671 2976 751 3017 quo
780 2961 885 3000 hanc
904 2960 1094 3001 Horatius
1124 2963 1327 3017 scripserit
1344 2966 1593 3020 Epistulam,
1624 2965 1699 3005 de-
