2028 3268
355 254 437 297 114

919 253 1300 293 HORATII
1837 253 1864 292 8

417 369 510 416 Nos
543 381 740 414 numerus
776 380 916 412 sumus
951 371 995 412 et
1028 365 1175 426 fruges
1205 377 1450 411 consumere
1485 366 1589 425 nati,

420 446 582 508 Sponsi
611 445 877 504 Penelopae,
918 445 1170 505 nebulones,
1203 444 1450 502 Alcinoique

418 527 469 572 In
502 529 596 571 cute
629 522 813 568 curanda
847 523 943 582 plus
977 535 1110 581 aequo
1144 527 1318 582 operata
1347 525 1562 581 juventus,

420 602 503 652 Oui
549 602 768 663 pulchrum
816 600 896 648 fuit
930 603 974 646 in
1015 600 1175 647 medios
1215 600 1396 646 dormire
1432 599 1522 644 dies
1557 603 1600 643 et

353 775 499 810 Servius
524 775 569 810 ad
583 774 685 818 Virg.
703 774 771 808 Ge.
789 774 820 817 1,
836 773 915 808 400.
969 774 1083 808 Vixis-

349 845 415 867 επ.
449 833 519 866 Ms.
535 831 655 867 Jaeck.
672 829 707 864 5.
724 848 771 854 —
794 831 911 864 caenis
935 831 1084 865 immun-

348 890 429 923 dus.
494 887 565 921 Ed.
598 886 711 920 chab.
754 886 861 930 (inm.
909 887 971 920 Sic
1000 898 1080 921 mss.

347 944 479 989 Lips.).
495 959 543 972 -÷*
560 948 594 978 et
609 944 734 977 amica.
766 943 833 977 Ms.
852 943 972 977 Guelf.
991 945 1022 978 1.
1034 962 1081 967 —

348 1000 394 1034 V.
411 1001 467 1035 27.
514 1011 657 1045 sumus,
679 1000 759 1033 nati
777 1010 979 1035 consumere
993 1002 1080 1044 fru-

347 1067 428 1102 ges.
460 1055 528 1089 Ms.
544 1055 611 1089 Bn.
628 1057 673 1090 F.
710 1055 785 1090 Nos
807 1067 905 1091 num.
931 1056 1081 1090 sumus?

347 1118 382 1147 et
397 1115 451 1157 fr.
470 1123 563 1147 cons.
580 1112 684 1146 nati?
716 1112 778 1145 Sic
799 1111 881 1146 dist.
898 1111 954 1145 ed.
969 1111 1078 1146 Prae-

346 1169 462 1203 dicov.

392 1225 439 1259 V.
465 1225 524 1259 28.
559 1224 767 1270 Penelopae.
806 1224 894 1259 Mss.
911 1236 1001 1259 omn.
1020 1235 1078 1271 ap.

344 1281 454 1316 Pulm.
490 1281 598 1326 Cruq.
630 1286 665 1316 et
684 1282 818 1315 Bersm.
845 1281 998 1326 quinque
1020 1293 1078 1326 ap.

344 1338 468 1372 Lamb.
502 1337 623 1383 optimi
654 1349 712 1382 ap.
744 1337 850 1371 Torr.
891 1342 927 1371 et
963 1335 1079 1371 Bentl.

345 1394 540 1438 quindecim
573 1406 631 1440 ap.
660 1393 741 1427 Val.
774 1403 864 1427 omn.
898 1403 955 1437 ap.
982 1393 1078 1426 Pott.

345 1450 495 1484 sedecim
511 1461 568 1495 ap.
578 1449 645 1484 Fe.
664 1454 699 1484 et
714 1454 867 1484 notatum
883 1448 920 1481 in
937 1448 1079 1483 laudata

347 1507 402 1541 ed.
412 1507 492 1541 Ald.
505 1518 594 1540 omn.
614 1506 670 1549 (ut
685 1505 864 1548 videntur)
883 1516 940 1550 ap.
955 1505 1077 1540 Oberl.

345 1569 381 1598 et
404 1564 538 1606 Comb„
561 1562 622 1606 qui
644 1562 770 1596 nullam
796 1563 990 1608 scripturae
1013 1573 1078 1596 va-

346 1620 505 1654 rietatem
528 1623 757 1660 annotarunt;
791 1618 837 1653 al.
870 1630 927 1664 ap.
959 1618 1078 1652 Jaeck.

343 1675 412 1709 Bn.
438 1687 527 1709 omn.
546 1674 664 1708 Guelf.
690 1674 725 1708 3.
750 1674 784 1708 4.
807 1675 911 1708 Dess.
930 1680 964 1708 et
979 1675 1079 1720 Lips.

344 1743 436 1766 omn.
462 1731 571 1765 Goth.
599 1731 699 1764 Gott.
723 1731 756 1764 1.
785 1731 819 1764 2.
844 1731 954 1764 Dorv.
982 1732 1014 1765 1.
1042 1732 1076 1765 2.

343 1787 435 1833 (pe).
481 1787 614 1820 Graev.
647 1785 792 1820 Mentel.
838 1786 920 1820 Vid.
949 1798 985 1821 v.
1019 1787 1077 1821 23.

342 1845 389 1879 V.
407 1845 465 1879 27.
491 1849 526 1878 et
540 1843 597 1877 28.
620 1841 740 1876 laudat
753 1842 953 1877 Priscianus
970 1843 1003 1887 6,
1023 1843 1077 1885 17,

341 1902 399 1936 88.
427 1901 482 1946 (p.
507 1899 588 1934 209.
616 1899 671 1932 ed.
695 1899 779 1933 Bas.
804 1899 901 1942 554.)
926 1902 962 1932 et
983 1900 1016 1941 7,
1042 1898 1076 1933 4,

343 1958 398 1992 12.
433 1959 486 2002 (p.
502 1955 581 1990 223.
601 1954 657 1988 ed.
674 1955 795 1998 Bas.),
828 1955 890 1989 ubi
912 1954 1077 1989 Krehlius

341 2013 483 2047 latinam
494 2010 769 2046 terminationem
785 2011 957 2056 reposuit.
983 2011 1075 2045 Edd.

339 2069 462 2104 Lamb.
490 2069 598 2113 Cruq.
625 2067 713 2101 Min.
736 2068 870 2101 Bersm.
897 2067 1005 2100 Torr.
1041 2070 1077 2100 et

340 2125 452 2172 plerq.
468 2129 615 2159 recentt.
643 2125 844 2168 Penelopes.
869 2123 954 2156 Mss.
971 2122 1074 2166 reliq.

342 2187 377 2217 et
393 2181 472 2216 edd.
489 2181 599 2226 vulg„
616 2181 719 2215 etiam
733 2181 813 2214 Jon.
825 2179 1073 2214 Sandb.Bask.

340 2239 476 2274 Bodon.
495 2240 616 2274 Camb.
649 2240 707 2273 cf.
730 2240 806 2273 Fea
825 2237 870 2271 ad
886 2237 962 2271 Sat.
980 2235 1021 2279 2,
1039 2235 1072 2279 5,

340 2297 397 2332 76.
414 2316 460 2322 —
485 2301 519 2331 et
534 2297 717 2330 nebulone.
749 2295 819 2329 Ms.
843 2293 962 2332 Jaeck.
980 2294 1013 2328 6.
1026 2312 1072 2326 -.

340 2353 567 2397 Alcinoique,
599 2354 643 2386 In
676 2358 767 2387 cute.
822 2353 884 2386 Sic
908 2355 1072 2386 commate

340 2410 397 2444 vel
415 2410 482 2444 alio
499 2409 735 2454 distinguendi
749 2409 849 2453 signo
868 2409 976 2454 (Ven.
993 2408 1073 2442 479.

342 2466 399 2500 83.
418 2467 475 2500 86.
502 2466 606 2501 duob.
631 2466 782 2512 punctis,
807 2466 899 2499 Ven.
916 2466 997 2499 481.
1013 2465 1071 2498 92.

340 2521 438 2556 Flor.
464 2523 543 2558 482.
566 2523 666 2568 Lips.
685 2523 765 2556 498.
788 2523 884 2566 uno)
917 2521 1074 2555 incidunt

341 2578 420 2612 edd.
446 2579 524 2613 Ald.
549 2580 629 2614 501.
651 2579 706 2612 19.
730 2578 826 2612 Junt.
851 2577 930 2613 514.
963 2579 1072 2623 Cruq.

339 2634 429 2668 Min.
453 2634 501 2667 Η.
528 2633 651 2679 steph.
678 2635 788 2669 chab.
815 2635 920 2669 Torr-
945 2635 1072 2679 (quan-

341 2701 442 2735 quam
464 2697 610 2735 uterque
624 2691 661 2724 in
676 2691 906 2726 Commentar.
937 2691 1075 2725 Alcinoi

332 2747 476 2790 juvent.
504 2747 637 2791 jungit)
669 2748 751 2782 Bas.
778 2750 857 2784 580.
875 2748 919 2782 de
934 2748 1074 2782 Μαι-011.

342 2803 445 2838 Tart.
472 2804 583 2838 Gesn.
607 2805 686 2839 772.
725 2804 845 2839 Oberl.
878 2804 934 2848 (is
960 2804 1075 2838 deleta

341 2863 422 2904 post
445 2871 482 2893 v.
508 2861 698 2894 nebulones
724 2861 880 2905 virgula)
904 2861 1073 2906 Doering.

344 2916 466 2960 Camp.
503 2914 588 2958 (sed
610 2923 706 2951 recte
728 2918 852 2959 veruta,
887 2930 974 2954 nous
998 2930 1072 2954 res·

1808 597 1864 639 30

1135 775 1307 809 semblons
1331 774 1353 808 a
1381 784 1438 807 ces
1458 773 1580 817 jeunes
1612 769 1805 804 courtisans
1827 768 1862 803 d'

1133 831 1327 874 Alcinous).
1382 829 1588 864 Rectissime
1617 831 1728 861 autem
1759 825 1862 859 Lam-

1133 888 1235 922 binus
1259 888 1304 921 iis
1326 885 1540 930 obloquitur,
1576 883 1636 928 qui
1657 881 1863 925 Alcinoique

1132 956 1196 990 pro
1219 943 1442 978 Nominativo
1470 941 1617 983 habent,
1642 949 1746 983 quum
1768 937 1863 971 Alci÷

1133 1000 1262 1044 noique
1294 1000 1340 1033 sit
1371 998 1478 1044 patrii
1512 1006 1611 1030 casus
1645 999 1692 1028 et.
1705 1006 1778 1028 cum
1798 1006 1861 1028 no-

1133 1056 1224 1090 mine
1243 1058 1408 1102 juventus
1432 1054 1630 1088 cohaereat.
1676 1051 1864 1086 Praeterea

1135 1111 1303 1156 equidem,
1313 1111 1508 1155 Horatium,
1521 1110 1551 1143 si
1561 1109 1652 1143 illam
1665 1108 1861 1142 distinotio-

1133 1179 1210 1202 nem
1241 1169 1426 1210 voluisset,
1458 1171 1518 1200 aut
1550 1164 1752 1211 particulam
1795 1175 1863 1208 que

1134 1223 1334 1257 omissurum
1360 1227 1420 1256 aut
1439 1223 1476 1256 in
1501 1233 1577 1266 seq.
1602 1233 1706 1256 versu
1727 1221 1860 1266 positu-

1132 1291 1205 1314 rum
1229 1278 1350 1323 fuisse,
1373 1279 1478 1312 facile
1503 1277 1716 1312 crediderim.
1749 1277 1860 1311 Scho-

1131 1335 1252 1372 liastes
1284 1339 1399 1369 tamen
1430 1334 1578 1379 Cruquii
1607 1334 1862 1368 Nominativum

1132 1388 1272 1426 videtur
1325 1391 1550 1426 intellexisse.
1634 1389 1717 1424 Vid.
1771 1389 1864 1424 infra

1134 1449 1266 1483 Comm.
1291 1468 1339 1474 —
1368 1447 1609 1491 Alchinoique.
1649 1446 1736 1480 Mss.
1763 1446 1862 1483 Gott.

1133 1507 1167 1540 2.
1189 1511 1224 1540 et
1239 1505 1284 1540 al.
1316 1506 1534 1548 Alcionique.
1574 1503 1644 1537 Ed.
1668 1502 1766 1547 Lips.
1782 1502 1861 1537 492.

1132 1562 1346 1605 Antinoique
1367 1562 1404 1595 in
1434 1559 1634 1606 quibusdam
1658 1558 1862 1604 exemplari-

1131 1620 1196 1653 bus
1237 1618 1307 1663 legi
1349 1619 1398 1652 ait
1431 1616 1637 1658 Lambinus,
1679 1617 1775 1660 cujus
1809 1615 1864 1649 rei

1132 1675 1219 1708 fides
1255 1673 1348 1719 apud
1380 1678 1554 1708 auctorem
1587 1671 1646 1706 sit.
1700 1672 1863 1706 Ceterum

1131 1730 1291 1764 Praedic.
1324 1730 1424 1764 dist.:
1457 1729 1679 1774 Penelopae?
1718 1729 1863 1763 nebulo—

1131 1787 1220 1821 nes?
1244 1786 1510 1830 Alcinoique—
1525 1786 1729 1829 juventus?

1178 1843 1223 1877 V.
1250 1844 1308 1877 29.
1355 1848 1405 1877 est
1439 1848 1598 1888 operata.
1643 1842 1712 1876 Ms-
1741 1841 1807 1874 Bn.
1832 1840 1862 1875 f.

1132 1911 1290 1945 operosa.
1327 1899 1397 1933 Ms.
1421 1900 1556 1934 Bersm.
1579 1899 1646 1932 Bn.
1667 1898 1713 1932 D.
1741 1897 1862 1931 Guelf.

1131 1958 1166 1991 2.
1191 1968 1213 1991 a
1234 1958 1268 1991 2.
1292 1967 1337 1990 m.
1370 1957 1414 1989 In
1434 1962 1506 1990 cut.
1519 1957 1605 2000 plus
1622 1966 1674 1998 eq.
1691 1965 1768 1988 cur.
1791 1954 1862 1988 Ms.

1130 2012 1198 2046 Bn.
1223 2012 1268 2045 F.
1297 2031 1343 2043 ψ-
1371 2013 1418 2046 V.
1453 2014 1511 2048 30.
1563 2013 1743 2057 pulcrum.
1800 2010 1863 2045 Sic

1130 2069 1233 2102 Dess.
1259 2069 1315 2112 2.,
1340 2072 1379 2102 ut
1404 2080 1441 2102 v.
1466 2069 1501 2104 3.
1525 2088 1572 2094 ,-
1605 2069 1759 2112 diesque.
1791 2068 1861 2102 Ms-

1129 2125 1250 2158 Jaeck.
1267 2124 1301 2158 5.
1319 2125 1384 2158 Βη.
1401 2125 1448 2158 Ε.
1466 2125 1550 2169 dies,
1566 2131 1643 2160 aut.
1666 2126 1735 2159 Ed.
1751 2125 1860 2159 Prae-

1128 2182 1245 2216 dicov.
1290 2182 1344 2215 De
1360 2181 1414 2215 his
1441 2186 1477 2215 et
1499 2182 1628 2216 talibus
1650 2182 1860 2226 monosylla-

1127 2238 1182 2272 bis
1205 2238 1243 2272 in
1269 2243 1421 2272 extremo
1446 2239 1690 2283 versupositis
1711 2239 1861 2286 diligen-

1126 2295 1260 2329 tissime
1277 2294 1437 2340 exposuit
1448 2294 1662 2329 Kirchnerus
1679 2295 1723 2329 ad
1733 2296 1858 2331 Horat.

1129 2351 1238 2386 Satir.
1256 2352 1288 2385 I.
1304 2363 1341 2396 p.
1358 2350 1490 2384 LXXI.
1517 2352 1551 2392 §-
1576 2352 1738 2393 50—54.
1786 2354 1860 2389 Sed

1127 2419 1197 2442 non
1221 2407 1367 2441 omnium
1391 2413 1443 2441 est
1468 2418 1536 2441 una
1553 2407 1741 2453 eademque
1767 2411 1859 2444 ratio

1127 2464 1226 2498 velut
1246 2464 1312 2498 hoc
1334 2464 1411 2497 loco
1439 2469 1474 2498 et
1498 2464 1616 2509 Epist.
1635 2467 1666 2510 1,
1686 2467 1717 2509 1,
1741 2468 1774 2502 8.
1800 2467 1860 2502 65.

1127 2522 1185 2555 70.
1210 2521 1289 2554 coll.
1316 2532 1352 2554 v.
1382 2521 1439 2555 26.
1472 2521 1549 2554 luto
1578 2533 1660 2561 sus‚·
1698 2522 1736 2556 id
1769 2523 1862 2568 quod

1127 2577 1218 2611 idem
1235 2578 1300 2611 Vir
1321 2577 1541 2611 doctissimus
1563 2578 1653 2611 bene
1677 2579 1859 2614 indicavit.

1129 2634 1188 2668 cf.
1206 2635 1254 2667 G.
1271 2635 1316 2668 F.
1335 2634 1474 2669 Grotef.
1493 2636 1558 2670 Gr.
1574 2636 1635 2670 lat.
1653 2637 1702 2670 Π.
1725 2639 1759 2678 S.
1781 2637 1859 2672 123.

1127 2692 1255 2736 Neque
1280 2691 1445 2725 absimilis
1471 2697 1526 2727 est
1548 2694 1638 2728 ratio
1661 2694 1805 2728 duorum
1821 2693 1859 2727 in

1127 2749 1199 2782 fine
1220 2747 1542 2793 monosyllaborum‚
1575 2754 1616 2784 ut
1642 2761 1678 2784 v.
1710 2750 1768 2785 34.
1800 2749 1858 2784 35.

1127 2805 1185 2838 37.
1202 2805 1258 2838 60.
1276 2804 1331 2839 65.
1377 2805 1489 2839 Multa
1514 2805 1616 2840 etiam
1639 2817 1683 2839 ex
1706 2805 1857 2840 Horatio

1129 2860 1268 2906 collegit
1292 2860 1475 2906 utriusque
1496 2862 1550 2896 rei
1582 2861 1736 2908 exempla
1758 2862 1855 2897 Mor·

1125 2922 1290 2964 genstern
1315 2918 1352 2952 in
1375 2918 1580 2954 Dissertatt.
1597 2920 1641 2954 de
1655 2919 1733 2954 Sat.
1749 2923 1857 2964 atque
